{"host":"1ycuxm9gov0tl9zf","time":1613604842,"event":{"mods":["Act Like it!","BaseMod","Colored Powertips","Downfall","Gensokyo","GifTheSpireLib","Hallownest","Marisa£®ÏF”Í°°ƒß¿Ì…≥£©","Minty Spire (QoL Compilation)","Remilia£®¿Ÿ√◊¿Ú—«£©","Replay The Spire","Shop Mod","StSLib","The Administrix","The Animator","The Bug Knight"],"gold_per_floor":[117,134,149,53,53,87,97,108,108,123,123,123,87,262,262,357,357,372,397,410,410,410],"floor_reached":21,"language":"ZHS","playtime":1916,"items_purged":[],"score":181,"play_id":"3bdf725f-fc42-46d8-bb4f-0f1979709a03","local_time":"20210218073402","is_ascension_mode":false,"campfire_choices":[{"floor":11,"key":"REST"},{"floor":15,"key":"RECALL"}],"circlet_count":0,"master_deck":["Strike_G","Strike_G","Strike_G","Strike_G","Strike_G","Defend_G","Defend_G","Defend_G","Defend_G","Defend_G","Survivor","Neutralize","Footwork","Dodge and Roll","Underhanded Strike","Backflip","Endless Agony+1","Noxious Fumes","Infinite Blades","Prepared","Acrobatics+1","Doubt","A Thousand Cuts","ReplayTheSpireMod:Scrap Shanks","Backflip+1","Underhanded Strike+1"],"relics":["Ring of the Snake","Blood Vial","Counterbalance","WristBlade","Red Mask"],"acts_visited":["Exordium","TheCity"],"potions_floor_usage":[6,8,8,18,18,19,19,20],"damage_taken":[{"damage":0,"enemies":"Cultist","floor":1,"turns":3},{"damage":0,"enemies":"Small Slimes","floor":2,"turns":4},{"damage":0,"enemies":"2 Louse","floor":3,"turns":5},{"damage":68,"enemies":"Gremlin Nob","floor":6,"turns":6},{"damage":5,"enemies":"Large Slime","floor":7,"turns":7},{"damage":0,"enemies":"Exordium Thugs","floor":8,"turns":3},{"damage":4,"enemies":"Exordium Wildlife","floor":10,"turns":5},{"damage":4,"enemies":"Hexaghost","floor":16,"turns":15},{"damage":28,"enemies":"2 Thieves","floor":18,"turns":5},{"damage":43,"enemies":"Masked Bandits","floor":19,"turns":5},{"damage":7,"enemies":"Shell Parasite","floor":20,"turns":6},{"damage":5,"enemies":"Snake Plant","floor":21,"turns":1}],"seed_played":"8590904191687397910","potions_obtained":[{"floor":2,"key":"Fire Potion"},{"floor":3,"key":"champ:CounterPotion"},{"floor":7,"key":"Fire Potion"},{"floor":16,"key":"EntropicBrew"},{"floor":19,"key":"Poison Potion"}],"is_trial":false,"path_per_floor":["M","M","M","$","?","E","M","M","T","M","R","?","$","?","R","B",null,"M","?","M","M"],"character_chosen":"THE_SILENT","items_purchased":["Backflip","Endless Agony","Acrobatics+1"],"campfire_rested":1,"item_purchase_floors":[4,4,13],"current_hp_per_floor":[77,77,77,77,77,9,6,8,8,6,29,29,29,29,29,27,77,49,8,3,0,0],"gold":410,"neow_bonus":"TEN_PERCENT_HP_BONUS","is_daily":false,"chose_seed":false,"campfire_upgraded":0,"win_rate":0.0,"timestamp":1613604842,"path_taken":["M","M","M","$","?","E","M","M","T","M","R","?","$","?","R","BOSS","M","?","M","M"],"items_purchased_type":["Card","Card","Card"],"build_version":"2020-12-22","purchased_purges":0,"victory":false,"max_hp_per_floor":[77,77,77,77,77,77,77,77,77,77,77,77,77,77,77,77,77,77,77,77,77,77],"card_choices":[{"not_picked":["Deadly Poison","ReplayTheSpireMod:Scrap Shanks"],"picked":"Footwork","floor":1},{"not_picked":["Slice","Toxin Wave"],"picked":"Dodge and Roll","floor":2},{"not_picked":["Hidden Blade","ReplayTheSpireMod:The Works"],"picked":"Underhanded Strike","floor":3},{"not_picked":["Backflip","Hidden Blade"],"picked":"Noxious Fumes","floor":6},{"not_picked":["Slice","PiercingWail"],"picked":"Infinite Blades","floor":7},{"not_picked":["Sucker Punch","PiercingWail"],"picked":"Prepared","floor":8},{"not_picked":["Infinite Blades","Outmaneuver","Masterful Stab"],"picked":"SKIP","floor":10},{"not_picked":["ReplayTheSpireMod:From All Sides","After Image"],"picked":"A Thousand Cuts","floor":16},{"not_picked":["Blade Dance+1","Outmaneuver"],"picked":"ReplayTheSpireMod:Scrap Shanks","floor":18},{"not_picked":["Poisoned Stab","Tactician"],"picked":"Backflip+1","floor":19},{"not_picked":["Outmaneuver","Blade Dance"],"picked":"Underhanded Strike+1","floor":20}],"player_experience":1751,"relics_obtained":[{"floor":6,"key":"Blood Vial"},{"floor":9,"key":"Counterbalance"},{"floor":19,"key":"Red Mask"}],"event_choices":[{"damage_healed":0,"gold_gain":0,"player_choice":"Leave","damage_taken":0,"max_hp_gain":0,"max_hp_loss":0,"event_name":"The Cleric","floor":12,"gold_loss":0},{"damage_healed":0,"gold_gain":175,"player_choice":"AGREE","damage_taken":0,"max_hp_gain":0,"max_hp_loss":0,"event_name":"Liars Game","floor":14,"gold_loss":0,"cards_obtained":["Doubt"]},{"damage_healed":0,"gold_gain":0,"player_choice":"Fought Bandits","damage_taken":0,"max_hp_gain":0,"max_hp_loss":0,"event_name":"Masked Bandits","floor":19,"gold_loss":0}],"is_beta":false,"boss_relics":[{"not_picked":["Sozu","Runic Dome"],"picked":"WristBlade"}],"items_purged_floors":[],"is_endless":false,"potions_floor_spawned":[2,3,7,16,19],"killed_by":"Snake Plant","ascension_level":0}}