{"host":"glqsg3p5q4u9u1ra","time":1613556302,"event":{"mods":["Act Like it!","Arknights","BaseMod","Better Third Choice","BetterRewards","Colored Map","Downfall","Friendly Minions","GifTheSpireLib","Hallownest","Highlight Path","Infinite Spire","Lobotomy","LobotomyExtend","Mimic Mod","Minty Spire (QoL Compilation)","Pale of the Ancients","Reliquary","Replay The Spire","Ruina","Spicy Shops","Spire Birthday Party","StSLib","The Blackbeard","The Blue Laboratory","The Bug Knight","The Exalted","The Servant 0.9.4","Wandering Minibosses"],"gold_per_floor":[111,111,31,49,49,64,64,104,104,104,157,157,157,157,171,7,7,127,127,127],"floor_reached":19,"language":"ENG","playtime":587,"items_purged":["Strike_S"],"score":179,"play_id":"c1f19925-7766-4181-b4db-bb0fa0a01d61","local_time":"20210217020502","is_ascension_mode":true,"campfire_choices":[{"data":"SilverBlades","floor":12,"key":"SMITH"},{"floor":14,"key":"RECALL"},{"floor":17,"key":"DIG"}],"circlet_count":0,"master_deck":["Strike_S","Strike_S","Strike_S","Defend_S","Defend_S","Defend_S","Defend_S","KidneyShot","Exchange","Rearm","SilverBlades+1","Ricochet","Ricochet","DancingSilver","FanOfKnives","Revamp","BottledTime+1","Initiator","Hallucinations","Clumsy"],"relics":["Uniform","LetterFromLob","Golden Idol","Omamori","ReplayTheSpireMod:TigerMarble","Membership Card","ReplayTheSpireMod:Ninjato","Replay:Ancient Bell","Oddly Smooth Stone","Replay:Bottled Steam","Torii"],"acts_visited":["Exordium","TheCity"],"potions_floor_usage":[4,8],"damage_taken":[{"damage":2,"enemies":"ats:Genji","floor":1,"turns":4},{"damage":14,"enemies":"Small Slimes","floor":4,"turns":7},{"damage":0,"enemies":"infinitespire:Voidling","floor":6,"turns":3},{"damage":12,"enemies":"3 Sentries","floor":8,"turns":5},{"damage":6,"enemies":"3 Louse","floor":15,"turns":5},{"damage":34,"enemies":"Slime Boss","floor":18,"turns":8}],"seed_played":"-8411677746518692932","potions_obtained":[{"floor":0,"key":"Venom Potion"},{"floor":0,"key":"Elixir"},{"floor":0,"key":"FairyPotion"},{"floor":1,"key":"blueLaboratory:FrostheartPotion"},{"floor":18,"key":"Dexterity Potion"}],"is_trial":false,"path_per_floor":["M","?","$","M","?","M","?","E","PTL","PTL","T","R","?","R","M","$","R_BF","B",null],"character_chosen":"THE_SERVANT","items_purchased":["SilverBlades","Membership Card","Revamp","BottledTime+1"],"campfire_rested":0,"item_purchase_floors":[3,16,16,16],"current_hp_per_floor":[63,60,60,46,39,39,47,35,35,35,35,35,35,35,29,29,29,18,60,60],"gold":127,"neow_bonus":"THREE_SMALL_POTIONS","is_daily":false,"chose_seed":false,"campfire_upgraded":1,"win_rate":0.0,"timestamp":1613556302,"path_taken":["M","?","$","M","?","M","?","E","PTL","PTL","T","R","?","R","M","?","R_BF","BOSS"],"items_purchased_type":["Card","Relic","Card","Card"],"build_version":"2020-12-22","purchased_purges":1,"victory":false,"max_hp_per_floor":[65,60,60,60,60,60,60,60,60,60,60,60,60,60,60,60,60,60,60,60],"card_choices":[{"not_picked":["Alleviate","Contraction"],"picked":"Rearm","floor":1},{"not_picked":["Rearm","Defy"],"picked":"Ricochet","floor":4},{"not_picked":["Spin","Sabotage"],"picked":"Ricochet","floor":6},{"not_picked":["Alleviate","TimeTheft"],"picked":"DancingSilver","floor":8},{"not_picked":["Ricochet","GearUp"],"picked":"FanOfKnives","floor":15},{"not_picked":["TrueSight","Duplication"],"picked":"Initiator","floor":18},{"not_picked":["Pain","Decay"],"picked":"Spreading Infection","floor":19},{"not_picked":["Amnesia","ReplayTheSpireMod:Doomed"],"picked":"Hallucinations","floor":19},{"not_picked":["Injury","Shame"],"picked":"Clumsy","floor":19}],"player_experience":1226418,"relics_obtained":[{"floor":1,"key":"LetterFromLob"},{"floor":13,"key":"ReplayTheSpireMod:TigerMarble"},{"floor":17,"key":"ReplayTheSpireMod:Ninjato"}],"event_choices":[{"damage_healed":0,"gold_gain":0,"player_choice":"Lose Max HP","damage_taken":0,"relics_obtained":["Golden Idol"],"max_hp_gain":0,"max_hp_loss":5,"event_name":"Golden Idol","floor":2,"gold_loss":0},{"damage_healed":0,"gold_gain":0,"player_choice":"Relic ","damage_taken":7,"max_hp_gain":0,"max_hp_loss":0,"event_name":"betterThird:BetterScrap","floor":5,"gold_loss":0,"cards_obtained":["Wraith Form v2"]}],"is_beta":false,"boss_relics":[{"not_picked":["Honey Jar","Ectoplasm"],"picked":"Replay:Ancient Bell"},{"not_picked":["Toy Ornithopter","Bromod:ArcaneTempo"],"picked":"Oddly Smooth Stone"},{"not_picked":["Replay:Bottled Eggs","Quantum Egg"],"picked":"Replay:Bottled Steam"},{"not_picked":["Shovel","Bromod:ArcaneAegis"],"picked":"Torii"}],"items_purged_floors":[16],"is_endless":false,"potions_floor_spawned":[1,18],"ascension_level":2}}