{"host":"vex7walpoxzv48nx","time":1613591163,"event":{"mods":["AchievementEnabler","BaseMod","Highlight Path","Minty Spire (QoL Compilation)","Permanent Neow","Quick Restart","StSLib","UnlockEverythingMod"],"gold_per_floor":[114,124,142,154,5,5,15,15,15,43,61,84,141,141,141,240,240,251,251,267,281,281,281,310,310,334,41,59,72,72,72,72,169,169,186,202,218,218,218],"floor_reached":38,"language":"ENG","playtime":3717,"items_purged":[],"score":498,"play_id":"93605a09-86f1-41dd-9734-b598f56961cb","local_time":"20210217204603","is_ascension_mode":false,"campfire_choices":[{"data":"Consecrate","floor":6.0,"key":"SMITH"},{"data":"TalkToTheHand","floor":8.0,"key":"SMITH"},{"data":"ThirdEye","floor":15.0,"key":"SMITH"},{"data":"Wallop","floor":23.0,"key":"SMITH"},{"data":"BattleHymn","floor":25.0,"key":"SMITH"},{"data":"Nirvana","floor":30.0,"key":"SMITH"},{"data":"Wireheading","floor":32.0,"key":"SMITH"}],"circlet_count":0,"master_deck":["Eruption","Vigilance","TalkToTheHand+1","FearNoEvil","Consecrate+1","ThirdEye+1","BattleHymn+1","JustLucky","Collect","Ragnarok","DevaForm","Halt+1","RitualDagger","Crescendo+1","Wallop+1","Wireheading+1","Vault","SashWhip+1","Nirvana+1","SpiritShield","CurseOfTheBell","DeceiveReality+1","Sanctity+1","CutThroughFate+1"],"relics":["PureWater","Ice Cream","Lantern","Matryoshka","Blue Candle","Odd Mushroom","Eternal Feather","Pandora\u0027s Box","Molten Egg 2","Dream Catcher","Orichalcum","Vajra","Calling Bell","Strawberry","Darkstone Periapt","CloakClasp"],"acts_visited":["Exordium","TheCity","TheBeyond"],"potions_floor_usage":[],"damage_taken":[{"damage":0.0,"enemies":"Small Slimes","floor":1.0,"turns":2.0},{"damage":0.0,"enemies":"Cultist","floor":2.0,"turns":3.0},{"damage":11.0,"enemies":"Jaw Worm","floor":3.0,"turns":2.0},{"damage":14.0,"enemies":"Gremlin Gang","floor":4.0,"turns":4.0},{"damage":0.0,"enemies":"2 Fungi Beasts","floor":7.0,"turns":2.0},{"damage":0.0,"enemies":"Lagavulin","floor":10.0,"turns":6.0},{"damage":0.0,"enemies":"Exordium Thugs","floor":11.0,"turns":2.0},{"damage":1.0,"enemies":"The Mushroom Lair","floor":12.0,"turns":2.0},{"damage":11.0,"enemies":"3 Sentries","floor":13.0,"turns":5.0},{"damage":0.0,"enemies":"Slime Boss","floor":16.0,"turns":4.0},{"damage":11.0,"enemies":"Spheric Guardian","floor":18.0,"turns":3.0},{"damage":0.0,"enemies":"2 Thieves","floor":20.0,"turns":3.0},{"damage":0.0,"enemies":"Centurion and Healer","floor":21.0,"turns":3.0},{"damage":0.0,"enemies":"Book of Stabbing","floor":24.0,"turns":3.0},{"damage":0.0,"enemies":"3 Cultists","floor":28.0,"turns":4.0},{"damage":0.0,"enemies":"Snake Plant","floor":29.0,"turns":3.0},{"damage":3.0,"enemies":"Champ","floor":33.0,"turns":8.0},{"damage":25.0,"enemies":"3 Darklings","floor":35.0,"turns":4.0},{"damage":0.0,"enemies":"3 Shapes","floor":36.0,"turns":4.0},{"damage":17.0,"enemies":"Spire Growth","floor":37.0,"turns":5.0},{"damage":0,"enemies":"Sphere and 2 Shapes","floor":38,"turns":3}],"seed_played":"-5723390705192712061","potions_obtained":[{"floor":1.0,"key":"EssenceOfSteel"},{"floor":10.0,"key":"Swift Potion"},{"floor":12.0,"key":"CultistPotion"},{"floor":13.0,"key":"Energy Potion"},{"floor":16.0,"key":"Regen Potion"},{"floor":24.0,"key":"FearPotion"},{"floor":36.0,"key":"SpeedPotion"}],"is_trial":false,"path_per_floor":["M","M","M","M","$","R","M","R","T","E","M","?","?","?","R","B",null,"M","?","M","M","?","R","E","R","T","$","M","M","R","?","R","B",null,"M","M","M","M"],"character_chosen":"WATCHER","items_purchased":["Lantern","Vault","Vajra"],"campfire_rested":0,"item_purchase_floors":[5,27,27],"current_hp_per_floor":[65,65,54,40,40,40,40,40,40,40,40,39,28,28,37,37,65,54,48,48,57,57,65,65,65,65,65,65,65,65,65,65,62,72,47,47,30,30,30],"gold":218,"neow_bonus":"ONE_RARE_RELIC","is_daily":false,"chose_seed":false,"campfire_upgraded":7,"win_rate":0.0,"timestamp":1613591163,"path_taken":["M","M","M","M","$","R","M","R","T","E","M","?","?","?","R","BOSS","M","?","M","M","?","R","E","R","T","$","M","M","R","?","R","BOSS","M","?","M","M"],"items_purchased_type":["Relic","Card","Relic"],"build_version":"2020-12-22","purchased_purges":0,"victory":false,"max_hp_per_floor":[65,65,65,65,65,65,65,65,65,65,65,65,65,65,65,65,65,65,65,65,65,65,65,65,65,65,65,65,65,65,65,65,65,72,72,72,72,72,72],"card_choices":[{"not_picked":["PathToVictory","CrushJoints"],"picked":"TalkToTheHand","floor":1.0},{"not_picked":["Evaluate","Sanctity"],"picked":"FearNoEvil","floor":2.0},{"not_picked":["Crescendo","CrushJoints","ThirdEye"],"picked":"SKIP","floor":3.0},{"not_picked":["InnerPeace","JustLucky"],"picked":"Consecrate","floor":4.0},{"not_picked":["Consecrate","FearNoEvil"],"picked":"ThirdEye","floor":7.0},{"not_picked":["SandsOfTime","PathToVictory"],"picked":"BattleHymn","floor":10.0},{"not_picked":["FearNoEvil","CrushJoints"],"picked":"JustLucky","floor":11.0},{"not_picked":["FollowUp","SignatureMove"],"picked":"Collect","floor":12.0},{"not_picked":["BattleHymn","Wireheading"],"picked":"Ragnarok","floor":13.0},{"not_picked":["SpiritShield","Judgement"],"picked":"DevaForm","floor":16.0},{"not_picked":["Crescendo","ThirdEye"],"picked":"Halt+1","floor":18.0},{"not_picked":["BowlingBash","DeceiveReality"],"picked":"Crescendo+1","floor":20.0},{"not_picked":["Crescendo","FlurryOfBlows"],"picked":"Wallop","floor":21.0},{"not_picked":["ThirdEye","Collect"],"picked":"Wireheading","floor":24.0},{"not_picked":["FollowUp+1","Judgement"],"picked":"SashWhip+1","floor":28.0},{"not_picked":["Tantrum+1","CutThroughFate+1"],"picked":"Nirvana","floor":29.0},{"not_picked":["Devotion","Judgement"],"picked":"SpiritShield","floor":33.0},{"not_picked":["FlyingSleeves+1","CrushJoints+1"],"picked":"DeceiveReality+1","floor":35.0},{"not_picked":["PathToVictory+1","InnerPeace"],"picked":"Sanctity+1","floor":36.0},{"not_picked":["Swivel","EmptyFist+1"],"picked":"CutThroughFate+1","floor":37.0}],"player_experience":192028,"relics_obtained":[{"floor":9.0,"key":"Matryoshka"},{"floor":10.0,"key":"Blue Candle"},{"floor":12.0,"key":"Odd Mushroom"},{"floor":13.0,"key":"Eternal Feather"},{"floor":24.0,"key":"Dream Catcher"},{"floor":26.0,"key":"Orichalcum"},{"floor":34.0,"key":"Strawberry"},{"floor":34.0,"key":"Darkstone Periapt"},{"floor":34.0,"key":"CloakClasp"}],"event_choices":[{"damage_healed":0.0,"max_hp_gain":0.0,"max_hp_loss":0.0,"gold_gain":0.0,"event_name":"Mushrooms","player_choice":"Fought Mushrooms","floor":12.0,"gold_loss":0.0,"damage_taken":0.0},{"damage_healed":0.0,"max_hp_gain":0.0,"max_hp_loss":0.0,"gold_gain":0.0,"event_name":"Dead Adventurer","player_choice":"Searched \u00271\u0027 times","floor":13.0,"gold_loss":0.0,"damage_taken":0.0},{"damage_healed":0.0,"max_hp_gain":0.0,"max_hp_loss":0.0,"gold_gain":0.0,"event_name":"Liars Game","player_choice":"Ignored","floor":14.0,"gold_loss":0.0,"damage_taken":0.0},{"damage_healed":0.0,"max_hp_gain":0.0,"max_hp_loss":0.0,"gold_gain":0.0,"event_name":"Nest","player_choice":"Joined the Cult","floor":19.0,"gold_loss":0.0,"damage_taken":6.0,"cards_obtained":["RitualDagger"]},{"damage_healed":0.0,"max_hp_gain":0.0,"max_hp_loss":0.0,"gold_gain":0.0,"event_name":"The Mausoleum","player_choice":"Opened","floor":22.0,"gold_loss":0.0,"damage_taken":0.0,"relics_obtained":["Molten Egg 2"]},{"damage_healed":0.0,"max_hp_gain":0.0,"max_hp_loss":0.0,"gold_gain":0.0,"event_name":"Lab","player_choice":"Got Potions","floor":31.0,"gold_loss":0.0,"damage_taken":0.0}],"is_beta":false,"boss_relics":[{"not_picked":["Runic Dome","Coffee Dripper"],"picked":"Pandora\u0027s Box"},{"not_picked":["Cursed Key","Fusion Hammer"],"picked":"Calling Bell"}],"items_purged_floors":[],"is_endless":false,"potions_floor_spawned":[1,10,12,13,16,24,28,36],"killed_by":"Sphere and 2 Shapes","ascension_level":0}}