{"host":"0mk07bycsqo1qk03","time":1613549521,"event":{"mods":["BaseMod","Downfall","Hermit","Hubris","Minty Spire (QoL Compilation)","Reliquary","Replay The Spire","StSLib"],"gold_per_floor":[111,111,111,111,129,140,171,193,205,217,229,241,271,295,307,319,319],"floor_reached":16,"language":"ENG","playtime":499,"items_purged":[],"score":184,"play_id":"58da6d52-ed81-433b-b09d-6d089cb48c2e","local_time":"20210217091201","is_ascension_mode":true,"campfire_choices":[{"data":"Bullet Time","floor":11,"key":"SMITH"},{"floor":15,"key":"DIG"}],"circlet_count":0,"master_deck":["AscendersBane","Strike_G","Strike_G","Strike_G","Strike_G","Strike_G","Defend_G","Defend_G","Defend_G","Defend_G","Defend_G","Neutralize","Panacea","Masterful Stab+1","m_Survivalism","Backflip","Acrobatics","Bullet Time+1","Backflip","Cloak And Dagger","All Out Attack","Pot Of Greed","Pot Of Greed"],"relics":["Ring of the Snake","hubris:Towel","MawBank","Regal Pillow","Grinning Jar"],"acts_visited":["Exordium"],"potions_floor_usage":[7,8],"damage_taken":[{"damage":6,"enemies":"Jaw Worm","floor":1,"turns":6},{"damage":0,"enemies":"2 Louse","floor":5,"turns":3},{"damage":0,"enemies":"Cultist","floor":6,"turns":4},{"damage":22,"enemies":"Gremlin Nob","floor":7,"turns":5},{"damage":1,"enemies":"Lots of Slimes","floor":8,"turns":4},{"damage":0,"enemies":"Blue Slaver","floor":13,"turns":5},{"damage":0,"enemies":"2 Fungi Beasts","floor":14,"turns":5},{"damage":35,"enemies":"Slime Boss","floor":16,"turns":8}],"seed_played":"-5423187085006364183","potions_obtained":[{"floor":6,"key":"Fire Potion"},{"floor":7,"key":"AttackPotion"},{"floor":14,"key":"Energy Potion"}],"is_trial":false,"path_per_floor":["M","?","?","?","M","M","E","M","T","$","R","$","M","M","R","B"],"character_chosen":"THE_SILENT","items_purchased":[],"campfire_rested":0,"item_purchase_floors":[],"current_hp_per_floor":[53,53,53,53,53,53,31,30,30,30,30,30,30,30,30,0,0],"gold":319,"neow_bonus":"RANDOM_COLORLESS","is_daily":false,"chose_seed":false,"campfire_upgraded":1,"win_rate":0.0,"timestamp":1613549521,"path_taken":["M","?","?","?","?","M","E","M","T","$","R","?","M","M","R","BOSS"],"items_purchased_type":[],"build_version":"2020-12-22","purchased_purges":0,"victory":false,"max_hp_per_floor":[66,66,66,66,66,66,66,66,66,66,66,66,66,66,66,66,66],"card_choices":[{"not_picked":["hubris:Insight","Madness"],"picked":"Panacea","floor":0},{"not_picked":["Toxin Wave","Slice"],"picked":"Masterful Stab","floor":1},{"not_picked":["Sucker Punch","Bane"],"picked":"Backflip","floor":5},{"not_picked":["Dagger Throw","hubris:SlightOfHand"],"picked":"Acrobatics","floor":6},{"not_picked":["Dagger Spray","Prepared"],"picked":"Bullet Time","floor":7},{"not_picked":["Poisoned Stab","Replay:Poison Smokescreen"],"picked":"Backflip","floor":8},{"not_picked":["hubris:TrickCloak","Slice"],"picked":"Cloak And Dagger","floor":13},{"not_picked":["Accuracy","ReplayTheSpireMod:Necrosis"],"picked":"All Out Attack","floor":14}],"player_experience":1047579,"relics_obtained":[{"floor":7,"key":"MawBank"},{"floor":9,"key":"Regal Pillow"},{"floor":15,"key":"Grinning Jar"}],"event_choices":[{"damage_healed":0,"gold_gain":0,"player_choice":"Upgraded","damage_taken":0,"max_hp_gain":0,"max_hp_loss":0,"event_name":"Upgrade Shrine","floor":4,"gold_loss":0,"cards_upgraded":["Masterful Stab"]}],"is_beta":false,"boss_relics":[],"items_purged_floors":[],"is_endless":false,"potions_floor_spawned":[6,7,14],"killed_by":"Slime Boss","ascension_level":16}}