{"host":"jx3f6ezc0g3s9edc","time":1613521942,"event":{"mods":["AchievementEnabler","BaseMod","Bestiary","Colored Map","Highlight Path","Minty Spire (QoL Compilation)","StSLib"],"gold_per_floor":[109,109,284,298,127,153,153,180,180,191,191,202,202,202,202,307,307,321,332,180,180,180],"floor_reached":21,"language":"ENG","playtime":1162,"items_purged":["Doubt","Strike_B"],"score":297,"play_id":"4cbd9aba-6783-4908-8961-1a0e6d6c19b9","local_time":"20210216193222","is_ascension_mode":true,"campfire_choices":[{"data":"Redo","floor":7.0,"key":"SMITH"},{"data":"Consume","floor":11.0,"key":"SMITH"},{"data":"Beam Cell","floor":13.0,"key":"SMITH"},{"data":"Dualcast","floor":15.0,"key":"SMITH"}],"circlet_count":0,"master_deck":["Strike_B","Strike_B","Defend_B","Defend_B","Defend_B","Defend_B","Zap","Dualcast+1","Ball Lightning","Beam Cell+1","Doom and Gloom","Redo+1","Capacitor","Consume+1","Conserve Battery","Reinforced Body","Meteor Strike","Multi-Cast","Ball Lightning+1","Fusion","Coolheaded"],"relics":["Cracked Core","NeowsBlessing","Mercury Hourglass","DataDisk","Cables","TungstenRod","Inserter"],"acts_visited":["Exordium","TheCity"],"potions_floor_usage":[],"damage_taken":[{"damage":0.0,"enemies":"Cultist","floor":1.0,"turns":1.0},{"damage":0.0,"enemies":"Jaw Worm","floor":4.0,"turns":1.0},{"damage":0.0,"enemies":"3 Sentries","floor":6.0,"turns":1.0},{"damage":12.0,"enemies":"Gremlin Nob","floor":8.0,"turns":3.0},{"damage":5.0,"enemies":"2 Louse","floor":10.0,"turns":2.0},{"damage":5.0,"enemies":"Blue Slaver","floor":12.0,"turns":2.0},{"damage":26.0,"enemies":"The Guardian","floor":16.0,"turns":6.0},{"damage":19,"enemies":"2 Thieves","floor":18,"turns":3},{"damage":8,"enemies":"Shell Parasite","floor":19,"turns":3},{"damage":42,"enemies":"Cultist and Chosen","floor":21,"turns":4}],"seed_played":"142780827296899478","potions_obtained":[{"floor":4.0,"key":"EssenceOfDarkness"},{"floor":8.0,"key":"AttackPotion"}],"is_trial":false,"path_per_floor":["M","T","?","M","$","E","R","E","T","M","R","M","R","?","R","B",null,"M","M","$","M"],"character_chosen":"DEFECT","items_purchased":["Doom and Gloom","Redo","Coolheaded"],"campfire_rested":0,"item_purchase_floors":[5,5,20],"current_hp_per_floor":[68,68,68,68,68,68,68,56,56,51,51,46,46,46,46,20,61,42,34,34,0,0],"gold":180,"neow_bonus":"THREE_ENEMY_KILL","is_daily":false,"chose_seed":false,"campfire_upgraded":4,"win_rate":0.0,"timestamp":1613521942,"path_taken":["M","?","?","M","$","E","R","E","T","M","R","M","R","?","R","BOSS","M","M","$","M"],"items_purchased_type":["Card","Card","Card"],"build_version":"2020-12-22","purchased_purges":2,"victory":false,"max_hp_per_floor":[75,75,75,75,75,75,75,75,75,75,75,75,75,75,75,75,75,75,75,75,75,75],"card_choices":[{"not_picked":["Beam Cell","Steam"],"picked":"Ball Lightning","floor":1.0},{"not_picked":["Barrage","Stack"],"picked":"Beam Cell","floor":4.0},{"not_picked":["Compile Driver","Genetic Algorithm"],"picked":"Capacitor","floor":6.0},{"not_picked":["Static Discharge","Buffer"],"picked":"Consume","floor":8.0},{"not_picked":["Reprogram","Gash"],"picked":"Conserve Battery","floor":10.0},{"not_picked":["Go for the Eyes","Chill"],"picked":"Reinforced Body","floor":12.0},{"not_picked":["Rainbow","Hyperbeam"],"picked":"Multi-Cast","floor":16.0},{"not_picked":["Go for the Eyes","Compile Driver+1"],"picked":"Ball Lightning+1","floor":18},{"not_picked":["Gash","Rebound"],"picked":"Fusion","floor":19}],"player_experience":875694,"relics_obtained":[{"floor":2.0,"key":"Mercury Hourglass"},{"floor":6.0,"key":"DataDisk"},{"floor":8.0,"key":"Cables"},{"floor":9.0,"key":"TungstenRod"}],"event_choices":[{"damage_healed":0.0,"max_hp_gain":0.0,"max_hp_loss":0.0,"gold_gain":175.0,"event_name":"Liars Game","player_choice":"AGREE","floor":3.0,"gold_loss":0.0,"damage_taken":0.0,"cards_obtained":["Doubt"]},{"damage_healed":0.0,"max_hp_gain":0.0,"max_hp_loss":0.0,"gold_gain":0.0,"cards_transformed":["Strike_B"],"event_name":"Living Wall","player_choice":"Change","floor":14.0,"gold_loss":0.0,"damage_taken":0.0,"cards_obtained":["Meteor Strike"]}],"is_beta":false,"boss_relics":[{"not_picked":["Pandora\u0027s Box","Black Star"],"picked":"Inserter"}],"items_purged_floors":[5,20],"is_endless":false,"potions_floor_spawned":[4,8],"killed_by":"Cultist and Chosen","ascension_level":8}}