{"host":"en4narc5947t7k9n","time":1613548270,"event":{"mods":["AchievementEnabler","BaseMod","Colored Map","Minty Spire (QoL Compilation)","SuperFastMode"],"gold_per_floor":[119,119,51,70,70,70,33,68,68,41,52,65,83,95,95,196,196,210,210,222,232,157,157,171,171,171,183,195,51,51,68,68,167,217,229,229,229,85,104,104,119,119,119,144,144,144,144,155,155,155,155],"floor_reached":50,"language":"KOR","playtime":2637,"items_purged":["Defend_G"],"score":524,"play_id":"b73f9bad-ee24-4cbe-a541-55d4246fb58e","local_time":"20210217165110","is_ascension_mode":false,"campfire_choices":[{"data":"Calculated Gamble","floor":6,"key":"SMITH"},{"data":"Blade Dance","floor":15,"key":"SMITH"},{"data":"Blade Dance","floor":23,"key":"SMITH"},{"data":"Distraction","floor":25,"key":"SMITH"},{"data":"Infinite Blades","floor":32,"key":"SMITH"},{"data":"Die Die Die","floor":40,"key":"SMITH"},{"data":"Night Terror","floor":42,"key":"SMITH"},{"data":"Adrenaline","floor":45,"key":"SMITH"},{"data":"Madness","floor":49,"key":"SMITH"}],"circlet_count":0,"master_deck":["Strike_G","Strike_G","Defend_G","Defend_G","Defend_G","Defend_G","Survivor","Neutralize","Backstab","Calculated Gamble+1","Acrobatics","Iron Wave","Crippling Poison","Phantasmal Killer","Acrobatics","Quick Slash+1","Blade Dance+1","Flechettes","Noxious Fumes","Adrenaline+1","Underhanded Strike+1","Blade Dance+1","Blade Dance+1","Backflip+1","Distraction+1","Unload","Infinite Blades+1","Writhe","Backstab","Night Terror+1","Deflect","Slice+1","Madness","Madness+1","Die Die Die+1","Dagger Spray+1","Prepared+1","Sadistic Nature","Panache","Swift Strike"],"relics":["Ring of the Snake","NeowsBlessing","Pocketwatch","Question Card","WristBlade","Juzu Bracelet","Bag of Preparation","Pen Nib","Tiny House","Bronze Scales","Sundial"],"acts_visited":["Exordium","TheCity","TheBeyond"],"potions_floor_usage":[14,16,16,27,33,35,44,48,50],"damage_taken":[{"damage":0,"enemies":"Cultist","floor":1,"turns":1},{"damage":0,"enemies":"2 Louse","floor":4,"turns":1},{"damage":0,"enemies":"3 Sentries","floor":8,"turns":2},{"damage":0,"enemies":"Small Slimes","floor":11,"turns":2},{"damage":9,"enemies":"Exordium Thugs","floor":12,"turns":5},{"damage":8,"enemies":"Blue Slaver","floor":13,"turns":6},{"damage":11,"enemies":"Large Slime","floor":14,"turns":4},{"damage":31,"enemies":"The Guardian","floor":16,"turns":9},{"damage":12,"enemies":"3 Byrds","floor":18,"turns":5},{"damage":0,"enemies":"Spheric Guardian","floor":20,"turns":2},{"damage":0,"enemies":"Chosen and Byrds","floor":21,"turns":4},{"damage":8,"enemies":"3 Cultists","floor":24,"turns":3},{"damage":10,"enemies":"Snake Plant","floor":27,"turns":2},{"damage":0,"enemies":"Chosen and Byrds","floor":28,"turns":2},{"damage":8,"enemies":"3 Cultists","floor":31,"turns":3},{"damage":31,"enemies":"Automaton","floor":33,"turns":5},{"damage":11,"enemies":"3 Darklings","floor":35,"turns":4},{"damage":6,"enemies":"Orb Walker","floor":39,"turns":2},{"damage":11,"enemies":"Jaw Worm Horde","floor":41,"turns":3},{"damage":1,"enemies":"Nemesis","floor":44,"turns":3},{"damage":16,"enemies":"Sphere and 2 Shapes","floor":48,"turns":3},{"damage":50,"enemies":"Time Eater","floor":50,"turns":3}],"seed_played":"8629506772394534883","potions_obtained":[{"floor":1,"key":"Weak Potion"},{"floor":12,"key":"AttackPotion"},{"floor":13,"key":"Explosive Potion"},{"floor":14,"key":"SpeedPotion"},{"floor":24,"key":"Swift Potion"},{"floor":28,"key":"Swift Potion"},{"floor":31,"key":"AttackPotion"},{"floor":34,"key":"DistilledChaos"},{"floor":39,"key":"LiquidBronze"},{"floor":44,"key":"Energy Potion"}],"is_trial":false,"path_per_floor":["M","?","$","M","?","R","$","E","T","$","M","M","M","M","R","B",null,"M","?","M","M","?","R","M","R","T","M","M","$","?","M","R","B",null,"M","?","?","$","M","R","M","R","T","E","R","?","?","M","R","B"],"character_chosen":"THE_SILENT","items_purchased":["Calculated Gamble","Crippling Poison","Acrobatics","Bag of Preparation","Die Die Die"],"campfire_rested":0,"item_purchase_floors":[3,7,10,29,38],"current_hp_per_floor":[70,70,70,70,70,70,70,70,70,70,70,61,53,42,42,11,70,58,58,58,58,58,58,50,50,50,40,40,40,40,32,32,1,75,64,55,55,55,49,49,38,38,38,37,37,66,56,40,40,0,0],"gold":155,"neow_bonus":"THREE_ENEMY_KILL","is_daily":false,"chose_seed":false,"campfire_upgraded":9,"win_rate":0.0,"timestamp":1613548270,"path_taken":["M","?","$","?","?","R","$","E","T","$","M","M","?","M","R","BOSS","M","?","?","M","?","R","M","R","T","M","M","$","?","M","R","BOSS","M","?","?","$","M","R","M","R","T","E","R","?","?","M","R","BOSS"],"items_purchased_type":["Card","Card","Card","Relic","Card"],"build_version":"2020-12-22","purchased_purges":1,"victory":false,"max_hp_per_floor":[70,70,70,70,70,70,70,70,70,70,70,70,70,70,70,70,70,70,70,70,70,70,70,70,70,70,70,70,70,70,70,70,70,75,75,75,75,75,75,75,75,75,75,75,75,66,66,66,66,66,66],"card_choices":[{"not_picked":["Distraction","PiercingWail"],"picked":"Backstab","floor":1},{"not_picked":["Predator","Outmaneuver"],"picked":"Acrobatics","floor":4},{"not_picked":["Flechettes","Riddle With Holes"],"picked":"Phantasmal Killer","floor":8},{"not_picked":["Crippling Poison","Outmaneuver","Dodge and Roll"],"picked":"Quick Slash","floor":11},{"not_picked":["Predator","Backflip","Prepared"],"picked":"Blade Dance","floor":12},{"not_picked":["Acrobatics","Expertise","Sucker Punch"],"picked":"Flechettes","floor":13},{"not_picked":["Backflip","Caltrops","Venomology"],"picked":"Noxious Fumes","floor":14},{"not_picked":["Malaise","Die Die Die","Burst"],"picked":"Adrenaline","floor":16},{"not_picked":["Expertise+1","Dagger Spray","Dodge and Roll"],"picked":"Underhanded Strike+1","floor":18},{"not_picked":["Flying Knee","Sucker Punch","Acrobatics+1"],"picked":"Blade Dance","floor":20},{"not_picked":["Underhanded Strike","Calculated Gamble","PiercingWail"],"picked":"Backflip+1","floor":21},{"not_picked":["Skewer","Eviscerate+1","Sucker Punch"],"picked":"Distraction","floor":24},{"not_picked":["Backflip","Flying Knee","Dagger Throw"],"picked":"Unload","floor":27},{"not_picked":["Masterful Stab+1","Acrobatics+1","Doppelganger"],"picked":"Infinite Blades","floor":28},{"not_picked":["Dodge and Roll","Distraction","Poisoned Stab"],"picked":"Backstab","floor":31},{"not_picked":["Unload","Glass Knife","Phantasmal Killer"],"picked":"Night Terror","floor":33},{"not_picked":["Finisher","Deadly Poison","Poisoned Stab"],"picked":"Deflect","floor":34},{"not_picked":["Backstab","Blur+1","Distraction"],"picked":"Slice+1","floor":35},{"not_picked":["Finisher","Distraction","Deadly Poison"],"picked":"Dagger Spray+1","floor":39},{"not_picked":["Flying Knee+1","Backflip","Masterful Stab"],"picked":"Prepared+1","floor":41},{"not_picked":["Flying Knee+1","Crippling Poison","Sucker Punch","Blade Dance"],"picked":"SKIP","floor":44},{"not_picked":["Panacea","Deep Breath","Jack Of All Trades"],"picked":"Sadistic Nature","floor":47},{"not_picked":["Dark Shackles","Flash of Steel","Trip"],"picked":"Panache","floor":47},{"not_picked":["Trip","Secret Technique","Good Instincts"],"picked":"Swift Strike","floor":47},{"not_picked":["Sucker Punch","Poisoned Stab+1","Masterful Stab","Deflect"],"picked":"SKIP","floor":48}],"player_experience":32160,"relics_obtained":[{"floor":8,"key":"Pocketwatch"},{"floor":9,"key":"Question Card"},{"floor":26,"key":"Juzu Bracelet"},{"floor":43,"key":"Bronze Scales"},{"floor":44,"key":"Sundial"}],"event_choices":[{"cards_removed":["Strike_G"],"damage_healed":0,"gold_gain":0,"player_choice":"Purged","damage_taken":0,"max_hp_gain":0,"max_hp_loss":0,"event_name":"Purifier","floor":2,"gold_loss":0},{"cards_removed":["Strike_G"],"damage_healed":0,"gold_gain":0,"player_choice":"Took Card","damage_taken":0,"max_hp_gain":0,"max_hp_loss":0,"event_name":"NoteForYourself","floor":5,"gold_loss":0,"cards_obtained":["Iron Wave"]},{"damage_healed":0,"gold_gain":0,"player_choice":"Copied","damage_taken":0,"max_hp_gain":0,"max_hp_loss":0,"event_name":"Duplicator","floor":19,"gold_loss":0,"cards_obtained":["Blade Dance"]},{"cards_removed":["Strike_G"],"damage_healed":0,"gold_gain":0,"player_choice":"Gave Gold","damage_taken":0,"max_hp_gain":0,"max_hp_loss":0,"event_name":"Beggar","floor":22,"gold_loss":75},{"damage_healed":0,"gold_gain":0,"player_choice":"Opened","damage_taken":0,"relics_obtained":["Pen Nib"],"max_hp_gain":0,"max_hp_loss":0,"event_name":"The Mausoleum","floor":30,"gold_loss":0,"cards_obtained":["Writhe"]},{"damage_healed":0,"gold_gain":0,"player_choice":"Embrace Madness","damage_taken":9,"max_hp_gain":0,"max_hp_loss":0,"event_name":"Winding Halls","floor":36,"gold_loss":0,"cards_obtained":["Madness","Madness"]},{"damage_healed":0,"gold_gain":0,"player_choice":"Ignored","damage_taken":0,"max_hp_gain":0,"max_hp_loss":0,"event_name":"Tomb of Lord Red Mask","floor":37,"gold_loss":0},{"damage_healed":66,"gold_gain":0,"player_choice":"Heal","damage_taken":0,"max_hp_gain":0,"max_hp_loss":9,"event_name":"The Moai Head","floor":46,"gold_loss":0},{"damage_healed":0,"gold_gain":0,"player_choice":"Memory 3","damage_taken":10,"max_hp_gain":0,"max_hp_loss":0,"event_name":"SensoryStone","floor":47,"gold_loss":0}],"is_beta":false,"boss_relics":[{"not_picked":["Empty Cage","HoveringKite"],"picked":"WristBlade"},{"not_picked":["Velvet Choker","Runic Dome"],"picked":"Tiny House"}],"items_purged_floors":[38],"is_endless":false,"potions_floor_spawned":[1,12,13,14,24,28,31,39,44],"killed_by":"Time Eater","ascension_level":0}}