{"host":"pqs17sqrgflf4eqa","time":1613602100,"event":{"mods":["AchievementEnabler","BaseMod","Bestiary","Better Altar","Better Match","Better Skull","Block Reminder","Bossed Relics","Colored Map","Colored Powertips","Curses Come First","Dark Map","DeckTracker","Defective Defect","Displayed Cursed Tome","Emptier Cage","Googly Eyes","Highlight Path","Minty Spire (QoL Compilation)","Quick Restart","Slay-I","StSLib","SuperFastMode","Synergy Search","Thieving Mod","Transform Curses","everything is the same but u backflip on backflip","slay the spire mod where everything is the same but ironclad has a cowboy hat"],"gold_per_floor":[118,132,132,132,132,132,160,180,180,31,31,31,51,90,90,198,198,227,247,247,256,274,274,67,67,67],"floor_reached":25,"language":"ENG","playtime":263,"items_purged":[],"score":402,"play_id":"da9536c9-e072-4710-86e5-412c7b779fc0","local_time":"20210217174820","is_ascension_mode":true,"campfire_choices":[{"data":"Eruption","floor":6,"key":"SMITH"},{"data":"Tantrum","floor":11,"key":"SMITH"},{"data":"Vengeance","floor":15,"key":"SMITH"},{"floor":23,"key":"REST"}],"circlet_count":0,"master_deck":["Strike_P","Strike_P","Strike_P+1","Strike_P","Defend_P","Defend_P","Defend_P","Defend_P","Eruption+1","Vigilance","CarveReality+1","Vengeance+1","Tantrum+1","SashWhip","LessonLearned","EmptyFist+1","ThirdEye","RitualDagger","Devotion"],"relics":["PureWater","NeowsBlessing","CaptainsWheel","Du-Vu Doll","Torii","ClockworkSouvenir","CeramicFish","Turnip","Philosopher\u0027s Stone","Damaru"],"acts_visited":["Exordium","TheCity"],"potions_floor_usage":[16,18,25],"damage_taken":[{"damage":0,"enemies":"Cultist","floor":1,"turns":1},{"damage":0,"enemies":"2 Louse","floor":2,"turns":1},{"damage":0,"enemies":"Lagavulin","floor":7,"turns":1},{"damage":0,"enemies":"Small Slimes","floor":8,"turns":1},{"damage":0,"enemies":"2 Fungi Beasts","floor":13,"turns":1},{"damage":0,"enemies":"Gremlin Nob","floor":14,"turns":2},{"damage":0,"enemies":"Slime Boss","floor":16,"turns":3},{"damage":30,"enemies":"2 Thieves","floor":18,"turns":3},{"damage":14,"enemies":"Chosen","floor":19,"turns":2},{"damage":0,"enemies":"Snecko","floor":22,"turns":2},{"damage":41,"enemies":"Snake Plant","floor":25,"turns":2}],"seed_played":"-4680083756439112543","potions_obtained":[{"floor":1,"key":"ColorlessPotion"},{"floor":2,"key":"StancePotion"},{"floor":7,"key":"AttackPotion"}],"is_trial":false,"path_per_floor":["M","M","?","?","?","R","E","M","T","$","R","?","M","E","R","B",null,"M","M","?","?","M","R","$","M"],"character_chosen":"WATCHER","items_purchased":["ClockworkSouvenir","Damaru","Devotion"],"campfire_rested":1,"item_purchase_floors":[10,24,24],"current_hp_per_floor":[65,65,65,62,48,48,48,48,48,48,48,48,48,48,48,48,66,36,22,22,16,16,37,37,0,0],"gold":67,"neow_bonus":"THREE_ENEMY_KILL","is_daily":false,"chose_seed":false,"campfire_upgraded":3,"win_rate":0.0,"timestamp":1613602100,"path_taken":["M","?","?","?","?","R","E","M","T","$","R","?","?","E","R","BOSS","M","M","?","?","?","R","$","M"],"items_purchased_type":["Relic","Relic","Card"],"build_version":"2020-12-22","purchased_purges":0,"victory":false,"max_hp_per_floor":[72,72,72,72,72,72,72,72,72,72,72,72,72,72,72,72,72,72,72,72,72,72,72,72,72,72],"card_choices":[{"not_picked":["JustLucky","Halt"],"picked":"CarveReality","floor":1},{"not_picked":["PathToVictory","ThirdEye"],"picked":"Vengeance","floor":2},{"not_picked":["Collect","Crescendo"],"picked":"Tantrum","floor":7},{"not_picked":["BattleHymn","CrushJoints"],"picked":"Swivel","floor":8},{"not_picked":["Evaluate","JustLucky","Wallop"],"picked":"SKIP","floor":13},{"not_picked":["WaveOfTheHand","Fasting2"],"picked":"SashWhip","floor":14},{"not_picked":["Wish","MasterReality"],"picked":"LessonLearned","floor":16},{"not_picked":["Prostrate","Worship+1"],"picked":"EmptyFist+1","floor":18},{"not_picked":["Study","EmptyMind+1"],"picked":"ThirdEye","floor":19},{"not_picked":["SashWhip","FollowUp","Protect+1"],"picked":"SKIP","floor":22}],"player_experience":225926,"relics_obtained":[{"floor":7,"key":"Du-Vu Doll"},{"floor":9,"key":"Torii"},{"floor":14,"key":"Turnip"}],"event_choices":[{"damage_healed":0,"gold_gain":0,"player_choice":"Ignored","damage_taken":0,"max_hp_gain":0,"max_hp_loss":0,"event_name":"Golden Wing","floor":3,"gold_loss":0},{"damage_healed":0,"gold_gain":0,"player_choice":"Success","damage_taken":3,"relics_obtained":["CaptainsWheel"],"max_hp_gain":0,"max_hp_loss":0,"event_name":"Scrap Ooze","floor":4,"gold_loss":0},{"damage_healed":0,"gold_gain":0,"player_choice":"Entered Light","damage_taken":14,"max_hp_gain":0,"max_hp_loss":0,"event_name":"Shining Light","floor":5,"gold_loss":0,"cards_upgraded":["CarveReality","Strike_P"]},{"cards_removed":["Swivel"],"damage_healed":0,"gold_gain":0,"player_choice":"Gave Card","damage_taken":0,"relics_obtained":["CeramicFish"],"max_hp_gain":0,"max_hp_loss":0,"event_name":"WeMeetAgain","floor":12,"gold_loss":0},{"damage_healed":0,"gold_gain":0,"player_choice":"Ignored","damage_taken":0,"max_hp_gain":0,"max_hp_loss":0,"event_name":"Vampires","floor":20,"gold_loss":0},{"damage_healed":0,"gold_gain":0,"player_choice":"Joined the Cult","damage_taken":6,"max_hp_gain":0,"max_hp_loss":0,"event_name":"Nest","floor":21,"gold_loss":0,"cards_obtained":["RitualDagger"]}],"is_beta":false,"boss_relics":[{"not_picked":["SlaversCollar","HolyWater"],"picked":"Philosopher\u0027s Stone"}],"items_purged_floors":[],"is_endless":false,"potions_floor_spawned":[1,2,7],"killed_by":"Snake Plant","ascension_level":6}}