{"host":"1poy056mauca3bbh","time":1613575017,"event":{"mods":["Ascension Unlocker","BaseMod","Bestiary","Block Reminder","Colored Map","Colored Powertips","Curses Come First","Highlight Path","Minty Spire (QoL Compilation)","Permanent Neow","Quick Restart","Rare Cards Sparkle","Relic Stats","Smile Girya","StSLib","UnlockEverythingMod"],"gold_per_floor":[114,189,214,227,30,63,63,80,80,21,50,50,50,115,115,189,189,201,201,220,28,28,28,42,42,42],"floor_reached":25,"language":"ENG","playtime":1246,"items_purged":["Writhe"],"score":414,"play_id":"0e924807-f66a-4ce6-beec-10620e267736","local_time":"20210217101657","is_ascension_mode":true,"campfire_choices":[{"floor":7,"key":"REST"},{"floor":12,"key":"REST"},{"floor":15,"key":"REST"},{"floor":23,"key":"REST"}],"circlet_count":0,"master_deck":["AscendersBane","Strike_G","Strike_G","Strike_G","Strike_G","Strike_G","Defend_G","Defend_G","Defend_G","Defend_G","Defend_G","Survivor","Neutralize","A Thousand Cuts","Deflect","Infinite Blades","The Bomb","Infinite Blades","Blur","Poisoned Stab","Masterful Stab","A Thousand Cuts","Backflip","Dagger Throw","Accuracy","Outmaneuver","Deadly Poison"],"relics":["Ring of the Snake","Snake Skull","PreservedInsect","Pantograph","Peace Pipe","Cursed Key","Smiling Mask","GremlinMask"],"acts_visited":["TheCity"],"potions_floor_usage":[6,11,16,24,25],"damage_taken":[{"damage":7,"enemies":"Jaw Worm","floor":1,"turns":6},{"damage":6,"enemies":"2 Louse","floor":4,"turns":4},{"damage":28,"enemies":"Gremlin Nob","floor":6,"turns":4},{"damage":10,"enemies":"Small Slimes","floor":8,"turns":3},{"damage":9,"enemies":"3 Sentries","floor":11,"turns":5},{"damage":51,"enemies":"Hexaghost","floor":16,"turns":9},{"damage":27,"enemies":"Spheric Guardian","floor":18,"turns":5},{"damage":24,"enemies":"3 Byrds","floor":20,"turns":3},{"damage":16,"enemies":"Centurion and Healer","floor":24,"turns":5},{"damage":8,"enemies":"Shelled Parasite and Fungi","floor":25,"turns":1}],"seed_played":"-4596393137916359525","potions_obtained":[{"floor":4,"key":"Block Potion"},{"floor":8,"key":"SkillPotion"},{"floor":11,"key":"LiquidMemories"},{"floor":20,"key":"PowerPotion"},{"floor":24,"key":"DistilledChaos"}],"is_trial":false,"path_per_floor":["M","?","T","M","$","E","R","M","T","$","E","R","$","?","R","B",null,"M","?","M","$","?","R","M","M"],"character_chosen":"THE_SILENT","items_purchased":["The Bomb","Poisoned Stab","Accuracy","Outmaneuver"],"campfire_rested":4,"item_purchase_floors":[5,10,21,21],"current_hp_per_floor":[52,41,41,35,35,7,26,16,16,16,7,26,26,26,45,15,53,26,26,2,2,2,21,5,0,0],"gold":42,"neow_bonus":"ONE_RANDOM_RARE_CARD","is_daily":false,"chose_seed":false,"campfire_upgraded":0,"win_rate":0.0,"timestamp":1613575017,"path_taken":["M","?","?","M","?","E","R","M","T","$","E","R","$","?","R","BOSS","M","?","M","?","?","R","M","M"],"items_purchased_type":["Card","Card","Card","Card"],"build_version":"2020-12-22","purchased_purges":1,"victory":false,"max_hp_per_floor":[66,66,66,66,66,66,66,66,66,66,66,66,66,66,66,66,66,66,66,66,66,66,66,66,66,66],"relic_stats":{"Peace Pipe":0,"counters":[10,45],"Pantograph":21,"Snake Skull":[5],"PreservedInsect":31,"Cursed Key":0,"Smiling Mask":25,"obtain_stats":[{"Peace Pipe":11,"Pantograph":9,"GremlinMask":22,"Snake Skull":3,"PreservedInsect":6,"Cursed Key":17,"Smiling Mask":19,"Ring of the Snake":0},{"Peace Pipe":5,"Pantograph":4,"GremlinMask":8,"Snake Skull":1,"PreservedInsect":3,"Cursed Key":6,"Smiling Mask":7,"Ring of the Snake":0},{"Peace Pipe":22,"Pantograph":17,"GremlinMask":39,"Snake Skull":6,"PreservedInsect":14,"Cursed Key":31,"Smiling Mask":36,"Ring of the Snake":0}],"Ring of the Snake":[20]},"card_choices":[{"not_picked":["Reflex","Underhanded Strike"],"picked":"Deflect","floor":1},{"not_picked":["Blade Dance","Deflect"],"picked":"Infinite Blades","floor":4},{"not_picked":["Outmaneuver","Backflip"],"picked":"Infinite Blades","floor":6},{"not_picked":["Prepared","Underhanded Strike"],"picked":"Blur","floor":8},{"not_picked":["Acrobatics","Riddle With Holes"],"picked":"Masterful Stab","floor":11},{"not_picked":["Bullet Time","Grand Finale"],"picked":"A Thousand Cuts","floor":16},{"not_picked":["Well Laid Plans","Flechettes"],"picked":"Backflip","floor":18},{"not_picked":["Underhanded Strike","Riddle With Holes"],"picked":"Dagger Throw","floor":20},{"not_picked":["Bane+1","Dodge and Roll"],"picked":"Deadly Poison","floor":24}],"player_experience":157781,"relics_obtained":[{"floor":3,"key":"Snake Skull"},{"floor":6,"key":"PreservedInsect"},{"floor":9,"key":"Pantograph"},{"floor":11,"key":"Peace Pipe"}],"event_choices":[{"damage_healed":0,"gold_gain":75,"player_choice":"Gather Gold","damage_taken":11,"max_hp_gain":0,"max_hp_loss":0,"event_name":"World of Goop","floor":2,"gold_loss":0},{"damage_healed":0,"gold_gain":65,"player_choice":"Gained Gold","damage_taken":0,"max_hp_gain":0,"max_hp_loss":0,"event_name":"Golden Wing","floor":14,"gold_loss":0},{"damage_healed":0,"gold_gain":0,"player_choice":"Opened","damage_taken":0,"relics_obtained":["Smiling Mask"],"max_hp_gain":0,"max_hp_loss":0,"event_name":"The Mausoleum","floor":19,"gold_loss":0,"cards_obtained":["Writhe"]},{"damage_healed":0,"gold_gain":0,"player_choice":"Trade","damage_taken":0,"relics_obtained":["GremlinMask"],"max_hp_gain":0,"max_hp_loss":0,"event_name":"FaceTrader","floor":22,"gold_loss":0}],"is_beta":false,"boss_relics":[{"not_picked":["HoveringKite","Black Star"],"picked":"Cursed Key"}],"items_purged_floors":[21],"is_endless":false,"potions_floor_spawned":[4,8,11,20,24],"killed_by":"Shelled Parasite and Fungi","ascension_level":20}}