{"host":"7s2d9a8gejctdvjm","time":1613588295,"event":{"mods":["BaseMod","Downfall","Hermit","Marisa????????","Minty Spire (QoL Compilation)","StSLib","The Servant 0.9.4"],"gold_per_floor":[99,115,130,150,162,180,207,224,242,269,289,330,230,230,249,348,348,348,365,392,86,286,321,321,321,356,377,377,400,400,400,424,530,530,330,349,362,311,411,430,430,378,396,396,415,415,415,430,442,442,442,484,141,141,141,141,141,141],"floor_reached":56,"language":"ENG","playtime":5677,"items_purged":["hexamod:Defend+1"],"score":832,"play_id":"cffa1721-298b-42bf-9725-7913c4715bb0","local_time":"20210217105815","is_ascension_mode":false,"campfire_choices":[{"data":"hexamod:Sear","floor":1,"key":"SMITH"},{"data":"hexamod:RainOfEmbers","floor":13,"key":"SMITH"},{"data":"hexamod:ForkedFlame","floor":18,"key":"SMITH"},{"data":"hexamod:ForkedFlame","floor":25,"key":"SMITH"},{"floor":28,"key":"RECALL"},{"data":"hexamod:RadiantFlame","floor":35,"key":"SMITH"},{"data":"hexamod:SearingWound","floor":47,"key":"SMITH"},{"floor":54,"key":"REST"}],"circlet_count":0,"master_deck":["hexamod:Strike+1","hexamod:Strike+1","hexamod:Strike+1","hexamod:Strike+1","hexamod:Defend+1","hexamod:Defend+1","hexamod:Defend+1","hexamod:Sear+1","hexamod:Float","hexamod:ThermalTransfer","hexamod:RainOfEmbers+1","hexamod:HauntingEcho","hexamod:SecondSeal","hexamod:TimeOfNeed+1","hexamod:DynamicBlow","hexamod:SpectersWail","hexamod:CatchUp","hexamod:StepThrough","hexamod:RadiantFlame+1","hexamod:ForkedFlame+1","hexamod:ShieldOfDarkness+1","hexamod:ForkedFlame+1","hexamod:GhostShield+1","hexamod:InspiringFlames+1","hexamod:AdvancingGuard+1","hexamod:ExtraCrispy","hexamod:HexaLevel","hexamod:EmpoweredFlame","hexamod:SwordOfDarkness+1","hexamod:HeatShield","hexamod:Hexaguard","hexamod:SearingWound+1","hexamod:ChargedBarrage+1","hexamod:TimeOfNeed+1","hexamod:FastForward+1","hexamod:AdvancingGuard+1","Apotheosis+1","hexamod:HeatShield+1"],"relics":["hexamod:SpiritBrand","Bag of Preparation","hexamod:MatchstickCase","downfall:HeartBlessingGreen","SlaversCollar","Incense Burner","Thread and Needle","Molten Egg 2","Sundial","Velvet Choker","downfall:HeartBlessingBlue","downfall:HeartBlessingRed","MawBank","Mummified Hand","Toxic Egg 2","War Paint"],"acts_visited":["Exordium","TheCity","TheBeyond","TheEnding"],"potions_floor_usage":[10,12,16,26,32,33,42,50,56,56,56],"damage_taken":[{"damage":0,"enemies":"Jaw Worm","floor":2,"turns":4},{"damage":0,"enemies":"Cultist","floor":3,"turns":3},{"damage":0,"enemies":"Small Slimes","floor":4,"turns":3},{"damage":0,"enemies":"2 Fungi Beasts","floor":5,"turns":3},{"damage":3,"enemies":"Red Slaver","floor":6,"turns":3},{"damage":2,"enemies":"Blue Slaver","floor":8,"turns":3},{"damage":13,"enemies":"Lots of Slimes","floor":9,"turns":5},{"damage":11,"enemies":"Gremlin Nob","floor":10,"turns":3},{"damage":10,"enemies":"Exordium Thugs","floor":11,"turns":3},{"damage":13,"enemies":"Lagavulin","floor":12,"turns":4},{"damage":1,"enemies":"Blue Slaver","floor":15,"turns":2},{"damage":15,"enemies":"IC_STATUS_ARCHETYPE","floor":16,"turns":6},{"damage":17,"enemies":"downfall:LooterAlt2","floor":19,"turns":5},{"damage":2,"enemies":"Shell Parasite","floor":20,"turns":4},{"damage":0,"enemies":"downfall:FleeingMerchant","floor":21,"turns":4},{"damage":14,"enemies":"Slavers","floor":23,"turns":4},{"damage":25,"enemies":"Gremlin Leader","floor":26,"turns":6},{"damage":0,"enemies":"Snake Plant","floor":27,"turns":3},{"damage":1,"enemies":"Sentry and Sphere","floor":29,"turns":7},{"damage":0,"enemies":"3 Cultists","floor":32,"turns":5},{"damage":0,"enemies":"WA_ARCHETYPE_CALM","floor":33,"turns":8},{"damage":0,"enemies":"3 Shapes","floor":36,"turns":5},{"damage":0,"enemies":"Orb Walker","floor":37,"turns":4},{"damage":0,"enemies":"downfall:FleeingMerchant","floor":38,"turns":4},{"damage":5,"enemies":"4 Shapes","floor":40,"turns":7},{"damage":0,"enemies":"downfall:FleeingMerchant","floor":42,"turns":3},{"damage":0,"enemies":"Spire Growth","floor":43,"turns":3},{"damage":7,"enemies":"Transient","floor":45,"turns":5},{"damage":0,"enemies":"Jaw Worm Horde","floor":48,"turns":3},{"damage":5,"enemies":"3 Darklings","floor":49,"turns":5},{"damage":32,"enemies":"DF_ARCHETYPE_ORBS","floor":50,"turns":9},{"damage":15,"enemies":"downfall:CharBossMerchant","floor":52,"turns":7},{"damage":7,"enemies":"downfall:NeowBoss","floor":55,"turns":16},{"damage":93,"enemies":"downfall:NeowBossFinal","floor":56,"turns":8}],"seed_played":"5379647871921755504","potions_obtained":[{"floor":2,"key":"Fire Potion"},{"floor":4,"key":"AttackPotion"},{"floor":6,"key":"Dexterity Potion"},{"floor":8,"key":"BlessingOfTheForge"},{"floor":15,"key":"champ:CounterPotion"},{"floor":19,"key":"SteroidPotion"},{"floor":23,"key":"BlessingOfTheForge"},{"floor":29,"key":"Weak Potion"},{"floor":32,"key":"SmokeBomb"},{"floor":33,"key":"ColorlessPotion"},{"floor":43,"key":"LiquidMemories"},{"floor":45,"key":"Dexterity Potion"},{"floor":52,"key":"champ:CounterPotion"}],"is_trial":false,"path_per_floor":["R","M","M","M","M","M","T","M","M","E","M","E","R","?","M","B",null,"R","M","M","$","?","E","T","R","E","M","R","M","?","?","M","B",null,"R","M","M","$","?","M","T","$","M","?","M","T","R","M","M","B",null,"E","$","R","B","B"],"character_chosen":"THE_SPIRIT","items_purchased":["Incense Burner","hexamod:HeatShield","hexamod:SearingWound","Mummified Hand","Apotheosis+1","hexamod:HeatShield+1"],"campfire_rested":1,"item_purchase_floors":[21,38,42,42,53,53],"current_hp_per_floor":[77,77,77,77,77,74,74,72,59,48,38,25,25,30,29,14,82,82,65,63,63,63,49,49,49,24,24,24,23,23,23,23,23,82,92,92,92,92,92,87,87,87,87,87,80,80,80,80,75,43,92,77,77,92,85,0,0,0],"gold":141,"neow_bonus":"TEN_PERCENT_HP_BONUS","is_daily":false,"chose_seed":false,"campfire_upgraded":6,"win_rate":0.0,"timestamp":1613588295,"path_taken":["R","M","M","M","M","M","T","M","M","E","M","E","R","?","M","BOSS","R","M","M","$","?","E","T","R","E","M","R","?","?","?","M","BOSS","R","M","M","$","?","?","T","$","M","?","M","?","R","?","M","BOSS","E","$","R","BOSS","BOSS"],"items_purchased_type":["Relic","Card","Card","Relic","Card","Card"],"build_version":"2020-12-22","purchased_purges":1,"victory":false,"max_hp_per_floor":[77,77,77,77,77,77,77,77,77,77,77,77,77,82,82,82,82,82,82,82,82,82,82,82,82,82,82,82,82,82,82,82,82,82,92,92,92,92,92,92,92,92,92,92,92,92,92,92,92,92,92,92,92,92,92,92,92,92],"card_choices":[{"not_picked":["hexamod:HeatShield","hexamod:ShieldOfDarkness"],"picked":"hexamod:ThermalTransfer","floor":2},{"not_picked":["hexamod:HeatCrush","hexamod:ChargedBarrage"],"picked":"hexamod:RainOfEmbers","floor":3},{"not_picked":["hexamod:NightmareStrike","hexamod:ThermalTransfer","hexamod:ShieldOfDarkness"],"picked":"SKIP","floor":4},{"not_picked":["hexamod:ThermalTransfer","hexamod:Firestarter"],"picked":"hexamod:HauntingEcho","floor":5},{"not_picked":["hexamod:BurningTouch","hexamod:Firestarter"],"picked":"hexamod:SecondSeal","floor":6},{"not_picked":["hexamod:SpectersWail","hexamod:HeatMetal"],"picked":"hexamod:TimeOfNeed","floor":8},{"not_picked":["hexamod:HeatMetal","hexamod:AdvancingGuard"],"picked":"hexamod:DynamicBlow","floor":9},{"not_picked":["hexamod:GhostOfSpireFuture","hexamod:NightmareStrike"],"picked":"hexamod:SpectersWail","floor":10},{"not_picked":["hexamod:EtherealExpedition","hexamod:NightmareGuise"],"picked":"hexamod:CatchUp","floor":11},{"not_picked":["hexamod:InspiringFlames","hexamod:ThermalTransfer"],"picked":"hexamod:StepThrough","floor":12},{"not_picked":["hexamod:HeatMetal","hexamod:BacktrackSmack"],"picked":"hexamod:RadiantFlame","floor":15},{"not_picked":["hexamod:ParanormalForm","hexamod:FifthSeal"],"picked":"hexamod:ForkedFlame","floor":16},{"not_picked":["hexamod:RetreatToShadows","hexamod:StepThrough+1","hexamod:HauntingEcho"],"picked":"SKIP","floor":19},{"not_picked":["hexamod:EmpoweredFlame","hexamod:NightmareGuise"],"picked":"hexamod:ShieldOfDarkness+1","floor":20},{"not_picked":["hexamod:InspiringFlames","hexamod:Firestarter"],"picked":"hexamod:ForkedFlame","floor":21},{"not_picked":["hexamod:GhostShield","hexamod:BacktrackSmack","hexamod:Hexaguard"],"picked":"SKIP","floor":23},{"not_picked":["hexamod:BurningTouch","hexamod:DynamicBlow+1"],"picked":"hexamod:GhostShield+1","floor":26},{"not_picked":["hexamod:GhostShield+1","hexamod:SpectersWail+1"],"picked":"hexamod:InspiringFlames+1","floor":27},{"not_picked":["hexamod:ThermalTransfer+1","hexamod:SecondSeal"],"picked":"hexamod:AdvancingGuard","floor":29},{"not_picked":["hexamod:NightmareGuise+1","hexamod:ShieldOfDarkness"],"picked":"hexamod:ExtraCrispy","floor":32},{"not_picked":["hexamod:SearingWound","hexamod:TimeWarp+1"],"picked":"hexamod:HexaLevel","floor":33},{"not_picked":["hexamod:GhostLash+1","hexamod:BurningTouch","hexamod:ShieldOfDarkness"],"picked":"SKIP","floor":36},{"not_picked":["hexamod:Hexaguard","hexamod:FourthSeal"],"picked":"hexamod:EmpoweredFlame","floor":37},{"not_picked":["hexamod:Hexaguard","hexamod:ChargedBarrage"],"picked":"hexamod:SwordOfDarkness+1","floor":38},{"not_picked":["hexamod:ThermalTransfer+1","hexamod:SwordOfDarkness+1","hexamod:Firestarter+1"],"picked":"SKIP","floor":40},{"not_picked":["hexamod:FourthSeal","hexamod:GhostflameInferno"],"picked":"hexamod:Hexaguard","floor":42},{"not_picked":["hexamod:SpectersWail+1","hexamod:NightmareGuise"],"picked":"hexamod:ChargedBarrage+1","floor":43},{"not_picked":["hexamod:NightmareStrike+1","hexamod:EtherealExpedition","hexamod:BurningTouch+1"],"picked":"SKIP","floor":45},{"not_picked":["hexamod:DynamicBlow+1","hexamod:NightmareGuise+1"],"picked":"hexamod:TimeOfNeed+1","floor":48},{"not_picked":["hexamod:NightmareStrike+1","hexamod:SwordOfDarkness+1"],"picked":"hexamod:FastForward+1","floor":49},{"not_picked":["hexamod:Rewind+1","hexamod:GhostLash+1"],"picked":"hexamod:AdvancingGuard+1","floor":52}],"player_experience":30126,"relics_obtained":[{"floor":10,"key":"Bag of Preparation"},{"floor":12,"key":"hexamod:MatchstickCase"},{"floor":23,"key":"Thread and Needle"},{"floor":24,"key":"Molten Egg 2"},{"floor":26,"key":"Sundial"},{"floor":41,"key":"MawBank"},{"floor":46,"key":"Toxic Egg 2"},{"floor":52,"key":"War Paint"}],"event_choices":[{"damage_healed":0,"gold_gain":0,"player_choice":"Donut","damage_taken":0,"max_hp_gain":5,"max_hp_loss":0,"event_name":"Big Fish","floor":14,"gold_loss":0},{"damage_healed":0,"gold_gain":200,"player_choice":"Gold","damage_taken":0,"max_hp_gain":0,"max_hp_loss":0,"event_name":"Wheel of Change","floor":22,"gold_loss":0}],"is_beta":false,"boss_relics":[{"not_picked":["Philosopher\u0027s Stone","Sozu"],"picked":"SlaversCollar"},{"not_picked":["Runic Pyramid","Black Star"],"picked":"Velvet Choker"}],"items_purged_floors":[53],"is_endless":false,"potions_floor_spawned":[2,4,6,8,15,19,23,29,32,33,40,43,45,48,52],"killed_by":"downfall:NeowBossFinal","ascension_level":0}}