{"host":"gobyjzz6xbwq9f9i","time":1613546467,"event":{"mods":["AchievementEnabler","BaseMod","Bestiary","Colored Map","Minty Spire (QoL Compilation)","Relic Stats","ojb\u0027s Info Mod"],"gold_per_floor":[115,115,65,85,85,125,148,181,234,234,234,258,276,315,315,435,435,459,459,482,507,83,119,119,133,133,133,171,171,171,171,171,299,299,314,328,328,342,141,176,176,220,220,241,241,241,254,279,279,279,279,279,11,55,55],"floor_reached":56,"language":"ENG","playtime":2899,"items_purged":["Defend_R","Bite"],"score":1785,"play_id":"fddacd85-46e6-4c4d-bf28-45e854628264","local_time":"20210216232107","is_ascension_mode":true,"campfire_choices":[{"data":"True Grit","floor":10,"key":"SMITH"},{"data":"Fiend Fire","floor":15,"key":"SMITH"},{"data":"Berserk","floor":24,"key":"SMITH"},{"data":"Ghostly","floor":30,"key":"SMITH"},{"data":"Feed","floor":32,"key":"SMITH"},{"data":"Dark Embrace","floor":41,"key":"SMITH"},{"data":"Limit Break","floor":46,"key":"SMITH"},{"floor":49,"key":"RECALL"},{"data":"Battle Trance","floor":52,"key":"SMITH"}],"circlet_count":0,"master_deck":["AscendersBane","Bash+1","Clothesline","True Grit+1","Anger","Battle Trance+1","Shrug It Off","Body Slam","Fiend Fire+1","Corruption","True Grit","Whirlwind+1","Metallicize","Feed+1","Bite","Bite","Bite","Dark Embrace+1","Ghostly+1","Ghostly","Ghostly","Ghostly","Ghostly","Limit Break+1","True Grit+1","Immolate+1","Reaper+1","Heavy Blade+1","Intimidate+1","Battle Trance","Purity","Heavy Blade+1"],"relics":["Burning Blood","NeowsBlessing","Golden Idol","The Courier","Juzu Bracelet","Omamori","Lizard Tail","Red Skull","Calling Bell","Strawberry","Darkstone Periapt","Bird Faced Urn","Brimstone","Turnip","Pantograph","Matryoshka","Gambling Chip","Astrolabe","Gremlin Horn","Bottled Tornado","Anchor","Lantern","Bag of Marbles","InkBottle"],"acts_visited":["Exordium","TheCity","TheBeyond","TheEnding"],"potions_floor_usage":[8,8,28,33,33,42,50,55,55],"damage_taken":[{"damage":0,"enemies":"2 Louse","floor":1,"turns":1},{"damage":0,"enemies":"Jaw Worm","floor":4,"turns":1},{"damage":0,"enemies":"3 Sentries","floor":6,"turns":2},{"damage":1,"enemies":"Cultist","floor":7,"turns":3},{"damage":18,"enemies":"Gremlin Nob","floor":8,"turns":4},{"damage":0,"enemies":"Large Slime","floor":12,"turns":5},{"damage":14,"enemies":"3 Louse","floor":13,"turns":3},{"damage":13,"enemies":"Lagavulin","floor":14,"turns":5},{"damage":22,"enemies":"The Guardian","floor":16,"turns":9},{"damage":6,"enemies":"Spheric Guardian","floor":18,"turns":3},{"damage":34,"enemies":"3 Byrds","floor":20,"turns":6},{"damage":24,"enemies":"Snake Plant","floor":21,"turns":5},{"damage":1,"enemies":"Gremlin Leader","floor":23,"turns":4},{"damage":0,"enemies":"Centurion and Healer","floor":25,"turns":4},{"damage":21,"enemies":"Book of Stabbing","floor":28,"turns":4},{"damage":9,"enemies":"Automaton","floor":33,"turns":8},{"damage":5,"enemies":"3 Shapes","floor":35,"turns":3},{"damage":2,"enemies":"Orb Walker","floor":36,"turns":6},{"damage":6,"enemies":"Jaw Worm Horde","floor":38,"turns":4},{"damage":38,"enemies":"Nemesis","floor":40,"turns":7},{"damage":3,"enemies":"Reptomancer","floor":42,"turns":6},{"damage":2,"enemies":"Sphere and 2 Shapes","floor":44,"turns":4},{"damage":0,"enemies":"Maw","floor":47,"turns":7},{"damage":6,"enemies":"3 Darklings","floor":48,"turns":5},{"damage":6,"enemies":"Donu and Deca","floor":50,"turns":7},{"damage":62,"enemies":"Shield and Spear","floor":54,"turns":8},{"damage":113,"enemies":"The Heart","floor":55,"turns":9}],"seed_played":"4739025800706757686","potions_obtained":[{"floor":1,"key":"BlessingOfTheForge"},{"floor":4,"key":"Ancient Potion"},{"floor":6,"key":"Ancient Potion"},{"floor":13,"key":"ElixirPotion"},{"floor":21,"key":"Weak Potion"},{"floor":23,"key":"ColorlessPotion"},{"floor":28,"key":"Strength Potion"},{"floor":33,"key":"Dexterity Potion"},{"floor":38,"key":"DuplicationPotion"},{"floor":47,"key":"BloodPotion"},{"floor":48,"key":"FearPotion"}],"is_trial":false,"path_per_floor":["M","?","?","M","?","E","M","E","T","R","T","M","M","E","R","B",null,"M","?","M","M","$","E","R","M","T","?","E","?","R","?","R","B",null,"M","M","?","M","$","E","R","E","T","M","?","R","M","M","R","B",null,"R","$","E","B",null],"character_chosen":"IRONCLAD","items_purchased":["Brimstone","Turnip","Gremlin Horn","Bag of Marbles","Purity"],"campfire_rested":0,"item_purchase_floors":[22,22,39,53,53],"current_hp_per_floor":[78,78,78,80,60,66,71,59,59,59,59,65,57,50,50,34,76,76,76,52,36,36,41,41,51,51,51,46,30,30,30,30,30,30,30,30,30,34,34,14,14,42,42,46,46,46,50,54,54,54,54,54,54,52,21],"gold":55,"neow_bonus":"THREE_ENEMY_KILL","is_daily":false,"chose_seed":false,"campfire_upgraded":8,"win_rate":0.0,"timestamp":1613546467,"path_taken":["M","?","?","M","?","E","M","E","T","R","?","M","M","E","R","BOSS","M","?","M","M","$","E","R","M","T","?","E","?","R","?","R","BOSS","M","M","?","M","$","E","R","E","T","M","?","R","M","M","R","BOSS","R","$","E","BOSS"],"items_purchased_type":["Relic","Relic","Relic","Relic","Card"],"build_version":"2020-12-22","purchased_purges":2,"victory":true,"max_hp_per_floor":[80,80,80,80,80,80,80,80,80,80,80,80,80,80,80,80,87,87,87,87,87,87,87,87,87,87,60,60,30,30,30,30,30,30,30,30,30,34,34,38,38,42,42,46,46,46,50,54,54,54,54,54,54,58,58],"relic_stats":{"Darkstone Periapt":0,"Gremlin Horn":[10,11],"counters":[27,133],"Golden Idol":218,"Astrolabe":["True Grit","Immolate","Reaper"],"Juzu Bracelet":0,"Burning Blood":117,"Lizard Tail":29,"Bird Faced Urn":[29],"Pantograph":6,"Gambling Chip":[40],"Turnip":[12],"obtain_stats":[{"Darkstone Periapt":17,"Lantern":43,"NeowsBlessing":0,"Gremlin Horn":39,"Golden Idol":5,"Astrolabe":34,"The Courier":6,"Juzu Bracelet":8,"Omamori":9,"Bottled Tornado":40,"Burning Blood":0,"Calling Bell":17,"Lizard Tail":11,"Anchor":42,"Matryoshka":26,"Brimstone":22,"Strawberry":17,"Bird Faced Urn":17,"Pantograph":23,"Gambling Chip":28,"Turnip":22,"Bag of Marbles":53,"Red Skull":14,"InkBottle":54},{"Darkstone Periapt":9,"Lantern":21,"NeowsBlessing":0,"Gremlin Horn":19,"Golden Idol":2,"Astrolabe":16,"The Courier":3,"Juzu Bracelet":5,"Omamori":5,"Bottled Tornado":20,"Burning Blood":0,"Calling Bell":9,"Lizard Tail":5,"Anchor":21,"Matryoshka":14,"Brimstone":12,"Strawberry":9,"Bird Faced Urn":9,"Pantograph":13,"Gambling Chip":15,"Turnip":12,"Bag of Marbles":25,"Red Skull":8,"InkBottle":26},{"Darkstone Periapt":33,"Lantern":93,"NeowsBlessing":0,"Gremlin Horn":80,"Golden Idol":2,"Astrolabe":67,"The Courier":4,"Juzu Bracelet":11,"Omamori":11,"Bottled Tornado":87,"Burning Blood":0,"Calling Bell":33,"Lizard Tail":11,"Anchor":93,"Matryoshka":55,"Brimstone":47,"Strawberry":33,"Bird Faced Urn":33,"Pantograph":51,"Gambling Chip":59,"Turnip":47,"Bag of Marbles":116,"Red Skull":24,"InkBottle":124}],"InkBottle":[1]},"card_choices":[{"not_picked":["Rampage","Thunderclap"],"picked":"Clothesline","floor":1},{"not_picked":["Searing Blow","Perfected Strike"],"picked":"True Grit","floor":4},{"not_picked":["Havoc","Blood for Blood"],"picked":"Anger","floor":6},{"not_picked":["Cleave","Havoc"],"picked":"Battle Trance","floor":7},{"not_picked":["Combust","Uppercut"],"picked":"Shrug It Off","floor":8},{"not_picked":["Cleave","Flex","Searing Blow"],"picked":"SKIP","floor":12},{"not_picked":["Headbutt","Pummel"],"picked":"Body Slam","floor":13},{"not_picked":["Pommel Strike","Metallicize"],"picked":"Fiend Fire","floor":14},{"not_picked":["Fiend Fire","Immolate"],"picked":"Corruption","floor":16},{"not_picked":["Clash+1","Perfected Strike+1","Thunderclap"],"picked":"SKIP","floor":18},{"not_picked":["Thunderclap","Searing Blow","Sever Soul"],"picked":"SKIP","floor":20},{"not_picked":["Flex","Entrench"],"picked":"Whirlwind+1","floor":21},{"not_picked":["Ghostly Armor","Hemokinesis"],"picked":"Metallicize","floor":23},{"not_picked":["Hemokinesis","Disarm"],"picked":"Feed","floor":25},{"not_picked":["Twin Strike","Uppercut"],"picked":"Dark Embrace","floor":28},{"not_picked":["Berserk","Juggernaut"],"picked":"Limit Break","floor":33},{"not_picked":["Havoc+1","Infernal Blade"],"picked":"Heavy Blade+1","floor":35},{"not_picked":["Havoc+1","Perfected Strike","True Grit"],"picked":"SKIP","floor":36},{"not_picked":["Perfected Strike+1","Iron Wave+1","Flame Barrier"],"picked":"SKIP","floor":38},{"not_picked":["Perfected Strike+1","Rupture+1","Twin Strike"],"picked":"SKIP","floor":40},{"not_picked":["Whirlwind+1","True Grit","Inflame+1"],"picked":"SKIP","floor":42},{"not_picked":["Juggernaut","Shrug It Off","Headbutt"],"picked":"SKIP","floor":44},{"not_picked":["Body Slam+1","Clash"],"picked":"Intimidate+1","floor":47},{"not_picked":["Flex+1","Clash+1"],"picked":"Battle Trance","floor":48},{"not_picked":["Armaments","Searing Blow"],"picked":"Heavy Blade+1","floor":54}],"player_experience":1359991,"relics_obtained":[{"floor":6,"key":"The Courier"},{"floor":8,"key":"Juzu Bracelet"},{"floor":9,"key":"Omamori"},{"floor":11,"key":"Lizard Tail"},{"floor":14,"key":"Red Skull"},{"floor":17,"key":"Strawberry"},{"floor":17,"key":"Darkstone Periapt"},{"floor":17,"key":"Bird Faced Urn"},{"floor":23,"key":"Pantograph"},{"floor":26,"key":"Matryoshka"},{"floor":28,"key":"Gambling Chip"},{"floor":40,"key":"Bottled Tornado"},{"floor":42,"key":"Anchor"},{"floor":43,"key":"Lantern"},{"floor":54,"key":"InkBottle"}],"event_choices":[{"damage_healed":0,"gold_gain":0,"player_choice":"Grow","damage_taken":0,"max_hp_gain":0,"max_hp_loss":0,"event_name":"Living Wall","floor":2,"gold_loss":0,"cards_upgraded":["Bash"]},{"cards_removed":["Strike_R"],"damage_healed":0,"gold_gain":0,"player_choice":"Card Removal","damage_taken":0,"max_hp_gain":0,"max_hp_loss":0,"event_name":"The Cleric","floor":3,"gold_loss":50},{"damage_healed":0,"gold_gain":0,"player_choice":"Take Damage","damage_taken":20,"relics_obtained":["Golden Idol"],"max_hp_gain":0,"max_hp_loss":0,"event_name":"Golden Idol","floor":5,"gold_loss":0},{"damage_healed":0,"gold_gain":0,"cards_transformed":["Strike_R","Strike_R"],"player_choice":"Became Test Subject","damage_taken":0,"max_hp_gain":0,"max_hp_loss":0,"event_name":"Drug Dealer","floor":19,"gold_loss":0,"cards_obtained":["Berserk","True Grit"]},{"damage_healed":0,"gold_gain":0,"player_choice":"Became a vampire","damage_taken":0,"max_hp_gain":0,"max_hp_loss":27,"event_name":"Vampires","floor":27,"gold_loss":0,"cards_obtained":["Bite","Bite","Bite","Bite","Bite"]},{"damage_healed":0,"gold_gain":0,"player_choice":"Became a Ghost","damage_taken":0,"max_hp_gain":0,"max_hp_loss":30,"event_name":"Ghosts","floor":29,"gold_loss":0,"cards_obtained":["Ghostly","Ghostly","Ghostly","Ghostly","Ghostly"]},{"cards_removed":["Bite"],"damage_healed":0,"gold_gain":0,"player_choice":"Elegance","damage_taken":0,"max_hp_gain":0,"max_hp_loss":0,"event_name":"Back to Basics","floor":31,"gold_loss":0},{"cards_removed":["Berserk"],"damage_healed":0,"gold_gain":0,"player_choice":"Removed Power","damage_taken":0,"max_hp_gain":0,"max_hp_loss":0,"event_name":"Falling","floor":37,"gold_loss":0},{"damage_healed":0,"gold_gain":0,"player_choice":"Ignored","damage_taken":0,"max_hp_gain":0,"max_hp_loss":0,"event_name":"Tomb of Lord Red Mask","floor":45,"gold_loss":0}],"is_beta":false,"boss_relics":[{"not_picked":["Ectoplasm","Empty Cage"],"picked":"Calling Bell"},{"not_picked":["Mark of Pain","Black Star"],"picked":"Astrolabe"}],"items_purged_floors":[22,53],"is_endless":false,"potions_floor_spawned":[1,4,6,13,21,23,28,33,38,47,48],"ascension_level":10}}