{"host":"a1eatafr7pisesky","time":1613562864,"event":{"mods":["AchievementEnabler","BaseMod","Colored Map","Keyboard Shortcuts","Minty Spire (QoL Compilation)","Say the Spire","StSLib","SuperFastMode","everything is the same but u backflip on backflip"],"gold_per_floor":[109,127,52,52,202,202,231,231,231,231,156,191,5,5,5,96,96,96,96],"floor_reached":18,"language":"KOR","playtime":271,"items_purged":["Doubt","Strike_R"],"score":417,"play_id":"359d6f1d-49b6-49df-8c95-5295e6b1ef69","local_time":"20210217205424","is_ascension_mode":true,"campfire_choices":[{"data":"Bash","floor":6.0,"key":"SMITH"},{"data":"Cleave","floor":10.0,"key":"SMITH"},{"data":"Wild Strike","floor":15.0,"key":"SMITH"}],"circlet_count":0,"master_deck":["AscendersBane","Strike_R","Strike_R","Strike_R","Defend_R","Defend_R","Defend_R+1","Defend_R","Bash+1","Cleave+1","Shrug It Off+1","Warcry+1","Wild Strike+1","Offering+1","Impervious+1"],"relics":["Black Blood","NeowsBlessing","Toxic Egg 2","Golden Idol","Bag of Marbles","Ancient Tea Set"],"acts_visited":["Exordium","TheCity"],"potions_floor_usage":[],"damage_taken":[{"damage":0.0,"enemies":"Jaw Worm","floor":1.0,"turns":1.0},{"damage":0.0,"enemies":"Small Slimes","floor":2.0,"turns":1.0},{"damage":0.0,"enemies":"3 Sentries","floor":7.0,"turns":2.0},{"damage":41.0,"enemies":"Gremlin Nob","floor":12.0,"turns":5.0},{"damage":42.0,"enemies":"The Guardian","floor":16.0,"turns":14.0},{"damage":54,"enemies":"3 Byrds","floor":18,"turns":9}],"seed_played":"-7453778341758197986","potions_obtained":[{"floor":7.0,"key":"Block Potion"},{"floor":12.0,"key":"GamblersBrew"}],"is_trial":false,"path_per_floor":["M","M","?","?","?","R","E","?","T","R","$","E","$","?","R","B",null,"M"],"character_chosen":"IRONCLAD","items_purchased":["Offering+1"],"campfire_rested":0,"item_purchase_floors":[13],"current_hp_per_floor":[74,75,75,52,52,52,58,58,58,58,58,23,23,45,45,9,53,0,0],"gold":96,"neow_bonus":"THREE_ENEMY_KILL","is_daily":false,"chose_seed":false,"campfire_upgraded":3,"win_rate":0.0,"timestamp":1613562864,"path_taken":["M","M","?","?","?","R","E","?","T","R","$","E","$","?","R","BOSS","M"],"items_purchased_type":["Card"],"build_version":"2020-12-22","purchased_purges":2,"victory":false,"max_hp_per_floor":[75,75,75,75,75,75,75,68,68,68,68,68,68,68,68,68,68,68,68],"card_choices":[{"not_picked":["Flex","True Grit"],"picked":"Cleave","floor":1.0},{"not_picked":["Body Slam","Anger"],"picked":"Shrug It Off","floor":2.0},{"not_picked":["Sword Boomerang","Rage+1"],"picked":"Warcry+1","floor":7.0},{"not_picked":["Power Through+1","Seeing Red+1"],"picked":"Wild Strike","floor":12.0},{"not_picked":["Demon Form","Berserk"],"picked":"Impervious+1","floor":16.0}],"player_experience":460358,"relics_obtained":[{"floor":7.0,"key":"Toxic Egg 2"},{"floor":9.0,"key":"Bag of Marbles"},{"floor":12.0,"key":"Ancient Tea Set"}],"event_choices":[{"cards_removed":["Strike_R"],"damage_healed":0.0,"max_hp_gain":0.0,"max_hp_loss":0.0,"gold_gain":0.0,"event_name":"The Cleric","player_choice":"Card Removal","floor":3.0,"gold_loss":75.0,"damage_taken":0.0},{"damage_healed":0.0,"max_hp_gain":0.0,"max_hp_loss":0.0,"gold_gain":0.0,"event_name":"Shining Light","player_choice":"Entered Light","floor":4.0,"gold_loss":0.0,"damage_taken":23.0,"cards_upgraded":["Defend_R","Shrug It Off"]},{"damage_healed":0.0,"max_hp_gain":0.0,"max_hp_loss":0.0,"gold_gain":150.0,"event_name":"Liars Game","player_choice":"AGREE","floor":5.0,"gold_loss":0.0,"damage_taken":0.0,"cards_obtained":["Doubt"]},{"damage_healed":0.0,"max_hp_gain":0.0,"max_hp_loss":7.0,"gold_gain":0.0,"event_name":"Golden Idol","player_choice":"Lose Max HP","floor":8.0,"gold_loss":0.0,"damage_taken":0.0,"relics_obtained":["Golden Idol"]},{"damage_healed":22.0,"max_hp_gain":0.0,"max_hp_loss":0.0,"gold_gain":0.0,"event_name":"Big Fish","player_choice":"Banana","floor":14.0,"gold_loss":0.0,"damage_taken":0.0}],"is_beta":false,"boss_relics":[{"not_picked":["Ectoplasm","Coffee Dripper"],"picked":"Black Blood"}],"items_purged_floors":[11,13],"is_endless":false,"potions_floor_spawned":[7,12],"killed_by":"3 Byrds","ascension_level":19}}