{"host":"90jl2h70xtuoeg0i","time":1613542549,"event":{"mods":["AchievementEnabler","BaseMod","Colored Map","Colored Powertips","Minty Spire (QoL Compilation)","Relic Stats","ojb\u0027s Better Paths Mod","ojb\u0027s Info Mod"],"gold_per_floor":[118,15,28,28,28,71,94,94,142,142,61,61,92,131,131,227,227,241,241,241,241,79,79,115,115,115,129,129,164,164,185,185,281,281,300,320,320,320,338,338,379,379,432,475,375,51,0,43,43,43,43,43,43,14,58,58,58],"floor_reached":56,"language":"ENG","playtime":13291,"items_purged":["Strike_G","Strike_G+1","Strike_G+1"],"score":2192,"play_id":"c83df73b-6c72-4bcc-9612-4d6eb4f73cb2","local_time":"20210217011549","is_ascension_mode":true,"campfire_choices":[{"data":"Neutralize","floor":8.0,"key":"SMITH"},{"data":"Dash","floor":12.0,"key":"SMITH"},{"data":"Bullet Time","floor":15.0,"key":"SMITH"},{"floor":23.0,"key":"REST"},{"data":"Predator","floor":25.0,"key":"SMITH"},{"data":"Prepared","floor":28.0,"key":"SMITH"},{"data":"Underhanded Strike","floor":32.0,"key":"SMITH"},{"data":"Blade Dance","floor":40.0,"key":"SMITH"},{"floor":42.0,"key":"RECALL"},{"data":"Caltrops","floor":49.0,"key":"SMITH"},{"floor":53,"key":"REST"}],"circlet_count":0,"master_deck":["AscendersBane","Strike_G+1","Defend_G+1","Defend_G+1","Defend_G+1","Defend_G+1","Defend_G+1","Survivor","Neutralize+1","Deadly Poison","Bullet Time+1","Backflip","Prepared+1","A Thousand Cuts+1","Predator+1","Underhanded Strike+1","Necronomicurse","Bullet Time+1","Acrobatics","Blade Dance+1","Crippling Poison","Terror","After Image","Caltrops+1","Eviscerate+1"],"relics":["Ring of the Snake","NeowsBlessing","Golden Idol","Matryoshka","Paper Crane","Juzu Bracelet","Akabeko","Blood Vial","Ancient Tea Set","Odd Mushroom","Prayer Wheel","Snecko Eye","Necronomicon","DollysMirror","Orichalcum","HornCleat","Sundial","WristBlade","Anchor","Whetstone","Bottled Tornado","Membership Card","Pen Nib","Red Mask","Gremlin Horn","Kunai"],"acts_visited":["TheEnding"],"potions_floor_usage":[55,56,56],"damage_taken":[{"damage":0.0,"enemies":"Cultist","floor":1.0,"turns":1.0},{"damage":0.0,"enemies":"Jaw Worm","floor":3.0,"turns":1.0},{"damage":0.0,"enemies":"Lagavulin","floor":6.0,"turns":1.0},{"damage":0.0,"enemies":"The Mushroom Lair","floor":13.0,"turns":5.0},{"damage":20.0,"enemies":"3 Sentries","floor":14.0,"turns":16.0},{"damage":7.0,"enemies":"The Guardian","floor":16.0,"turns":14.0},{"damage":10.0,"enemies":"3 Byrds","floor":18.0,"turns":5.0},{"damage":8.0,"enemies":"Book of Stabbing","floor":24.0,"turns":5.0},{"damage":0.0,"enemies":"Shell Parasite","floor":27.0,"turns":2.0},{"damage":0.0,"enemies":"Gremlin Leader","floor":29.0,"turns":3.0},{"damage":0.0,"enemies":"Centurion and Healer","floor":31.0,"turns":5.0},{"damage":2.0,"enemies":"Champ","floor":33.0,"turns":10.0},{"damage":0.0,"enemies":"3 Shapes","floor":35.0,"turns":2.0},{"damage":0.0,"enemies":"3 Darklings","floor":36.0,"turns":3.0},{"damage":16.0,"enemies":"Sphere and 2 Shapes","floor":39.0,"turns":6.0},{"damage":0.0,"enemies":"Nemesis","floor":41.0,"turns":5.0},{"damage":0.0,"enemies":"Giant Head","floor":44.0,"turns":3.0},{"damage":0.0,"enemies":"Reptomancer","floor":48.0,"turns":4.0},{"damage":41.0,"enemies":"Awakened One","floor":50.0,"turns":9.0},{"damage":8,"enemies":"Donu and Deca","floor":51,"turns":6},{"damage":30,"enemies":"Shield and Spear","floor":55,"turns":5},{"damage":66,"enemies":"The Heart","floor":56,"turns":6}],"seed_played":"7806972635762339714","potions_obtained":[{"floor":6.0,"key":"EssenceOfSteel"},{"floor":13.0,"key":"LiquidMemories"},{"floor":18.0,"key":"Energy Potion"},{"floor":31.0,"key":"SteroidPotion"},{"floor":36.0,"key":"AttackPotion"},{"floor":48.0,"key":"Energy Potion"},{"floor":55,"key":"Swift Potion"}],"is_trial":false,"path_per_floor":["M","$","M","?","?","E","T","R","T","$","$","R","?","E","R","B",null,"M","?","?","?","$","R","E","R","T","M","R","E","?","M","R","B",null,"M","M","T","?","M","R","E","R","T","E","$","$","?","E","R","B","B",null,"R","$","E","B"],"character_chosen":"THE_SILENT","items_purchased":["Deadly Poison","Dash","DollysMirror","Membership Card","Pen Nib","Caltrops","Weak Potion"],"campfire_rested":2,"item_purchase_floors":[2,11,22,46,46,46,54],"current_hp_per_floor":[59,59,59,59,48,48,48,48,48,48,48,48,50,32,32,27,52,44,44,23,23,23,41,35,35,35,37,37,39,39,41,41,41,55,57,59,59,59,44,44,46,46,46,48,48,48,48,50,50,11,5,46,60,60,30,0,0],"gold":58,"neow_bonus":"THREE_ENEMY_KILL","is_daily":false,"chose_seed":false,"campfire_upgraded":8,"win_rate":0.0,"timestamp":1613542549,"path_taken":["M","?","M","?","?","E","?","R","T","?","$","R","?","E","R","BOSS","M","?","?","?","$","R","E","R","T","M","R","E","?","M","R","BOSS","M","M","?","?","M","R","E","R","T","E","?","$","?","E","R","BOSS","BOSS","R","$","E","BOSS"],"items_purchased_type":["Card","Card","Relic","Relic","Relic","Card","Potion"],"build_version":"2020-12-22","purchased_purges":3,"victory":false,"max_hp_per_floor":[66,66,66,60,60,60,60,60,60,60,60,60,60,60,60,60,60,60,60,60,60,60,60,60,60,60,60,60,60,60,60,60,60,60,60,60,60,60,60,60,60,60,60,60,60,60,60,60,60,60,60,60,60,60,60,60,60],"relic_stats":{"Gremlin Horn":[3,5],"counters":[10,49],"Golden Idol":93,"Pen Nib":[7],"Juzu Bracelet":0,"Whetstone":[],"Orichalcum":[0],"Blood Vial":17,"Sundial":[10],"Snecko Eye":[98,97,117,100],"Prayer Wheel":3,"Necronomicon":[12],"Kunai":[0],"obtain_stats":[{"Gremlin Horn":48,"Juzu Bracelet":0,"Whetstone":41,"Bottled Tornado":44,"Ancient Tea Set":0,"Blood Vial":0,"Matryoshka":0,"HornCleat":0,"WristBlade":0,"DollysMirror":0,"Sundial":0,"Prayer Wheel":0,"Necronomicon":0,"Red Mask":47,"Kunai":55,"Ring of the Snake":0,"NeowsBlessing":0,"Golden Idol":0,"Pen Nib":46,"Paper Crane":0,"Odd Mushroom":0,"Orichalcum":0,"Akabeko":0,"Anchor":37,"Snecko Eye":0,"Membership Card":46},{"Gremlin Horn":6,"Juzu Bracelet":0,"Whetstone":4,"Bottled Tornado":5,"Ancient Tea Set":0,"Blood Vial":0,"Matryoshka":0,"HornCleat":0,"WristBlade":0,"DollysMirror":0,"Sundial":0,"Prayer Wheel":0,"Necronomicon":0,"Red Mask":5,"Kunai":9,"Ring of the Snake":0,"NeowsBlessing":0,"Golden Idol":0,"Pen Nib":5,"Paper Crane":0,"Odd Mushroom":0,"Orichalcum":0,"Akabeko":0,"Anchor":2,"Snecko Eye":0,"Membership Card":5},{"Gremlin Horn":23,"Juzu Bracelet":0,"Whetstone":16,"Bottled Tornado":19,"Ancient Tea Set":0,"Blood Vial":0,"Matryoshka":0,"HornCleat":0,"WristBlade":0,"DollysMirror":0,"Sundial":0,"Prayer Wheel":0,"Necronomicon":0,"Red Mask":19,"Kunai":43,"Ring of the Snake":0,"NeowsBlessing":0,"Golden Idol":0,"Pen Nib":19,"Paper Crane":0,"Odd Mushroom":0,"Orichalcum":0,"Akabeko":0,"Anchor":5,"Snecko Eye":0,"Membership Card":19}],"Ring of the Snake":[20]},"card_choices":[{"not_picked":["PiercingWail","Acrobatics","Skewer"],"picked":"SKIP","floor":1.0},{"not_picked":["PiercingWail","Acrobatics","Skewer"],"picked":"SKIP","floor":1.0},{"not_picked":["Dagger Spray","Cloak And Dagger","Endless Agony"],"picked":"SKIP","floor":3.0},{"not_picked":["Masterful Stab","After Image"],"picked":"Bullet Time","floor":6.0},{"not_picked":["Quick Slash","Dodge and Roll"],"picked":"Backflip","floor":13.0},{"not_picked":["Tactician","Slice"],"picked":"Prepared","floor":14.0},{"not_picked":["Phantasmal Killer","Bullet Time"],"picked":"A Thousand Cuts","floor":16.0},{"not_picked":["Blur","Underhanded Strike+1"],"picked":"Predator","floor":18.0},{"not_picked":["Distraction","Quick Slash"],"picked":"Underhanded Strike","floor":18.0},{"not_picked":["All Out Attack","Dagger Spray","Sucker Punch"],"picked":"SKIP","floor":24.0},{"not_picked":["Bouncing Flask","Poisoned Stab"],"picked":"Acrobatics","floor":27.0},{"not_picked":["Backstab","Deadly Poison","Prepared"],"picked":"SKIP","floor":27.0},{"not_picked":["Cloak And Dagger","Outmaneuver","Acrobatics"],"picked":"SKIP","floor":29.0},{"not_picked":["Deadly Poison","Dagger Spray","All Out Attack"],"picked":"SKIP","floor":31.0},{"not_picked":["Reflex","Outmaneuver","Envenom"],"picked":"SKIP","floor":31.0},{"not_picked":["Sucker Punch","Bane"],"picked":"Blade Dance","floor":35.0},{"not_picked":["Prepared","Sucker Punch"],"picked":"Crippling Poison","floor":35.0},{"not_picked":["Dagger Spray+1","Slice","Flying Knee+1"],"picked":"SKIP","floor":36.0},{"not_picked":["Flying Knee","Acrobatics","Bouncing Flask+1"],"picked":"SKIP","floor":36.0},{"not_picked":["Dodge and Roll","Deadly Poison+1","Underhanded Strike"],"picked":"SKIP","floor":39.0},{"not_picked":["Sucker Punch+1","PiercingWail+1","Underhanded Strike"],"picked":"SKIP","floor":39.0},{"not_picked":["Deadly Poison","Poisoned Stab+1"],"picked":"Terror","floor":41.0},{"not_picked":["Noxious Fumes","Finisher"],"picked":"After Image","floor":44.0},{"not_picked":["Dagger Throw+1","Skewer"],"picked":"Eviscerate+1","floor":48.0},{"not_picked":["Dagger Throw","Blur","Dagger Spray"],"picked":"SKIP","floor":55}],"player_experience":1472808,"relics_obtained":[{"floor":6.0,"key":"Paper Crane"},{"floor":7.0,"key":"Juzu Bracelet"},{"floor":7.0,"key":"Akabeko"},{"floor":9.0,"key":"Blood Vial"},{"floor":9.0,"key":"Ancient Tea Set"},{"floor":13.0,"key":"Odd Mushroom"},{"floor":14.0,"key":"Prayer Wheel"},{"floor":20.0,"key":"Necronomicon"},{"floor":24.0,"key":"Orichalcum"},{"floor":26.0,"key":"HornCleat"},{"floor":29.0,"key":"Sundial"},{"floor":37.0,"key":"Anchor"},{"floor":41.0,"key":"Whetstone"},{"floor":44.0,"key":"Bottled Tornado"},{"floor":48.0,"key":"Gremlin Horn"},{"floor":55,"key":"Kunai"}],"event_choices":[{"damage_healed":0.0,"max_hp_gain":0.0,"max_hp_loss":6.0,"gold_gain":0.0,"event_name":"Golden Idol","player_choice":"Lose Max HP","floor":4.0,"gold_loss":0.0,"damage_taken":0.0,"relics_obtained":["Golden Idol"]},{"damage_healed":0.0,"max_hp_gain":0.0,"max_hp_loss":0.0,"gold_gain":0.0,"event_name":"Scrap Ooze","player_choice":"Success","floor":5.0,"gold_loss":0.0,"damage_taken":11.0,"relics_obtained":["Matryoshka"]},{"damage_healed":0.0,"max_hp_gain":0.0,"max_hp_loss":0.0,"gold_gain":0.0,"event_name":"Mushrooms","player_choice":"Fought Mushrooms","floor":13.0,"gold_loss":0.0,"damage_taken":0.0},{"damage_healed":0.0,"max_hp_gain":0.0,"max_hp_loss":0.0,"gold_gain":0.0,"event_name":"Upgrade Shrine","player_choice":"Upgraded","floor":19.0,"gold_loss":0.0,"damage_taken":0.0,"cards_upgraded":["A Thousand Cuts"]},{"damage_healed":0.0,"max_hp_gain":0.0,"max_hp_loss":0.0,"gold_gain":0.0,"event_name":"Cursed Tome","player_choice":"Obtained Book","floor":20.0,"gold_loss":0.0,"damage_taken":21.0},{"damage_healed":0.0,"max_hp_gain":0.0,"max_hp_loss":0.0,"gold_gain":0.0,"event_name":"Back to Basics","player_choice":"Simplicity","floor":21.0,"gold_loss":0.0,"damage_taken":0.0,"cards_upgraded":["Strike_G","Strike_G","Strike_G","Strike_G","Defend_G","Defend_G","Defend_G","Defend_G","Defend_G"]},{"cards_removed":["Strike_G"],"damage_healed":0.0,"max_hp_gain":0.0,"max_hp_loss":0.0,"gold_gain":0.0,"event_name":"Bonfire Elementals","player_choice":"Offered Basic","floor":30.0,"gold_loss":0.0,"damage_taken":0.0},{"cards_removed":["Dash"],"damage_healed":0.0,"max_hp_gain":0.0,"max_hp_loss":0.0,"gold_gain":0.0,"event_name":"Falling","player_choice":"Removed Attack","floor":38.0,"gold_loss":0.0,"damage_taken":0.0},{"damage_healed":0.0,"max_hp_gain":0.0,"max_hp_loss":0.0,"gold_gain":0.0,"event_name":"Tomb of Lord Red Mask","player_choice":"Paid","floor":47.0,"gold_loss":51.0,"damage_taken":0.0,"relics_obtained":["Red Mask"]}],"is_beta":false,"boss_relics":[{"not_picked":["Empty Cage","Velvet Choker"],"picked":"Snecko Eye"},{"not_picked":["Ring of the Serpent","Astrolabe"],"picked":"WristBlade"}],"items_purged_floors":[2,45,46],"is_endless":false,"potions_floor_spawned":[6,13,18,31,36,48,55],"killed_by":"The Heart","ascension_level":20}}