{"host":"a1eatafr7pisesky","time":1613563552,"event":{"mods":["AchievementEnabler","BaseMod","Colored Map","Keyboard Shortcuts","Minty Spire (QoL Compilation)","Say the Spire","StSLib","SuperFastMode","everything is the same but u backflip on backflip"],"gold_per_floor":[111,186,156,167,185,185,73,106,132,32,64,64,214,47,47,118,118,138,148,166,166,91,91,117,117,117,117,136,136,186,186,186],"floor_reached":31,"language":"KOR","playtime":538,"items_purged":["Strike_G","Strike_G","Doubt"],"score":466,"play_id":"e39f306e-4d56-4b73-b5e8-f9e984956de4","local_time":"20210217210552","is_ascension_mode":true,"campfire_choices":[{"data":"Skewer","floor":6.0,"key":"SMITH"},{"floor":12.0,"key":"REST"},{"data":"Terror","floor":15.0,"key":"SMITH"},{"data":"Calculated Gamble","floor":23.0,"key":"SMITH"},{"floor":27.0,"key":"REST"},{"floor":29,"key":"REST"}],"circlet_count":0,"master_deck":["AscendersBane","Strike_G","Strike_G","Defend_G","Defend_G","Defend_G","Defend_G","Survivor","Neutralize","Finisher","Slice","Dagger Spray","Dagger Throw","Skewer+1","Leg Sweep","Acrobatics","Backflip","Terror+1","Die Die Die","PiercingWail","Dagger Spray","Dash","Ghostly","Ghostly","Ghostly","Calculated Gamble+1","Catalyst"],"relics":["Ring of the Snake","Nunchaku","Bag of Marbles","Potion Belt","SlaversCollar","Boot","Torii"],"acts_visited":["Exordium","TheCity"],"potions_floor_usage":[28],"damage_taken":[{"damage":7.0,"enemies":"2 Louse","floor":1.0,"turns":3.0},{"damage":3.0,"enemies":"Small Slimes","floor":4.0,"turns":3.0},{"damage":0.0,"enemies":"Cultist","floor":5.0,"turns":2.0},{"damage":24.0,"enemies":"Lagavulin","floor":8.0,"turns":5.0},{"damage":20.0,"enemies":"3 Sentries","floor":11.0,"turns":6.0},{"damage":7.0,"enemies":"The Guardian","floor":16.0,"turns":14.0},{"damage":11.0,"enemies":"2 Thieves","floor":18.0,"turns":3.0},{"damage":3.0,"enemies":"Spheric Guardian","floor":19.0,"turns":4.0},{"damage":25.0,"enemies":"Snake Plant","floor":20.0,"turns":5.0},{"damage":9.0,"enemies":"Gremlin Leader","floor":24.0,"turns":5.0},{"damage":3,"enemies":"Centurion and Healer","floor":28,"turns":4},{"damage":12,"enemies":"Snecko","floor":31,"turns":6}],"seed_played":"-2637160661416635992","potions_obtained":[{"floor":3.0,"key":"AttackPotion"},{"floor":3.0,"key":"Regen Potion"},{"floor":5.0,"key":"BlessingOfTheForge"},{"floor":16.0,"key":"LiquidMemories"},{"floor":19.0,"key":"SpeedPotion"},{"floor":24.0,"key":"GamblersBrew"},{"floor":28,"key":"GamblersBrew"}],"is_trial":false,"path_per_floor":["M","?","?","M","M","R","$","E","T","$","E","R","?","$","R","B",null,"M","M","M","?","$","R","E","?","T","R","M","R","?","M"],"character_chosen":"THE_SILENT","items_purchased":["Leg Sweep","Terror","Calculated Gamble"],"campfire_rested":3,"item_purchase_floors":[7,14,22],"current_hp_per_floor":[52,41,41,38,38,38,38,26,26,26,6,24,24,24,24,17,49,38,35,10,10,10,10,1,1,1,10,7,16,16,4,4],"gold":186,"neow_bonus":"TRANSFORM_TWO_CARDS","is_daily":false,"chose_seed":false,"campfire_upgraded":3,"win_rate":0.0,"timestamp":1613563552,"path_taken":["M","?","?","M","?","R","$","E","T","?","E","R","?","$","R","BOSS","M","M","M","?","$","R","E","?","T","R","M","R","?","?"],"items_purchased_type":["Card","Card","Card"],"build_version":"2020-12-22","purchased_purges":3,"victory":false,"max_hp_per_floor":[60,60,60,60,60,60,60,60,60,60,60,60,60,60,60,60,60,60,60,60,30,30,30,30,30,30,30,30,30,30,30,30],"card_choices":[{"not_picked":["Deflect","Reflex"],"picked":"Dagger Spray","floor":1.0},{"not_picked":["Bane","Flying Knee"],"picked":"Dagger Throw","floor":4.0},{"not_picked":["Bane","Sucker Punch"],"picked":"Skewer","floor":5.0},{"not_picked":["Tactician","Phantasmal Killer"],"picked":"Acrobatics","floor":8.0},{"not_picked":["Slice","Heel Hook"],"picked":"Backflip","floor":11.0},{"not_picked":["Tools of the Trade","Malaise"],"picked":"Die Die Die","floor":16.0},{"not_picked":["Deadly Poison","Dodge and Roll"],"picked":"PiercingWail","floor":18.0},{"not_picked":["Accuracy","Sucker Punch"],"picked":"Dagger Spray","floor":19.0},{"not_picked":["Noxious Fumes","Dagger Spray"],"picked":"Dash","floor":20.0},{"not_picked":["Dodge and Roll","Choke+1","Bouncing Flask"],"picked":"SKIP","floor":24.0},{"not_picked":["Backstab","Bane"],"picked":"Catalyst","floor":28}],"player_experience":460629,"relics_obtained":[{"floor":8.0,"key":"Nunchaku"},{"floor":9.0,"key":"Bag of Marbles"},{"floor":11.0,"key":"Potion Belt"},{"floor":24.0,"key":"Boot"},{"floor":26.0,"key":"Torii"}],"event_choices":[{"damage_healed":0.0,"max_hp_gain":0.0,"max_hp_loss":0.0,"gold_gain":75.0,"event_name":"World of Goop","player_choice":"Gather Gold","floor":2.0,"gold_loss":0.0,"damage_taken":11.0},{"damage_healed":0.0,"max_hp_gain":0.0,"max_hp_loss":0.0,"gold_gain":0.0,"event_name":"The Woman in Blue","player_choice":"Bought 2 Potions","floor":3.0,"gold_loss":0.0,"damage_taken":0.0},{"damage_healed":0.0,"max_hp_gain":0.0,"max_hp_loss":0.0,"gold_gain":150.0,"event_name":"Liars Game","player_choice":"AGREE","floor":13.0,"gold_loss":0.0,"damage_taken":0.0,"cards_obtained":["Doubt"]},{"damage_healed":0.0,"max_hp_gain":0.0,"max_hp_loss":30.0,"gold_gain":0.0,"event_name":"Ghosts","player_choice":"Became a Ghost","floor":21.0,"gold_loss":0.0,"damage_taken":0.0,"cards_obtained":["Ghostly","Ghostly","Ghostly"]},{"damage_healed":0.0,"max_hp_gain":0.0,"max_hp_loss":0.0,"gold_gain":0.0,"event_name":"Vampires","player_choice":"Ignored","floor":25.0,"gold_loss":0.0,"damage_taken":0.0},{"damage_healed":0,"gold_gain":50,"player_choice":"Pray","damage_taken":0,"max_hp_gain":0,"max_hp_loss":0,"event_name":"Golden Shrine","floor":30,"gold_loss":0}],"is_beta":false,"boss_relics":[{"not_picked":["Pandora\u0027s Box","Cursed Key"],"picked":"SlaversCollar"}],"items_purged_floors":[7,10,14],"is_endless":false,"potions_floor_spawned":[5,16,19,24,28],"killed_by":"Snecko","ascension_level":16}}