{"host":"cz96naaoibjp08st","time":1613564843,"event":{"mods":["Act Like it!","BaseMod","BetterRewards","GifTheSpireLib","Minty Spire (QoL Compilation)","Replay The Spire","Shop Mod","StSLib","The Bug Knight"],"gold_per_floor":[158,192,211,250,280,280,365,365,437,482,552,567,567,629,629,753,753,760,795,807,462,402,402,402],"floor_reached":23,"language":"ZHS","playtime":1254,"items_purged":[],"score":191,"play_id":"4b52a976-3808-48a3-b56a-13d2efe5c718","local_time":"20210217202723","is_ascension_mode":false,"campfire_choices":[{"data":"HandOfGreed","floor":6,"key":"SMITH"},{"floor":13,"key":"REST"},{"floor":15,"key":"REST"}],"circlet_count":0,"master_deck":["HollowMod:NailStrikeStart","HollowMod:NailStrikeStart","HollowMod:NailStrikeStart","HollowMod:NailStrikeStart","HollowMod:QuickDashStart","HollowMod:QuickDashStart","HollowMod:QuickDashStart","HollowMod:QuickDashStart","HollowMod:FocusHealStart","HollowMod:PogoStrike","HandOfGreed+1","HollowMod:PerfectDash","HollowMod:InfectedCysts","HollowMod:SoulVessel","HollowMod:DesolateDive","HollowMod:FastStrike","HollowMod:MawleksShell","HollowMod:ChannelNail","HollowMod:GoodIntentions","HollowMod:SlysStrikes","HollowMod:HuntersJournal","HollowMod:HeavyBlow"],"relics":["HollowMod:VesselMask","CultistMask","ReplayTheSpireMod:Ninjato","Sozu","Bag of Preparation","Ancient Tea Set"],"acts_visited":["Exordium","TheCity"],"potions_floor_usage":[16],"damage_taken":[{"damage":5,"enemies":"Small Slimes","floor":1,"turns":4},{"damage":1,"enemies":"Cultist","floor":2,"turns":3},{"damage":0,"enemies":"2 Louse","floor":3,"turns":1},{"damage":9,"enemies":"Looter","floor":4,"turns":4},{"damage":14,"enemies":"Red Slaver","floor":5,"turns":5},{"damage":18,"enemies":"Lots of Slimes","floor":7,"turns":5},{"damage":8,"enemies":"2 Fungi Beasts","floor":10,"turns":4},{"damage":5,"enemies":"Exordium Wildlife","floor":11,"turns":8},{"damage":15,"enemies":"Blue Slaver","floor":12,"turns":4},{"damage":17,"enemies":"Exordium Thugs","floor":14,"turns":4},{"damage":17,"enemies":"Slime Boss","floor":16,"turns":7},{"damage":20,"enemies":"2 Thieves","floor":18,"turns":4},{"damage":44,"enemies":"Chosen","floor":19,"turns":8},{"damage":28,"enemies":"Centurion and Healer","floor":20,"turns":6},{"damage":11,"enemies":"Shelled Parasite and Fungi","floor":23,"turns":2}],"seed_played":"6675728964410177317","potions_obtained":[{"floor":5,"key":"SmokeBomb"},{"floor":7,"key":"Explosive Potion"},{"floor":11,"key":"Venom Potion"},{"floor":12,"key":"LiquidMemories"}],"is_trial":false,"path_per_floor":["M","M","M","M","M","R","M","?","T","M","M","M","R","M","R","B",null,"M","M","M","$","?","M"],"character_chosen":"THE_BUGKNIGHT","items_purchased":["Bag of Preparation","Ancient Tea Set","HollowMod:HeavyBlow"],"campfire_rested":2,"item_purchase_floors":[21,21,21],"current_hp_per_floor":[55,60,60,51,37,37,25,25,25,23,18,3,25,8,30,13,75,61,27,9,9,9,0,0],"gold":402,"neow_bonus":"RANDOM_COLORLESS_2","is_daily":false,"chose_seed":false,"campfire_upgraded":1,"win_rate":0.0,"timestamp":1613564843,"path_taken":["M","M","M","M","M","R","M","?","T","M","M","M","R","M","R","BOSS","M","M","?","$","?","M"],"items_purchased_type":["Relic","Relic","Card"],"build_version":"2020-12-22","purchased_purges":0,"victory":false,"max_hp_per_floor":[75,75,75,75,75,75,75,75,75,75,75,75,75,75,75,75,75,75,75,75,75,75,75,75],"card_choices":[{"not_picked":["Midas Touch","Metamorphosis"],"picked":"HandOfGreed","floor":0},{"not_picked":["HollowMod:NewJinnsSoul","HollowMod:GoodIntentions"],"picked":"HollowMod:PerfectDash","floor":1},{"not_picked":["HollowMod:DoubleDash","HollowMod:GoodIntentions"],"picked":"HollowMod:InfectedCysts","floor":2},{"not_picked":["HollowMod:NewGlowingWomb","HollowMod:DreamGate"],"picked":"HollowMod:SoulVessel","floor":3},{"not_picked":["HollowMod:ShapeofUnn","HollowMod:InfectedCysts"],"picked":"HollowMod:DesolateDive","floor":4},{"not_picked":["HollowMod:QuirrelsAssistance","HollowMod:ShadowDash"],"picked":"HollowMod:FastStrike","floor":5},{"not_picked":["HollowMod:SoulSplash","HollowMod:NewGlowingWomb","HollowMod:MothsMistake"],"picked":"SKIP","floor":7},{"not_picked":["HollowMod:SoulStrike","HollowMod:VengefulVoid"],"picked":"HollowMod:MawleksShell","floor":10},{"not_picked":["HollowMod:TaintedHusks","HollowMod:MothsMistake","HollowMod:CycloneSlash"],"picked":"SKIP","floor":11},{"not_picked":["HollowMod:NewInfectedGuardian","HollowMod:SiblingsSouls"],"picked":"HollowMod:ChannelNail","floor":12},{"not_picked":["HollowMod:DoubleDash","HollowMod:BlackTendrils"],"picked":"HollowMod:GoodIntentions","floor":14},{"not_picked":["HollowMod:ElderbugsWisdom","HollowMod:HornetsHelp"],"picked":"HollowMod:SlysStrikes","floor":16},{"not_picked":["HollowMod:SoulSplash","HollowMod:NewJinnsSoul","HollowMod:QuirrelsAssistance"],"picked":"SKIP","floor":18},{"not_picked":["HollowMod:WraithStrike","HollowMod:CornifersMapStart"],"picked":"HollowMod:HuntersJournal","floor":19},{"not_picked":["HollowMod:SiblingsSouls","HollowMod:CornifersMapStart","HollowMod:DescendingDark+1"],"picked":"SKIP","floor":20}],"player_experience":294830,"relics_obtained":[{"floor":9,"key":"ReplayTheSpireMod:Ninjato"}],"event_choices":[{"damage_healed":0,"gold_gain":0,"player_choice":"Trade","damage_taken":0,"relics_obtained":["CultistMask"],"max_hp_gain":0,"max_hp_loss":0,"event_name":"FaceTrader","floor":8,"gold_loss":0}],"is_beta":false,"boss_relics":[{"not_picked":["Cursed Key","Fusion Hammer"],"picked":"Sozu"}],"items_purged_floors":[],"is_endless":false,"potions_floor_spawned":[5,7,11,12,14],"killed_by":"Shelled Parasite and Fungi","ascension_level":0}}