{"host":"rm0ctv8qd8mnbkg1","time":1613579014,"event":{"mods":["BaseMod","Beaked The Cultist","BetterRewards","Colored Map","DNKmod","Dark Map","Defuse TimeMaze Blight","Downfall","Friendly Minions","Hubris","Marisa????????","Minty Spire (QoL Compilation)","MostiFishMod","Permanent Neow","Rare Cards Sparkle","Relic Sorter","Reliquary","Replay The Spire","RumiaBox-????????","Shade Mod","Shop Mod","Spicy Shops","Spire Arcade","StSLib","The Construct","The Servant 0.9.4","TheVacant","Wandering Minibosses","??????REMEMod"],"gold_per_floor":[10000,10017,9045,9059,9159,9172,9172,9172,9184,9184,9184,9184],"floor_reached":10,"language":"ENG","playtime":400,"items_purged":["Pride"],"score":108,"play_id":"0e14d793-7540-4eb1-bdfa-63bb5528612c","local_time":"20210217162334","is_ascension_mode":false,"campfire_choices":[{"data":"MostiFishMod:WinterMarkForm","floor":1,"key":"SMITH"}],"circlet_count":0,"master_deck":["sneckomod:Strike","sneckomod:Strike","sneckomod:Strike","sneckomod:Defend","sneckomod:Defend","sneckomod:Defend","sneckomod:TailWhip","sneckomod:SnekBite","sneckomod:Unknown","sneckomod:Unknown","MostiFishMod:FrostNova","MostiFishMod:WinterMarkForm+1","Immolate","sneckomod:UnknownExhaust","sneckomod:WideSting","sneckomod:UnknownStrength","beaked:KnowThyFoe","sneckomod:DiceBoulder"],"relics":["sneckomod:SneckoSoul","REME_ComplimentaryCards","DaveBox","FrostBlade","reliquary:SharkskinSheath","BirthdayGift-Icosahedron","GodSword7","downfall:GremlinWheel","Counterbalance","BranchBurnRelic"],"acts_visited":["Exordium"],"potions_floor_usage":[],"damage_taken":[{"damage":0,"enemies":"Small Slimes","floor":2,"turns":2},{"damage":10,"enemies":"downfall:FleeingMerchant","floor":3,"turns":6},{"damage":0,"enemies":"Cultist","floor":4,"turns":2},{"damage":0,"enemies":"Cultist","floor":5,"turns":2},{"damage":0,"enemies":"2 Louse","floor":6,"turns":1},{"damage":0,"enemies":"Large Slime","floor":9,"turns":2},{"damage":0,"enemies":"Lagavulin","floor":10,"turns":1}],"seed_played":"-7157876997352495021","potions_obtained":[{"floor":5,"key":"Ancient Potion"}],"is_trial":false,"path_per_floor":["R","M","$","M","?","M","T","R","M","E"],"character_chosen":"THE_SNECKO","items_purchased":["BirthdayGift-Icosahedron","Dead Branch","sneckomod:Unknown3Cost","GodSword7"],"campfire_rested":0,"item_purchase_floors":[3,3,3,3],"current_hp_per_floor":[1000,1000,990,991,992,993,993,993,999,999,999,999],"gold":9184,"neow_bonus":"RANDOM_COMMON_RELIC","is_daily":false,"chose_seed":false,"campfire_upgraded":1,"win_rate":0.0,"timestamp":1613579014,"path_taken":["R","M","$","M","?","?","T","R","M","E"],"items_purchased_type":["Relic","Relic","Card","Relic"],"build_version":"2020-12-22","purchased_purges":1,"victory":false,"max_hp_per_floor":[1000,1000,1000,1000,1000,1000,1000,1000,1000,1000,1000,1000],"card_choices":[{"not_picked":["sneckomod:WideSting","sneckomod:IronFang"],"picked":"sneckomod:UnknownExhaust","floor":2},{"not_picked":["sneckomod:UnknownBoss","sneckomod:SoulCleanse"],"picked":"sneckomod:WideSting","floor":3},{"not_picked":["sneckomod:TrashToTreasure","sneckomod:SoulDraw","sneckomod:DiceCrush"],"picked":"SKIP","floor":4},{"not_picked":["sneckomod:UnknownUncommonPower","sneckomod:QuickMove"],"picked":"sneckomod:UnknownStrength","floor":6},{"not_picked":["sneckomod:QuickBite","sneckomod:Nope"],"picked":"sneckomod:DiceBoulder","floor":9}],"player_experience":361047,"relics_obtained":[{"floor":5,"key":"downfall:GremlinWheel"},{"floor":7,"key":"Counterbalance"}],"event_choices":[],"is_beta":false,"boss_relics":[],"items_purged_floors":[3],"is_endless":false,"potions_floor_spawned":[5,6],"killed_by":"Lagavulin","ascension_level":0}}