{"host":"q8mjpf3krl0t4p3x","time":1613538294,"event":{"mods":["BaseMod","Colored Map","Colored Powertips","Googly Eyes","Minty Spire (QoL Compilation)","Quick Restart","StSLib","everything is the same but u backflip on backflip","slay the spire mod where everything is the same but ironclad has a cowboy hat"],"gold_per_floor":[112,32,45,45,45,45,65,97,170,170,198,209,234,253,253,325,325,339,352,188,103,121,121,155,155,155,32,32,32,50,63,63,134,134,147,163,188,16,16,16,16,28,28,28,28,328,340,359,359,359],"floor_reached":51,"language":"ENG","playtime":1926,"items_purged":["Strike_R"],"score":1222,"play_id":"c835d8b7-b947-42b9-bd19-932504feb6e7","local_time":"20210216210454","is_ascension_mode":true,"campfire_choices":[{"data":"Hemokinesis","floor":6.0,"key":"SMITH"},{"data":"Anger","floor":10.0,"key":"SMITH"},{"data":"Demon Form","floor":15.0,"key":"SMITH"},{"floor":23.0,"key":"REST"},{"data":"Flame Barrier","floor":25.0,"key":"SMITH"},{"data":"Shrug It Off","floor":29.0,"key":"SMITH"},{"floor":32.0,"key":"REST"},{"data":"Inflame","floor":40.0,"key":"SMITH"},{"floor":44.0,"key":"REST"},{"floor":49.0,"key":"REST"}],"circlet_count":0,"master_deck":["AscendersBane","Strike_R","Strike_R","Strike_R","Defend_R","Defend_R","Defend_R","Defend_R","Bash","Cleave+1","Hemokinesis+1","Anger+1","Battle Trance","Demon Form+1","Shrug It Off+1","Impervious","CurseOfTheBell","Double Tap","Flame Barrier+1","Inflame+1","Clumsy","Flex+1","Clumsy"],"relics":["Burning Blood","Art of War","Singing Bowl","Vajra","Du-Vu Doll","Calling Bell","Pen Nib","Matryoshka","FossilizedHelix","Blood Vial","CaptainsWheel","StrikeDummy","Toxic Egg 2","Cursed Key","Mercury Hourglass","Red Skull","Sling","Meat on the Bone"],"acts_visited":["Exordium","TheCity","TheBeyond"],"potions_floor_usage":[50],"damage_taken":[{"damage":1.0,"enemies":"Cultist","floor":1.0,"turns":3.0},{"damage":0.0,"enemies":"Small Slimes","floor":3.0,"turns":3.0},{"damage":0.0,"enemies":"2 Louse","floor":7.0,"turns":1.0},{"damage":18.0,"enemies":"3 Sentries","floor":8.0,"turns":7.0},{"damage":29.0,"enemies":"Lagavulin","floor":11.0,"turns":5.0},{"damage":5.0,"enemies":"Blue Slaver","floor":12.0,"turns":3.0},{"damage":4.0,"enemies":"Gremlin Nob","floor":13.0,"turns":2.0},{"damage":1.0,"enemies":"Red Slaver","floor":14.0,"turns":3.0},{"damage":30.0,"enemies":"Slime Boss","floor":16.0,"turns":5.0},{"damage":27.0,"enemies":"3 Byrds","floor":18.0,"turns":6.0},{"damage":16.0,"enemies":"2 Thieves","floor":19.0,"turns":4.0},{"damage":27.0,"enemies":"Shelled Parasite and Fungi","floor":22.0,"turns":5.0},{"damage":39.0,"enemies":"Slavers","floor":24.0,"turns":5.0},{"damage":3.0,"enemies":"Centurion and Healer","floor":30.0,"turns":5.0},{"damage":24.0,"enemies":"Chosen and Byrds","floor":31.0,"turns":5.0},{"damage":32.0,"enemies":"Champ","floor":33.0,"turns":10.0},{"damage":9.0,"enemies":"Orb Walker","floor":35.0,"turns":4.0},{"damage":33.0,"enemies":"3 Darklings","floor":36.0,"turns":5.0},{"damage":46.0,"enemies":"Transient","floor":42.0,"turns":5.0},{"damage":25.0,"enemies":"Maw","floor":47.0,"turns":6.0},{"damage":21.0,"enemies":"4 Shapes","floor":48.0,"turns":2.0},{"damage":74,"enemies":"Time Eater","floor":50,"turns":9}],"seed_played":"-8127099310968087701","potions_obtained":[{"floor":8.0,"key":"GamblersBrew"},{"floor":12.0,"key":"DuplicationPotion"},{"floor":13.0,"key":"SteroidPotion"},{"floor":18.0,"key":"FairyPotion"},{"floor":22.0,"key":"AttackPotion"},{"floor":24.0,"key":"PowerPotion"},{"floor":36.0,"key":"Strength Potion"}],"is_trial":false,"path_per_floor":["M","$","M","?","?","R","M","E","T","R","E","M","E","M","R","B",null,"M","M","$","?","M","R","E","R","T","$","?","R","M","M","R","B",null,"M","M","T","$","?","R","$","M","T","R","?","?","M","M","R","B",null],"character_chosen":"IRONCLAD","items_purchased":["Hemokinesis","Anger","Double Tap","BloodPotion","Sling","Flex+1"],"campfire_rested":4,"item_purchase_floors":[2,2,20,27,38,38],"current_hp_per_floor":[80,80,82,82,82,82,82,70,70,70,49,52,56,63,63,39,77,58,50,50,50,33,61,30,30,30,49,37,37,44,30,60,38,86,85,62,62,62,62,62,62,26,26,57,57,57,54,55,88,34],"gold":359,"neow_bonus":"TEN_PERCENT_HP_BONUS","is_daily":false,"chose_seed":false,"campfire_upgraded":6,"win_rate":0.0,"timestamp":1613538294,"path_taken":["M","?","?","?","?","R","M","E","T","R","E","?","E","M","R","BOSS","M","M","$","?","M","R","E","R","T","$","?","R","M","M","R","BOSS","M","M","?","$","?","R","?","M","T","R","?","?","M","M","R","BOSS"],"items_purchased_type":["Card","Card","Card","Potion","Relic","Card"],"build_version":"2020-12-22","purchased_purges":1,"victory":true,"max_hp_per_floor":[82,82,82,82,82,82,82,82,82,82,84,86,88,90,90,90,90,92,94,94,94,96,96,96,96,96,96,96,96,98,100,100,102,102,102,104,104,104,104,104,104,106,106,106,106,106,108,110,110,110],"card_choices":[{"not_picked":["Clothesline","Armaments"],"picked":"Cleave","floor":1.0},{"not_picked":["Clothesline","Heavy Blade"],"picked":"Battle Trance","floor":3.0},{"not_picked":["Heavy Blade","Havoc"],"picked":"Shrug It Off","floor":7.0},{"not_picked":["Battle Trance","Power Through","Clash"],"picked":"SKIP","floor":8.0},{"not_picked":["Wild Strike","Bludgeon","Dark Embrace"],"picked":"Singing Bowl","floor":11.0},{"not_picked":["Twin Strike","Clash","Infernal Blade"],"picked":"Singing Bowl","floor":12.0},{"not_picked":["Thunderclap","Evolve","Power Through"],"picked":"Singing Bowl","floor":13.0},{"not_picked":["Thunderclap","Seeing Red","Perfected Strike"],"picked":"Singing Bowl","floor":14.0},{"not_picked":["Corruption","Berserk"],"picked":"Impervious","floor":16.0},{"not_picked":["Rage","Reckless Charge","Flex"],"picked":"Singing Bowl","floor":18.0},{"not_picked":["Flex","Heavy Blade","Anger"],"picked":"Singing Bowl","floor":19.0},{"not_picked":["Cleave","Armaments+1","Flex"],"picked":"Singing Bowl","floor":22.0},{"not_picked":["Thunderclap","Metallicize"],"picked":"Flame Barrier","floor":24.0},{"not_picked":["Pommel Strike","Body Slam","Sentinel+1"],"picked":"Singing Bowl","floor":30.0},{"not_picked":["Perfected Strike","Thunderclap","Rupture"],"picked":"Singing Bowl","floor":31.0},{"not_picked":["Feed","Impervious+1","Berserk"],"picked":"Singing Bowl","floor":33.0},{"not_picked":["Feel No Pain","Anger"],"picked":"Inflame","floor":35.0},{"not_picked":["Second Wind+1","Iron Wave+1","Clothesline+1"],"picked":"Singing Bowl","floor":36.0},{"not_picked":["Perfected Strike","Havoc+1","Uppercut"],"picked":"Singing Bowl","floor":42.0},{"not_picked":["Barricade","Seeing Red+1","Ghostly Armor+1"],"picked":"Singing Bowl","floor":47.0},{"not_picked":["Searing Blow","Twin Strike","Headbutt"],"picked":"Singing Bowl","floor":48.0}],"player_experience":188514,"relics_obtained":[{"floor":8.0,"key":"Art of War"},{"floor":9.0,"key":"Singing Bowl"},{"floor":11.0,"key":"Vajra"},{"floor":13.0,"key":"Du-Vu Doll"},{"floor":17.0,"key":"Pen Nib"},{"floor":17.0,"key":"Matryoshka"},{"floor":17.0,"key":"FossilizedHelix"},{"floor":24.0,"key":"CaptainsWheel"},{"floor":26.0,"key":"StrikeDummy"},{"floor":26.0,"key":"Toxic Egg 2"},{"floor":37.0,"key":"Mercury Hourglass"},{"floor":37.0,"key":"Red Skull"},{"floor":43.0,"key":"Meat on the Bone"}],"event_choices":[{"damage_healed":0.0,"max_hp_gain":0.0,"max_hp_loss":0.0,"gold_gain":0.0,"event_name":"Living Wall","player_choice":"Grow","floor":4.0,"gold_loss":0.0,"damage_taken":0.0,"cards_upgraded":["Cleave"]},{"damage_healed":0.0,"max_hp_gain":0.0,"max_hp_loss":0.0,"gold_gain":0.0,"event_name":"Match and Keep!","player_choice":"1 cards matched","floor":5.0,"gold_loss":0.0,"damage_taken":0.0,"cards_obtained":["Demon Form"]},{"damage_healed":0.0,"max_hp_gain":0.0,"max_hp_loss":0.0,"gold_gain":0.0,"event_name":"Addict","player_choice":"Obtained Relic","floor":21.0,"gold_loss":85.0,"damage_taken":0.0,"relics_obtained":["Blood Vial"]},{"damage_healed":0.0,"max_hp_gain":0.0,"max_hp_loss":0.0,"gold_gain":0.0,"event_name":"Knowing Skull","player_choice":"POTION ","floor":28.0,"potions_obtained":["LiquidMemories"],"gold_loss":0.0,"damage_taken":12.0,"cards_obtained":[]},{"cards_removed":["Strike_R"],"damage_healed":0.0,"max_hp_gain":0.0,"max_hp_loss":0.0,"gold_gain":0.0,"event_name":"Falling","player_choice":"Removed Attack","floor":39.0,"gold_loss":0.0,"damage_taken":0.0},{"damage_healed":0.0,"max_hp_gain":0.0,"max_hp_loss":0.0,"gold_gain":0.0,"event_name":"Mysterious Sphere","player_choice":"Ignored","floor":45.0,"gold_loss":0.0,"damage_taken":0.0},{"damage_healed":0.0,"max_hp_gain":0.0,"max_hp_loss":0.0,"gold_gain":300.0,"event_name":"Wheel of Change","player_choice":"Gold","floor":46.0,"gold_loss":0.0,"damage_taken":0.0}],"is_beta":false,"boss_relics":[{"not_picked":["Sozu","Busted Crown"],"picked":"Calling Bell"},{"not_picked":["Black Star","Fusion Hammer"],"picked":"Cursed Key"}],"items_purged_floors":[27],"is_endless":false,"potions_floor_spawned":[8,12,13,18,22,24,36,42],"ascension_level":14}}