{"host":"9slw7l0ws16384qq","time":1613597530,"event":{"mods":["A Penny For Your Troubles","BaseMod","Colored Map","Downfall","Evolution","Hubris","Minty Spire (QoL Compilation)","Replay The Spire","StS++","StSLib"],"gold_per_floor":[0,11,0,0,18,18,43,43,43,77,77,106,106,106,122,199,199,199,215,225,225,325,340,387,399,421,200,100,114,144,29,40,40,40,40],"floor_reached":33,"language":"FRA","playtime":1861,"items_purged":["Amnesia","Guardian:StasisStrike"],"score":489,"play_id":"e51dbe68-da8c-49fa-95b5-1940a7e15c54","local_time":"20210217223210","is_ascension_mode":true,"campfire_choices":[{"data":"Guardian:TwinSlam","floor":1.0,"key":"SMITH"},{"data":"Guardian:FierceBash","floor":6.0,"key":"SMITH"},{"floor":8.0,"key":"REST"},{"floor":9.0,"key":"REST"},{"floor":11.0,"key":"REST"},{"floor":13.0,"key":"REST"},{"floor":18.0,"key":"RECALL"},{"data":"J.A.X.","floor":28.0,"key":"SMITH"}],"circlet_count":0,"master_deck":["AscendersBane","Guardian:ChargeCore+1","Guardian:Defend_Guardian","Guardian:Defend_Guardian","Guardian:Defend_Guardian+1","Guardian:Defend_Guardian","Guardian:CurlUp+1","Guardian:TwinSlam+1","Guardian:ShieldCharger+1","Guardian:FierceBash+1","Guardian:ChargeUp","Clumsy","CommonCold","Bite","Bite","Bite","Bite","Bite","J.A.X.+1","Guardian:Orbwalk","Guardian:ChargeUp"],"relics":["Guardian:ModeShifter","EVO:Axolotl","WingedGreaves","hubris:Towel","Gremlin Food","Boot","Whetstone","Replay:Ancient Bell","hubris:OldNail","hubris:BottledRain","hexamod:Sixitude","MutagenicStrength","MawBank","Medical Kit","downfall:HeartBlessingRed","hexamod:CandleOfCauterizing"],"acts_visited":["Exordium","TheCity"],"potions_floor_usage":[30,33,33],"damage_taken":[{"damage":12.0,"enemies":"Small Slimes","floor":2.0,"turns":4.0},{"damage":5.0,"enemies":"downfall:FleeingMerchant","floor":3.0,"turns":4.0},{"damage":6.0,"enemies":"2 Louse","floor":5.0,"turns":3.0},{"damage":16.0,"enemies":"Gremlin Nob","floor":10.0,"turns":4.0},{"damage":25.0,"enemies":"3 Sentries","floor":12.0,"turns":7.0},{"damage":0.0,"enemies":"Jaw Worm","floor":15.0,"turns":3.0},{"damage":8.0,"enemies":"DF_ARCHETYPE_STREAMLINE","floor":16.0,"turns":9.0},{"damage":10.0,"enemies":"Chosen","floor":19.0,"turns":5.0},{"damage":16.0,"enemies":"downfall:LooterAlt2","floor":20.0,"turns":4.0},{"damage":21.0,"enemies":"downfall:Augmenter","floor":22.0,"turns":8.0},{"damage":8.0,"enemies":"Centurion and Healer","floor":23.0,"turns":7.0},{"damage":21.0,"enemies":"Sentry and Sphere","floor":26.0,"turns":5.0},{"damage":2.0,"enemies":"downfall:FleeingMerchant","floor":27.0,"turns":4.0},{"damage":13.0,"enemies":"Snecko","floor":29.0,"turns":6.0},{"damage":21,"enemies":"Gremlin Leader","floor":30,"turns":5},{"damage":15,"enemies":"downfall:FleeingMerchant","floor":31,"turns":4},{"damage":19,"enemies":"Snake Plant","floor":32,"turns":3},{"damage":16,"enemies":"SI_MIRROR_ARCHETYPE","floor":33,"turns":1}],"seed_played":"7115377821077028278","potions_obtained":[{"floor":10.0,"key":"StSpp:ScatteredWeakPotion"},{"floor":12.0,"key":"Flashbang"},{"floor":16.0,"key":"Strength Potion"},{"floor":22.0,"key":"ColorlessPotion"},{"floor":23.0,"key":"FearPotion"},{"floor":32,"key":"PowerPotion"}],"is_trial":false,"path_per_floor":["R","M","$","?","M","R","T","R","R","E","R","E","R","?","M","B",null,"R","M","M","?","?","M","T","?","M","$","R","M","E","$","M","B"],"character_chosen":"GUARDIAN","items_purchased":["Medical Kit"],"campfire_rested":4,"item_purchase_floors":[27],"current_hp_per_floor":[65,53,48,48,42,42,42,63,72,56,72,47,68,68,68,60,69,69,59,43,43,30,40,40,40,29,35,35,34,25,20,9,0,0,0],"gold":40,"neow_bonus":"ONE_RARE_RELIC","is_daily":false,"chose_seed":false,"campfire_upgraded":3,"win_rate":0.0,"timestamp":1613597530,"path_taken":["R","M","$","?","M","R","T","R","R","E","R","E","R","?","M","BOSS","R","M","M","?","?","M","T","?","?","?","R","M","E","$","M","BOSS"],"items_purchased_type":["Relic"],"build_version":"2020-12-22","purchased_purges":2,"victory":false,"max_hp_per_floor":[72,72,72,72,72,72,72,72,72,72,72,72,72,72,72,72,72,72,72,72,50,50,50,50,50,50,50,50,50,50,50,50,50,50,50],"card_choices":[{"not_picked":["Guardian:PrimingBeam","Guardian:PiercingHide"],"picked":"Guardian:ShieldCharger","floor":2.0},{"not_picked":["Guardian:VentSteam","Guardian:TemporalShield"],"picked":"Guardian:FierceBash","floor":3.0},{"not_picked":["Guardian:Incinerate","Guardian:Reroute"],"picked":"Guardian:Gem_Purple","floor":5.0},{"not_picked":["Guardian:Gem_Lightblue","Guardian:Clone","Guardian:Gem_Crimson"],"picked":"SKIP","floor":10.0},{"not_picked":["Guardian:ShieldSpikes","Guardian:PiercingHide","Guardian:Emergency"],"picked":"SKIP","floor":12.0},{"not_picked":["Guardian:ChargeUp","Guardian:Gem_Cyan","Guardian:RefractedBeam"],"picked":"SKIP","floor":15.0},{"not_picked":["Guardian:Gem_Cyan","Guardian:RefractedBeam"],"picked":"Guardian:ChargeUp","floor":15.0},{"not_picked":["Guardian:TimeSifter","Guardian:SphericShield"],"picked":"Guardian:StasisStrike","floor":16.0},{"not_picked":["hubris:Disease","CurseOfTheBell"],"picked":"Clumsy","floor":17.0},{"not_picked":["Decay","Delirium"],"picked":"CommonCold","floor":17.0},{"not_picked":["downfall:Bewildered","Pain"],"picked":"Amnesia","floor":17.0},{"not_picked":["Guardian:Recover","Guardian:BronzeArmor+1","Guardian:BodySlam"],"picked":"SKIP","floor":19.0},{"not_picked":["Guardian:WalkerClaw","Guardian:ShieldCharger"],"picked":"Guardian:Gem_Purple","floor":20.0},{"not_picked":[],"picked":"J.A.X.","floor":22.0},{"not_picked":["Guardian:Reroute","Guardian:VentSteam"],"picked":"Guardian:Orbwalk","floor":22.0},{"not_picked":["Guardian:Incinerate","Guardian:ChargeCore","Guardian:Gem_Crimson"],"picked":"SKIP","floor":23.0},{"not_picked":["Guardian:ShieldSpikes","Guardian:ShieldCharger","Guardian:PrimingBeam"],"picked":"SKIP","floor":26.0},{"not_picked":["Guardian:TimeCapacitor","Guardian:Reroute","Guardian:Recover"],"picked":"SKIP","floor":27.0},{"not_picked":["Guardian:ShieldCharger","Guardian:FastForward"],"picked":"Guardian:ChargeUp","floor":29.0},{"not_picked":["Guardian:Suspension","Guardian:CrystalBeam","Guardian:DecasProtection"],"picked":"SKIP","floor":30},{"not_picked":["Guardian:Gem_Fragmented","Guardian:Preprogram","Guardian:CrystalBeam"],"picked":"SKIP","floor":31},{"not_picked":["Guardian:CrystalBeam","Guardian:Gem_Lightblue","Guardian:Suspension"],"picked":"SKIP","floor":32}],"player_experience":1700744,"relics_obtained":[{"floor":7.0,"key":"Gremlin Food"},{"floor":10.0,"key":"Boot"},{"floor":12.0,"key":"Whetstone"},{"floor":22.0,"key":"MutagenicStrength"},{"floor":24.0,"key":"MawBank"},{"floor":30,"key":"hexamod:CandleOfCauterizing"}],"event_choices":[{"damage_healed":0.0,"max_hp_gain":0.0,"max_hp_loss":22.0,"gold_gain":0.0,"event_name":"Vampires","player_choice":"Became a vampire","floor":21.0,"gold_loss":0.0,"damage_taken":0.0,"cards_obtained":["Bite","Bite","Bite","Bite","Bite"]}],"is_beta":false,"boss_relics":[{"not_picked":["hubris:HollowSoul","hubris:VirtuousBlindfold"],"picked":"Replay:Ancient Bell"},{"not_picked":["Guardian:PickAxe","Toy Ornithopter"],"picked":"hubris:OldNail"},{"not_picked":["Chameleon Ring","Darkstone Periapt"],"picked":"hubris:BottledRain"},{"not_picked":["Calipers","hubris:CuriousFeather"],"picked":"hexamod:Sixitude"}],"items_purged_floors":[27,31],"is_endless":false,"potions_floor_spawned":[10,12,16,22,23,29,32],"killed_by":"SI_MIRROR_ARCHETYPE","ascension_level":14}}