{"host":"tr0r177cvmpvg89h","time":1613521997,"event":{"mods":["BaseMod","Colored Map","DeckTracker","Minty Spire (QoL Compilation)","StSLib","SuperFastMode"],"gold_per_floor":[109,120,45,45,55,55,90,90,90,100,100,112,76,94,94,193,193,213,128,141,158,158,158,158],"floor_reached":23,"language":"KOR","playtime":1499,"items_purged":["Strike_R"],"score":193,"play_id":"ebe3c63b-7fdd-4771-932e-5510d32fccc5","local_time":"20210217093317","is_ascension_mode":false,"campfire_choices":[{"data":"True Grit","floor":6,"key":"SMITH"},{"data":"Disarm","floor":8,"key":"SMITH"},{"floor":15,"key":"REST"}],"circlet_count":0,"master_deck":["Strike_R","Strike_R","Defend_R","Defend_R","Defend_R","Defend_R","Bash","Dropkick","True Grit+1","Second Wind","Havoc","Disarm+1","Thunderclap","Juggernaut","Anger","Dual Wield+1","Seeing Red","Brutality","Ghostly Armor","Rupture"],"relics":["Burning Blood","Calipers","Strawberry","Self Forming Clay","Mark of Pain","Darkstone Periapt"],"acts_visited":["Exordium","TheCity"],"potions_floor_usage":[7,12,16,23,23],"damage_taken":[{"damage":5,"enemies":"Cultist","floor":1,"turns":4},{"damage":5,"enemies":"2 Louse","floor":2,"turns":3},{"damage":2,"enemies":"Jaw Worm","floor":5,"turns":3},{"damage":55,"enemies":"3 Sentries","floor":7,"turns":14},{"damage":6,"enemies":"Large Slime","floor":10,"turns":9},{"damage":13,"enemies":"Lots of Slimes","floor":12,"turns":3},{"damage":3,"enemies":"2 Fungi Beasts","floor":14,"turns":3},{"damage":21,"enemies":"Hexaghost","floor":16,"turns":11},{"damage":5,"enemies":"Shell Parasite","floor":18,"turns":4},{"damage":33,"enemies":"Spheric Guardian","floor":20,"turns":6},{"damage":22,"enemies":"Snake Plant","floor":21,"turns":7},{"damage":45,"enemies":"Slavers","floor":23,"turns":3}],"seed_played":"3771392719878965707","potions_obtained":[{"floor":1,"key":"AttackPotion"},{"floor":10,"key":"SteroidPotion"},{"floor":12,"key":"ElixirPotion"},{"floor":14,"key":"SteroidPotion"},{"floor":20,"key":"SpeedPotion"}],"is_trial":false,"path_per_floor":["M","M","$","?","M","R","E","R","T","M","?","M","$","M","R","B",null,"M","?","M","M","?","E"],"character_chosen":"IRONCLAD","items_purchased":["Dual Wield"],"campfire_rested":1,"item_purchase_floors":[13],"current_hp_per_floor":[80,80,80,62,66,66,24,24,24,24,24,17,17,20,46,31,87,87,87,60,44,44,0,0],"gold":158,"neow_bonus":"TRANSFORM_CARD","is_daily":false,"chose_seed":false,"campfire_upgraded":2,"win_rate":0.0,"timestamp":1613521997,"path_taken":["M","M","$","?","M","R","E","R","T","M","?","?","$","M","R","BOSS","M","?","M","M","?","E"],"items_purchased_type":["Card"],"build_version":"2020-12-22","purchased_purges":1,"victory":false,"max_hp_per_floor":[80,80,80,80,80,80,87,87,87,87,87,87,87,87,87,87,87,87,87,87,87,87,87,87],"card_choices":[{"not_picked":["Seeing Red","Clothesline"],"picked":"True Grit","floor":1},{"not_picked":["Rupture","Fire Breathing"],"picked":"Second Wind","floor":2},{"not_picked":["Flex","Perfected Strike"],"picked":"Havoc","floor":5},{"not_picked":["Whirlwind","Body Slam"],"picked":"Disarm","floor":7},{"not_picked":["Cleave","Searing Blow"],"picked":"Thunderclap","floor":10},{"not_picked":["Entrench","Battle Trance"],"picked":"Anger","floor":12},{"not_picked":["Armaments","Carnage"],"picked":"Seeing Red","floor":14},{"not_picked":["Immolate","Barricade"],"picked":"Brutality","floor":16},{"not_picked":["Wild Strike","Armaments","Sword Boomerang"],"picked":"SKIP","floor":18},{"not_picked":["Dark Embrace+1","Sword Boomerang"],"picked":"Ghostly Armor","floor":20},{"not_picked":["Sword Boomerang","Clash"],"picked":"Rupture","floor":21}],"player_experience":75243,"relics_obtained":[{"floor":7,"key":"Strawberry"},{"floor":9,"key":"Self Forming Clay"}],"event_choices":[{"damage_healed":0,"gold_gain":0,"player_choice":"Success","damage_taken":18,"relics_obtained":["Calipers"],"max_hp_gain":0,"max_hp_loss":0,"event_name":"Scrap Ooze","floor":4,"gold_loss":0},{"damage_healed":0,"gold_gain":0,"cards_transformed":["Strike_R"],"player_choice":"Transformed","damage_taken":0,"max_hp_gain":0,"max_hp_loss":0,"event_name":"Transmorgrifier","floor":11,"gold_loss":0,"cards_obtained":["Juggernaut"]},{"damage_healed":0,"gold_gain":0,"player_choice":"Obtained Relic","damage_taken":0,"relics_obtained":["Darkstone Periapt"],"max_hp_gain":0,"max_hp_loss":0,"event_name":"Addict","floor":19,"gold_loss":85},{"damage_healed":0,"gold_gain":0,"player_choice":"Forge","damage_taken":0,"max_hp_gain":0,"max_hp_loss":0,"event_name":"Accursed Blacksmith","floor":22,"gold_loss":0,"cards_upgraded":["Dual Wield"]}],"is_beta":false,"boss_relics":[{"not_picked":["Cursed Key","Velvet Choker"],"picked":"Mark of Pain"}],"items_purged_floors":[3],"is_endless":false,"potions_floor_spawned":[1,10,12,14,20],"killed_by":"Slavers","ascension_level":0}}