{"host":"wxz7488rqrwl2v46","time":1613543699,"event":{"mods":["BaseMod","Minty Spire (QoL Compilation)","Quick Restart","Replay The Spire","StSLib"],"gold_per_floor":[110,130,141,190,265,265,277,294,294,294,305,19,29,41,41,145,145,157,1,17,30,30,30,42,42,42,54,54,66,66,81,81,177,177,188,206,61,78,95,95,95,75,98,109,120,120,20,40,40,40],"floor_reached":51,"language":"ZHS","playtime":3430,"items_purged":["Strike_G","Strike_G"],"score":649,"play_id":"78107d44-4f22-474f-8694-7f33a8fc2afa","local_time":"20210217143459","is_ascension_mode":false,"campfire_choices":[{"floor":6,"key":"REST"},{"floor":15,"key":"REST"},{"floor":23,"key":"REST"},{"floor":25,"key":"REST"},{"floor":28,"key":"REST"},{"floor":30,"key":"REST"},{"floor":32,"key":"REST"},{"floor":40,"key":"REST"},{"floor":49,"key":"REST"}],"circlet_count":0,"master_deck":["Strike_G","Defend_G","Defend_G+1","Defend_G+1","Defend_G+1","Defend_G","Survivor+1","Neutralize+1","Prepared+1","Backflip","Accuracy+1","ReplayTheSpireMod:The Works","Hidden Blade","Blur+1","ReplayTheSpireMod:Scrap Shanks+1","Riddle With Holes+1","ReplayTheSpireMod:Scrap Shanks+1","Hidden Blade","Dash","Storm of Steel","Underhanded Strike+1","Hidden Blade","Backflip","Prepared+1","Leg Sweep+1","Choke","Venomology","Dagger Spray+1","Choke","Apotheosis","Writhe","Skewer","Parasite"],"relics":["Ring of the Snake","Gremlin Food","Frozen Egg 2","Bronze Scales","Busted Crown","TwistedFunnel","Chameleon Ring","Cursed Key","Whetstone","Dream Catcher","ReplayTheSpireMod:Ring of Exchange"],"acts_visited":["Exordium","TheCity","TheBeyond"],"potions_floor_usage":[11,16,18,29,33,36,39,39,44,44,50,50,50,50],"damage_taken":[{"damage":0,"enemies":"Cultist","floor":1,"turns":5},{"damage":0,"enemies":"Small Slimes","floor":2,"turns":5},{"damage":15,"enemies":"Jaw Worm","floor":3,"turns":12},{"damage":3,"enemies":"Exordium Thugs","floor":7,"turns":6},{"damage":10,"enemies":"3 Louse","floor":8,"turns":6},{"damage":0,"enemies":"Lots of Slimes","floor":11,"turns":2},{"damage":21,"enemies":"Large Slime","floor":13,"turns":8},{"damage":4,"enemies":"Exordium Wildlife","floor":14,"turns":3},{"damage":37,"enemies":"Fading Forest","floor":16,"turns":11},{"damage":0,"enemies":"Spheric Guardian","floor":18,"turns":3},{"damage":10,"enemies":"3 Byrds","floor":20,"turns":3},{"damage":10,"enemies":"Centurion and Healer","floor":21,"turns":5},{"damage":23,"enemies":"Shelled Parasite and Fungi","floor":24,"turns":5},{"damage":0,"enemies":"Cultist and Chosen","floor":27,"turns":2},{"damage":10,"enemies":"Chosen and Byrds","floor":29,"turns":5},{"damage":12,"enemies":"Snake Plant","floor":31,"turns":5},{"damage":43,"enemies":"Collector","floor":33,"turns":8},{"damage":0,"enemies":"Orb Walker","floor":35,"turns":1},{"damage":11,"enemies":"3 Shapes","floor":36,"turns":4},{"damage":3,"enemies":"Maw","floor":38,"turns":6},{"damage":25,"enemies":"3 Darklings","floor":39,"turns":5},{"damage":9,"enemies":"Jaw Worm Horde","floor":44,"turns":3},{"damage":4,"enemies":"4 Shapes","floor":45,"turns":6},{"damage":25,"enemies":"Writhing Mass","floor":48,"turns":5},{"damage":23,"enemies":"Awakened One","floor":50,"turns":7}],"seed_played":"4808060025941254924","potions_obtained":[{"floor":1,"key":"Energy Potion"},{"floor":3,"key":"Explosive Potion"},{"floor":10,"key":"Elixir"},{"floor":10,"key":"DistilledChaos"},{"floor":13,"key":"Block Potion"},{"floor":27,"key":"Languid Potion"},{"floor":29,"key":"Poison Potion"},{"floor":33,"key":"LiquidBronze"},{"floor":36,"key":"Swift Potion"},{"floor":38,"key":"Ancient Potion"},{"floor":42,"key":"EssenceOfSteel"},{"floor":44,"key":"DuplicationPotion"},{"floor":45,"key":"Explosive Potion"}],"is_trial":false,"path_per_floor":["M","M","M","T","?","R","M","M","T","?","M","$","M","M","R","B",null,"M","$","M","M","?","R","M","R","T","M","R","M","R","M","R","B",null,"M","M","$","M","M","R","?","?","T","M","M","?","$","M","R","B",null],"character_chosen":"THE_SILENT","items_purchased":["ReplayTheSpireMod:Scrap Shanks+1","Bronze Scales","TwistedFunnel","Whetstone"],"campfire_rested":9,"item_purchase_floors":[12,12,19,37],"current_hp_per_floor":[63,63,48,48,37,55,52,42,42,42,42,42,21,17,35,8,63,63,63,53,43,32,52,29,49,49,49,68,58,68,56,68,25,68,68,57,57,54,29,49,49,49,49,40,36,36,36,11,31,8],"gold":40,"neow_bonus":"TRANSFORM_TWO_CARDS","is_daily":false,"chose_seed":false,"campfire_upgraded":0,"win_rate":0.0,"timestamp":1613543699,"path_taken":["M","M","M","?","?","R","M","M","T","?","M","$","?","M","R","BOSS","M","$","M","?","?","R","M","R","T","M","R","M","R","M","R","BOSS","M","M","$","M","M","R","?","?","T","M","?","?","?","?","R","BOSS"],"items_purchased_type":["Card","Relic","Relic","Relic"],"build_version":"2020-12-22","purchased_purges":2,"victory":true,"max_hp_per_floor":[63,63,63,63,63,63,63,63,63,63,63,63,63,63,63,63,63,63,63,63,63,68,68,68,68,68,68,68,68,68,68,68,68,68,68,68,68,68,68,68,68,68,68,68,68,68,68,68,68,68],"card_choices":[{"not_picked":["Caltrops","Poisoned Stab"],"picked":"Accuracy","floor":1},{"not_picked":["Deadly Poison","Toxin Wave"],"picked":"ReplayTheSpireMod:The Works","floor":2},{"not_picked":["Acrobatics","Eviscerate"],"picked":"Hidden Blade","floor":3},{"not_picked":["Noxious Fumes","Crippling Poison"],"picked":"Blur","floor":7},{"not_picked":["Dagger Throw","PiercingWail"],"picked":"ReplayTheSpireMod:Scrap Shanks","floor":8},{"not_picked":["Hidden Blade","Prepared"],"picked":"Riddle With Holes","floor":11},{"not_picked":["Heel Hook","Acrobatics"],"picked":"Hidden Blade","floor":13},{"not_picked":["Blur","Deadly Poison"],"picked":"Dash","floor":14},{"not_picked":["Malaise","Bullet Time"],"picked":"Storm of Steel","floor":16},{"not_picked":[],"picked":"Underhanded Strike","floor":18},{"not_picked":[],"picked":"Hidden Blade","floor":20},{"not_picked":[],"picked":"Backflip","floor":21},{"not_picked":[],"picked":"Prepared+1","floor":24},{"not_picked":[],"picked":"Leg Sweep+1","floor":27},{"not_picked":["Masterful Stab"],"picked":"SKIP","floor":29},{"not_picked":[],"picked":"Choke","floor":31},{"not_picked":[],"picked":"Venomology","floor":33},{"not_picked":["Crippling Poison+1"],"picked":"SKIP","floor":35},{"not_picked":[],"picked":"Dagger Spray+1","floor":36},{"not_picked":[],"picked":"Choke","floor":38},{"not_picked":["Reflex"],"picked":"SKIP","floor":39},{"not_picked":[],"picked":"Apotheosis","floor":41},{"not_picked":["Noxious Fumes+1"],"picked":"SKIP","floor":44},{"not_picked":[],"picked":"Skewer","floor":45},{"not_picked":["ReplayTheSpireMod:Speed Training"],"picked":"SKIP","floor":48}],"player_experience":54996,"relics_obtained":[{"floor":4,"key":"Gremlin Food"},{"floor":9,"key":"Frozen Egg 2"},{"floor":26,"key":"Chameleon Ring"},{"floor":43,"key":"Dream Catcher"},{"floor":46,"key":"ReplayTheSpireMod:Ring of Exchange"}],"event_choices":[{"damage_healed":0,"gold_gain":75,"player_choice":"Gather Gold","damage_taken":11,"max_hp_gain":0,"max_hp_loss":0,"event_name":"World of Goop","floor":5,"gold_loss":0},{"damage_healed":0,"gold_gain":0,"player_choice":"Got Potions","damage_taken":0,"max_hp_gain":0,"max_hp_loss":0,"event_name":"Lab","floor":10,"gold_loss":0},{"damage_healed":0,"gold_gain":0,"player_choice":"Shed Blood","damage_taken":16,"max_hp_gain":5,"max_hp_loss":0,"event_name":"Forgotten Altar","floor":22,"gold_loss":0},{"damage_healed":0,"gold_gain":0,"player_choice":"Memory 1","damage_taken":0,"max_hp_gain":0,"max_hp_loss":0,"event_name":"SensoryStone","floor":41,"gold_loss":0},{"damage_healed":0,"gold_gain":0,"player_choice":"Bought 1 Potion","damage_taken":0,"max_hp_gain":0,"max_hp_loss":0,"event_name":"The Woman in Blue","floor":42,"gold_loss":0}],"is_beta":false,"boss_relics":[{"not_picked":["Velvet Choker","Ring of Chaos"],"picked":"Busted Crown"},{"not_picked":["Replay:Drink Me","Empty Cage"],"picked":"Cursed Key"}],"items_purged_floors":[12,47],"is_endless":false,"potions_floor_spawned":[1,3,13,27,29,33,36,38,44,45],"ascension_level":0}}