{"host":"1vqon1dbpr5c1qll","time":1613553152,"event":{"mods":["2.2 Compatiblity","AchievementEnabler","BaseMod","BetterRewards","Colored Map","DeckTracker","Hermit","Highlight Path","Lobotomy","Minty Spire (QoL Compilation)","Permanent Neow","Quick Restart","Random Character Button","Replay The Spire","StSLib","SuperFastMode","The Cursed","The Servant 0.9.4","everything is the same but u backflip on backflip"],"gold_per_floor":[13,24,38,56,76,102,114,129,175,187,187,187,219,230,230,329,329,343,362,379,379,62,94,17,51,51,51,76,76,86,106,106,202,202,217,217,233,248,248,275,287,303,303,321,348,8,24,37,37,37],"floor_reached":51,"language":"KOR","playtime":3589,"items_purged":[],"score":1127,"play_id":"308eeccf-a615-4175-9258-7008fe0ec284","local_time":"20210217181232","is_ascension_mode":true,"campfire_choices":[{"data":"TheCursedMod:CursedStaff","floor":12.0,"key":"SMITH"},{"data":"TheCursedMod:AntiAging","floor":15.0,"key":"SMITH"},{"data":"TheCursedMod:HellfireBreathing","floor":27.0,"key":"SMITH"},{"data":"TheCursedMod:Hemoplague","floor":29.0,"key":"SMITH"},{"floor":32.0,"key":"REST"}],"circlet_count":0,"master_deck":["TheCursedMod:Strike_TheCursed+1","TheCursedMod:Strike_TheCursed+1","TheCursedMod:Defend_TheCursed+1","TheCursedMod:Defend_TheCursed+1","TheCursedMod:Defend_TheCursed+1","TheCursedMod:CursedWand","TheCursedMod:CleanUpWorkshop","TheCursedMod:Dregs","TheCursedMod:RapidMovement","TheCursedMod:LuckyCharm","TheCursedMod:CursedBlade","TheCursedMod:CursedShiv","TheCursedMod:WearCloak","TheCursedMod:AntiAging+1","TheCursedMod:CursedStaff+1","TheCursedMod:AbyssShockwave","TheCursedMod:SmokeScreen","TheCursedMod:TroublousMinions","TheCursedMod:SpitefulStrike","TheCursedMod:LuckyCharm","TheCursedMod:BlessingInDisguise","TheCursedMod:StunningStrike","TheCursedMod:ReleasedKnowledge","TheCursedMod:HellsGateOpen","TheCursedMod:TroublousMinions","TheCursedMod:CircleOfFlame","TheCursedMod:Hemoplague+1","TheCursedMod:HellfireBreathing+1","TheCursedMod:SpitefulPlan+1","TheCursedMod:Stretching+1","TheCursedMod:CircleOfCorruption+1","TheCursedMod:CollectTribute","TheCursedMod:DarkBarrier+1","TheCursedMod:WearCloak+1","TheCursedMod:RapidMovement+1","Parasite","TheCursedMod:CircleOfCorruption+1","TheCursedMod:ReleasedKnowledge+1","TheCursedMod:Stretching+1","TheCursedMod:Obscuration+1","TheCursedMod:SoulReap","ReplayTheSpireMod:IOU","ReplayTheSpireMod:IOU","TheCursedMod:ReleasedStrength+1","ReplayTheSpireMod:IOU","TheCursedMod:EmpowerCircles","ReplayTheSpireMod:IOU","Poisoned Strike","Metamorphosis+1","Secret Weapon+1","Magnetism","TheCursedMod:SurpriseAttack"],"relics":["TheCursedMod:BlackMagic101","Replay:Wax Seal","Toy Ornithopter","Ring of Panic","ReplayTheSpireMod:Ring of Collecting","Blue Candle","Black Star","TheCursedMod:PinkPellets","Bag of Marbles","Calipers","Toxic Egg 2","Akabeko","Replay:Rubber Ducky","Ring of Searing","Matryoshka","TheCursedMod:BloodyHarpoon","Gremlin Horn","Busted Crown","Pear","Orichalcum","ReplayTheSpireMod:Ring of Exchange","Onion Ring","Smiling Mask","TheCursedMod:Tack","Dream Catcher","ReplayTheSpireMod:ShopPack","Happy Flower"],"acts_visited":["Exordium","TheCity","TheBeyond"],"potions_floor_usage":[50,50],"damage_taken":[{"damage":1.0,"enemies":"Cultist","floor":1.0,"turns":4.0},{"damage":0.0,"enemies":"Small Slimes","floor":2.0,"turns":4.0},{"damage":6.0,"enemies":"Jaw Worm","floor":3.0,"turns":4.0},{"damage":5.0,"enemies":"Large Slime","floor":4.0,"turns":10.0},{"damage":1.0,"enemies":"Exordium Wildlife","floor":5.0,"turns":7.0},{"damage":5.0,"enemies":"Lagavulin","floor":6.0,"turns":6.0},{"damage":0.0,"enemies":"Lots of Slimes","floor":7.0,"turns":2.0},{"damage":0.0,"enemies":"Large Slime","floor":8.0,"turns":5.0},{"damage":7.0,"enemies":"2 Fungi Beasts","floor":10.0,"turns":3.0},{"damage":0.0,"enemies":"Gremlin Nob","floor":13.0,"turns":2.0},{"damage":9.0,"enemies":"Exordium Wildlife","floor":14.0,"turns":3.0},{"damage":1.0,"enemies":"Fading Forest","floor":16.0,"turns":11.0},{"damage":0.0,"enemies":"Spheric Guardian","floor":18.0,"turns":2.0},{"damage":0.0,"enemies":"Shell Parasite","floor":19.0,"turns":3.0},{"damage":0.0,"enemies":"Chosen and Byrds","floor":20.0,"turns":5.0},{"damage":2.0,"enemies":"Gremlin Leader","floor":23.0,"turns":10.0},{"damage":16.0,"enemies":"Book of Stabbing","floor":25.0,"turns":7.0},{"damage":22.0,"enemies":"Slavers","floor":28.0,"turns":6.0},{"damage":0.0,"enemies":"Centurion and Healer","floor":30.0,"turns":3.0},{"damage":0.0,"enemies":"Snecko","floor":31.0,"turns":4.0},{"damage":15.0,"enemies":"Automaton","floor":33.0,"turns":7.0},{"damage":17.0,"enemies":"3 Shapes","floor":35.0,"turns":4.0},{"damage":10.0,"enemies":"3 Darklings","floor":37.0,"turns":4.0},{"damage":5.0,"enemies":"Writhing Mass","floor":38.0,"turns":6.0},{"damage":0.0,"enemies":"Reptomancer","floor":40.0,"turns":2.0},{"damage":5.0,"enemies":"4 Shapes","floor":41.0,"turns":6.0},{"damage":9.0,"enemies":"Maw","floor":42.0,"turns":6.0},{"damage":31.0,"enemies":"Writhing Mass","floor":44.0,"turns":5.0},{"damage":38.0,"enemies":"Nemesis","floor":45.0,"turns":9.0},{"damage":17.0,"enemies":"3 Darklings","floor":47.0,"turns":3.0},{"damage":0,"enemies":"Maw","floor":48,"turns":6},{"damage":56,"enemies":"Replay:Hell Engine","floor":50,"turns":13}],"seed_played":"8190924777716931774","potions_obtained":[{"floor":3.0,"key":"Fire Potion"},{"floor":5.0,"key":"SpeedPotion"},{"floor":7.0,"key":"GamblersBrew"},{"floor":8.0,"key":"Fire Potion"},{"floor":10.0,"key":"Ancient Potion"},{"floor":14.0,"key":"SpeedPotion"},{"floor":16.0,"key":"SpeedPotion"},{"floor":18.0,"key":"Toxic Potion"},{"floor":20.0,"key":"Dexterity Potion"},{"floor":30.0,"key":"Energy Potion"},{"floor":33.0,"key":"Reflective Coating"},{"floor":38.0,"key":"Block Potion"},{"floor":42.0,"key":"SteroidPotion"},{"floor":45.0,"key":"SkillPotion"},{"floor":47.0,"key":"Energy Potion"},{"floor":48,"key":"AttackPotion"}],"is_trial":false,"path_per_floor":["M","M","M","M","M","E","M","M","T","M","?","R","E","M","R","B",null,"M","M","M","?","$","E","$","E","T","R","E","R","M","M","R","B",null,"M","?","M","M","?","E","M","M","T","M","E","$","M","M","R_BF","B",null],"character_chosen":"THE_CURSED","items_purchased":["TheCursedMod:PinkPellets","Bag of Marbles","TheCursedMod:CircleOfFlame","TheCursedMod:HellfireBreathing","TheCursedMod:SoulReap","ReplayTheSpireMod:ShopPack","Happy Flower","TheCursedMod:ReleasedStrength+1","TheCursedMod:EmpowerCircles","Languid Potion","Poisoned Strike"],"campfire_rested":1,"item_purchase_floors":[22,22,22,24,46,46,46,46,46,46,46],"current_hp_per_floor":[74,74,68,63,64,59,59,61,61,56,56,56,61,54,54,66,86,86,86,89,89,89,87,87,74,74,74,55,55,55,55,83,71,98,84,84,77,77,77,90,88,92,92,66,36,36,27,30,113,70],"gold":37,"neow_bonus":"TRANSFORM_TWO_CARDS","is_daily":false,"chose_seed":false,"campfire_upgraded":4,"win_rate":0.0,"timestamp":1613553152,"path_taken":["M","M","M","M","?","E","M","M","T","M","?","R","E","M","R","BOSS","M","M","M","?","$","E","$","E","T","R","E","R","M","M","R","BOSS","M","?","M","M","?","E","M","M","T","?","E","$","M","M","R_BF","BOSS"],"items_purchased_type":["Relic","Relic","Card","Card","Card","Relic","Relic","Card","Card","Potion","Card"],"build_version":"2020-12-22","purchased_purges":0,"victory":true,"max_hp_per_floor":[75,75,75,75,77,77,77,79,79,81,81,81,81,83,83,86,86,86,86,89,89,89,89,89,92,92,92,95,95,95,95,95,98,98,101,101,104,104,104,117,120,123,123,123,126,126,126,129,113,116],"card_choices":[{"not_picked":["TheCursedMod:SpitefulPlan","TheCursedMod:FleshFromBone"],"picked":"TheCursedMod:CursedBlade","floor":1.0},{"not_picked":["TheCursedMod:SoulCrush","TheCursedMod:DoubleShield"],"picked":"TheCursedMod:CursedShiv","floor":2.0},{"not_picked":["TheCursedMod:Mangle","TheCursedMod:Stretching"],"picked":"TheCursedMod:WearCloak","floor":3.0},{"not_picked":["TheCursedMod:CursedShiv","TheCursedMod:WearCloak"],"picked":"TheCursedMod:AntiAging","floor":4.0},{"not_picked":["TheCursedMod:StingEye","TheCursedMod:CircleOfFlame"],"picked":"TheCursedMod:CursedStaff","floor":5.0},{"not_picked":["TheCursedMod:CursedStaff","TheCursedMod:Obscuration"],"picked":"TheCursedMod:AbyssShockwave","floor":6.0},{"not_picked":["TheCursedMod:RavingStaff","TheCursedMod:CursedStaff"],"picked":"TheCursedMod:SmokeScreen","floor":7.0},{"not_picked":["TheCursedMod:CircleOfFlame","TheCursedMod:CursedAmulet"],"picked":"TheCursedMod:TroublousMinions","floor":8.0},{"not_picked":["TheCursedMod:Stretching","TheCursedMod:Obscuration"],"picked":"TheCursedMod:SpitefulStrike","floor":10.0},{"not_picked":["TheCursedMod:FleshFromBone","TheCursedMod:EmpowerCircles"],"picked":"TheCursedMod:LuckyCharm","floor":13.0},{"not_picked":["TheCursedMod:SmokeScreen","TheCursedMod:CursedShiv"],"picked":"TheCursedMod:BlessingInDisguise","floor":14.0},{"not_picked":["TheCursedMod:ForbiddenAlchemy","TheCursedMod:CollectTribute"],"picked":"TheCursedMod:StunningStrike","floor":16.0},{"not_picked":["TheCursedMod:LuckyCharm+1","TheCursedMod:CircleOfAmplification"],"picked":"TheCursedMod:ReleasedKnowledge","floor":18.0},{"not_picked":["TheCursedMod:CursedBlade","TheCursedMod:WearCloak"],"picked":"TheCursedMod:HellsGateOpen","floor":19.0},{"not_picked":["TheCursedMod:SmokeScreen","TheCursedMod:VitalStrike"],"picked":"TheCursedMod:TroublousMinions","floor":20.0},{"not_picked":["TheCursedMod:SurpriseAttack","TheCursedMod:ShockAndAwe"],"picked":"TheCursedMod:Hemoplague","floor":23.0},{"not_picked":["TheCursedMod:ParallelWorld+1","TheCursedMod:CursedBlade"],"picked":"TheCursedMod:SpitefulPlan+1","floor":25.0},{"not_picked":["TheCursedMod:Wield","TheCursedMod:LuckyCharm"],"picked":"TheCursedMod:Stretching+1","floor":28.0},{"not_picked":["TheCursedMod:CircleOfWindfury+1","TheCursedMod:Obscuration+1"],"picked":"TheCursedMod:CircleOfCorruption+1","floor":30.0},{"not_picked":["TheCursedMod:ReleasedKnowledge+1","TheCursedMod:TacticalStrike"],"picked":"TheCursedMod:CollectTribute","floor":31.0},{"not_picked":["TheCursedMod:ParallelWorld+1","TheCursedMod:ShockAndAwe"],"picked":"TheCursedMod:DarkBarrier+1","floor":33.0},{"not_picked":[],"picked":"TheCursedMod:WearCloak+1","floor":35.0},{"not_picked":[],"picked":"TheCursedMod:RapidMovement+1","floor":37.0},{"not_picked":[],"picked":"TheCursedMod:CircleOfCorruption+1","floor":38.0},{"not_picked":["TheCursedMod:Mangle"],"picked":"SKIP","floor":40.0},{"not_picked":[],"picked":"TheCursedMod:ReleasedKnowledge+1","floor":41.0},{"not_picked":[],"picked":"TheCursedMod:Stretching+1","floor":42.0},{"not_picked":["TheCursedMod:RavingStaff+1"],"picked":"SKIP","floor":44.0},{"not_picked":[],"picked":"TheCursedMod:Obscuration+1","floor":45.0},{"not_picked":[],"picked":"Metamorphosis","floor":46.0},{"not_picked":[],"picked":"Secret Weapon","floor":46.0},{"not_picked":[],"picked":"Magnetism","floor":46.0},{"not_picked":["TheCursedMod:FleshFromBone+1"],"picked":"SKIP","floor":47.0},{"not_picked":[],"picked":"TheCursedMod:SurpriseAttack","floor":48}],"player_experience":993586,"relics_obtained":[{"floor":6.0,"key":"Replay:Wax Seal"},{"floor":9.0,"key":"Toy Ornithopter"},{"floor":11.0,"key":"Ring of Panic"},{"floor":11.0,"key":"ReplayTheSpireMod:Ring of Collecting"},{"floor":13.0,"key":"Blue Candle"},{"floor":23.0,"key":"Calipers"},{"floor":23.0,"key":"Toxic Egg 2"},{"floor":25.0,"key":"Akabeko"},{"floor":25.0,"key":"Replay:Rubber Ducky"},{"floor":26.0,"key":"Ring of Searing"},{"floor":26.0,"key":"Matryoshka"},{"floor":28.0,"key":"TheCursedMod:BloodyHarpoon"},{"floor":28.0,"key":"Gremlin Horn"},{"floor":40.0,"key":"Pear"},{"floor":40.0,"key":"Orichalcum"},{"floor":43.0,"key":"ReplayTheSpireMod:Ring of Exchange"},{"floor":43.0,"key":"Onion Ring"},{"floor":43.0,"key":"Smiling Mask"},{"floor":45.0,"key":"TheCursedMod:Tack"},{"floor":45.0,"key":"Dream Catcher"}],"event_choices":[{"damage_healed":0.0,"max_hp_gain":0.0,"max_hp_loss":0.0,"gold_gain":0.0,"event_name":"Back to Basics","player_choice":"Simplicity","floor":21.0,"gold_loss":0.0,"damage_taken":0.0,"cards_upgraded":["TheCursedMod:Strike_TheCursed","TheCursedMod:Strike_TheCursed","TheCursedMod:Strike_TheCursed","TheCursedMod:Defend_TheCursed","TheCursedMod:Defend_TheCursed","TheCursedMod:Defend_TheCursed"]},{"cards_removed":["TheCursedMod:Strike_TheCursed"],"damage_healed":0.0,"max_hp_gain":0.0,"max_hp_loss":0.0,"gold_gain":0.0,"event_name":"Falling","player_choice":"Removed Attack","floor":36.0,"gold_loss":0.0,"damage_taken":0.0},{"damage_healed":0.0,"max_hp_gain":0.0,"max_hp_loss":0.0,"gold_gain":0.0,"event_name":"Lab","player_choice":"Got Potions","floor":39.0,"gold_loss":0.0,"damage_taken":0.0},{"damage_healed":113,"gold_gain":0,"player_choice":"Heal","damage_taken":0,"max_hp_gain":0,"max_hp_loss":16,"event_name":"The Moai Head","floor":49,"gold_loss":0}],"is_beta":false,"boss_relics":[{"not_picked":["Runic Dome","Abe\u0027s Treasure"],"picked":"Black Star"},{"not_picked":["Runic Pyramid","TheCursedMod:BlackMagicAdvanced"],"picked":"Busted Crown"}],"items_purged_floors":[],"is_endless":false,"potions_floor_spawned":[3,5,7,8,10,14,16,18,20,30,33,35,38,42,45,47,48],"ascension_level":1}}