{"host":"d3bsw5ou8fswq5qc","time":1613580760,"event":{"mods":["Aspiration","BaseMod","Colored Map","Conspire","Downfall","GifTheSpireLib","Googly Eyes","Minty Spire (QoL Compilation)","Replay The Spire","StSLib","Stuff the Spire","The Jungle"],"gold_per_floor":[99,116,129,54,74,105,105,134,225,239,265,284,295,325,340,439,439,289,304,304,321,92,110,137,184,134,148,167,117,158,47,65,171,171,121,138,138,164,197,215,215,257,286,320,342,192,297,335,362,372],"floor_reached":51,"language":"FRA","playtime":6672,"items_purged":["Pain","ReplayTheSpireMod:Splinters","Slimebound:Defend_Slimebound"],"score":1464,"play_id":"df5951b2-6a0c-4256-9af8-5c86eae22f0f","local_time":"20210217175240","is_ascension_mode":true,"campfire_choices":[{"data":"Slimebound:CorrosiveSpit","floor":1,"key":"SMITH"},{"data":"Slimebound:SelfFormingGoo","floor":18,"key":"SMITH"},{"floor":26,"key":"REST"},{"floor":29,"key":"REST"},{"data":"Slimebound:AcidTongue","floor":35,"key":"SMITH"},{"data":"Slimebound:MegaLick","floor":46,"key":"SMITH"}],"circlet_count":0,"master_deck":["AscendersBane","Slimebound:Strike_Slimebound","Slimebound:Strike_Slimebound","Slimebound:Tackle","Slimebound:Defend_Slimebound","Slimebound:Defend_Slimebound","Slimebound:Split","Slimebound:CorrosiveSpit+1","Slimebound:MassFeed","Slimebound:MegaLick+1","Slimebound:SamplingLick","Slimebound:ViciousTackle","Slimebound:GoopSpray","Slimebound:Schlurp","Slimebound:LeechingTouch","Slimebound:SlimeTap","Slimebound:SplitMire","Slimebound:SplitLeeching","Slimebound:ServeAndProtect","Slimebound:GrowthPunch","Slimebound:HauntingLick","Slimebound:SelfFormingGoo+1","Slimebound:SplitBruiser+1","Slimebound:SlimeTap+1","Slimebound:AcidTongue+1","Slimebound:HauntingLick+1","Slimebound:RejuvenatingLick+1","Slimebound:LeechEnergy","Slimebound:MegaLick+1","Slimebound:PrepareCrush+1","Slimebound:MegaLick+1","Slimebound:Schlurp+1","Slimebound:Schlurp+1","Slimebound:SamplingLick+1","Slimebound:Repurpose+1","Slimebound:Nibble","Slimebound:GoopSpray+1","Slimebound:OozeBath+1","Slimebound:OozeBath+1","Pot Of Greed+1","Pot Of Greed+1","Pot Of Greed+1","Pot Of Greed+1"],"relics":["Slimebound:AbsorbEndCombat","Slimebound:GreedOozeRelic","Potion Belt","Shuriken","Bronze Scales","Boot","Replay:Bottled Flurry","StuffTheSpire:RunicHypercube","downfall:HeartBlessingGreen","Toxic Egg 2","Replay:Bandana","Anchor","bronze:MakeshiftBattery","Toy Ornithopter","downfall:HeartBlessingBlue","Grinning Jar"],"acts_visited":["Exordium","TheCity","TheBeyond"],"potions_floor_usage":[25,25,30,30,33,36,36,50,50],"damage_taken":[{"damage":5,"enemies":"Small Slimes","floor":2,"turns":4},{"damage":6,"enemies":"conspire:RoseBush","floor":3,"turns":6},{"damage":11,"enemies":"2 Louse","floor":5,"turns":4},{"damage":39,"enemies":"3 Sentries","floor":6,"turns":7},{"damage":0,"enemies":"Replay:BlueRogue","floor":8,"turns":6},{"damage":6,"enemies":"2 Fungi Beasts","floor":10,"turns":3},{"damage":9,"enemies":"3 Sentries","floor":11,"turns":4},{"damage":1,"enemies":"Lots of Slimes","floor":12,"turns":2},{"damage":0,"enemies":"Large Slime","floor":13,"turns":3},{"damage":5,"enemies":"Replay:BlueRogue","floor":14,"turns":4},{"damage":5,"enemies":"conspire:2 RoseBushes","floor":15,"turns":4},{"damage":31,"enemies":"IC_STATUS_ARCHETYPE","floor":16,"turns":9},{"damage":2,"enemies":"Shell Parasite","floor":19,"turns":3},{"damage":11,"enemies":"Chosen","floor":21,"turns":6},{"damage":13,"enemies":"downfall:FleeingMerchant","floor":22,"turns":4},{"damage":3,"enemies":"Centurion and Healer","floor":23,"turns":4},{"damage":76,"enemies":"conspire:Head Lice","floor":25,"turns":10},{"damage":19,"enemies":"Shelled Parasite and Fungi","floor":27,"turns":5},{"damage":2,"enemies":"Snake Plant","floor":28,"turns":2},{"damage":2,"enemies":"Gremlin Leader","floor":30,"turns":6},{"damage":0,"enemies":"downfall:FleeingMerchant","floor":31,"turns":4},{"damage":11,"enemies":"Centurion and Healer","floor":32,"turns":6},{"damage":71,"enemies":"DF_ARCHETYPE_CLAW","floor":33,"turns":9},{"damage":18,"enemies":"3 Darklings","floor":36,"turns":4},{"damage":3,"enemies":"3 Shapes","floor":38,"turns":2},{"damage":6,"enemies":"Sphere and 2 Shapes","floor":39,"turns":3},{"damage":0,"enemies":"Writhing Mass","floor":40,"turns":3},{"damage":0,"enemies":"Reptomancer","floor":42,"turns":3},{"damage":0,"enemies":"4 Shapes","floor":43,"turns":3},{"damage":0,"enemies":"3 Darklings","floor":44,"turns":3},{"damage":0,"enemies":"Maw","floor":45,"turns":5},{"damage":0,"enemies":"downfall:FleeingMerchant","floor":47,"turns":2},{"damage":0,"enemies":"Giant Head","floor":48,"turns":4},{"damage":11,"enemies":"Jaw Worm Horde","floor":49,"turns":3},{"damage":59,"enemies":"WA_ARCHETYPE_DIVINITY","floor":50,"turns":6}],"seed_played":"4624727589944563817","potions_obtained":[{"floor":2,"key":"Venom Potion"},{"floor":8,"key":"FearPotion"},{"floor":13,"key":"Explosive Potion"},{"floor":15,"key":"BlessingOfTheForge"},{"floor":19,"key":"Block Potion"},{"floor":27,"key":"BlessingOfTheForge"},{"floor":30,"key":"Explosive Potion"},{"floor":32,"key":"Energy Potion"},{"floor":33,"key":"Fire Potion"},{"floor":39,"key":"Swift Potion"},{"floor":43,"key":"Milkshake"},{"floor":44,"key":"hexamod:SoulburnPotion"}],"is_trial":false,"path_per_floor":["R","M","M","?","M","E","T","E","?","M","E","M","M","E","M","B",null,"R","M","?","M","$","M","T","E","R","M","M","R","E","$","M","B",null,"R","M","?","M","M","M","T","E","M","M","M","R","$","E","M","B",null],"character_chosen":"SLIMEBOUND","items_purchased":["Slimebound:SlimeTap+1","Slimebound:AcidTongue","Slimebound:OozeBath+1"],"campfire_rested":2,"item_purchase_floors":[22,22,47],"current_hp_per_floor":[59,62,63,63,62,29,29,40,40,46,54,69,75,76,78,55,99,99,106,106,102,93,101,101,33,69,61,66,104,110,114,114,51,111,111,102,102,113,118,126,126,134,142,143,143,153,156,156,145,99],"gold":372,"neow_bonus":"TRANSFORM_CARD","is_daily":false,"chose_seed":false,"campfire_upgraded":4,"win_rate":0.0,"timestamp":1613580760,"path_taken":["R","M","M","?","M","E","T","E","?","M","E","M","M","E","M","BOSS","R","M","?","?","$","M","T","E","R","M","M","R","E","$","M","BOSS","R","M","?","M","M","M","T","E","M","?","M","R","$","E","M","BOSS"],"items_purchased_type":["Card","Card","Card"],"build_version":"2020-12-22","purchased_purges":3,"victory":true,"max_hp_per_floor":[65,71,74,74,80,80,80,83,83,89,98,110,110,110,113,113,113,113,116,116,119,119,122,122,122,122,125,128,128,128,128,131,131,131,131,134,134,140,143,143,143,143,143,143,143,153,156,156,156,156],"card_choices":[{"not_picked":["Slimebound:HauntingLick","Slimebound:LivingWall"],"picked":"Slimebound:MegaLick","floor":2},{"not_picked":["Slimebound:ItLooksTasty","Slimebound:GoopTackle"],"picked":"Slimebound:SamplingLick","floor":3},{"not_picked":["Slimebound:ForwardTackle","Slimebound:SamplingLick"],"picked":"Slimebound:ViciousTackle","floor":5},{"not_picked":["Slimebound:MegaLick","Slimebound:Repurpose"],"picked":"Slimebound:GoopSpray","floor":6},{"not_picked":["Slimebound:MegaLick","Slimebound:ViciousTackle"],"picked":"Slimebound:Schlurp","floor":8},{"not_picked":["Slimebound:ItLooksTasty","Slimebound:ForwardTackle"],"picked":"Slimebound:LeechingTouch","floor":9},{"not_picked":["Slimebound:PrepareCrush","Slimebound:PressTheAttack"],"picked":"Slimebound:SlimeTap","floor":9},{"not_picked":["Slimebound:LeechingTouch","Slimebound:ItLooksTasty","Slimebound:PressTheAttack"],"picked":"SKIP","floor":10},{"not_picked":["Slimebound:AcidTongue","Slimebound:HauntingLick"],"picked":"Slimebound:SplitMire","floor":11},{"not_picked":["Slimebound:Nibble","Slimebound:ServeAndProtect"],"picked":"Slimebound:SplitLeeching","floor":12},{"not_picked":["Slimebound:SplitAcid","Slimebound:FinishingTackle"],"picked":"Slimebound:ServeAndProtect","floor":13},{"not_picked":["Slimebound:SlimeTap","Slimebound:PressTheAttack"],"picked":"Slimebound:GrowthPunch","floor":14},{"not_picked":["Slimebound:Grow","Slimebound:FinishingTackle"],"picked":"Slimebound:HauntingLick","floor":15},{"not_picked":["Slimebound:Darklings","Slimebound:TagTeam"],"picked":"Slimebound:SelfFormingGoo","floor":16},{"not_picked":["Slimebound:RollThrough","Slimebound:PressTheAttack","Slimebound:FinishingTackle"],"picked":"SKIP","floor":19},{"not_picked":["Slimebound:ItLooksTasty+1","Slimebound:SplitAcid+1","Slimebound:LeechingTouch"],"picked":"SKIP","floor":21},{"not_picked":["Slimebound:GoopTackle","Slimebound:LeechEnergy+1"],"picked":"Slimebound:SplitBruiser+1","floor":22},{"not_picked":["Slimebound:GoopTackle","Slimebound:SplitAcid+1","Slimebound:RallyTheTroops"],"picked":"SKIP","floor":23},{"not_picked":["Slimebound:Gluttony","Slimebound:DisruptingSlam","Slimebound:SlimeBrawl+1"],"picked":"SKIP","floor":25},{"not_picked":["Slimebound:Replication+1","Slimebound:HungryTackle","Slimebound:RollThrough"],"picked":"SKIP","floor":27},{"not_picked":["Slimebound:SplitAcid+1","Slimebound:Prepare+1"],"picked":"Slimebound:HauntingLick+1","floor":28},{"not_picked":["Slimebound:SlimeSpikes+1","Slimebound:Recollect+1"],"picked":"Slimebound:RejuvenatingLick+1","floor":30},{"not_picked":["Slimebound:RallyTheTroops","Slimebound:SlimeBarrage+1"],"picked":"Slimebound:LeechEnergy","floor":31},{"not_picked":["Slimebound:ComboTackle+1","Slimebound:Chomp"],"picked":"Slimebound:MegaLick+1","floor":32},{"not_picked":["Slimebound:DouseInSlime+1","Slimebound:Teamwork+1"],"picked":"Slimebound:PrepareCrush+1","floor":33},{"not_picked":["Slimebound:SplitLeeching+1","Slimebound:SpikyOuterGoop"],"picked":"Slimebound:MegaLick+1","floor":36},{"not_picked":["Slimebound:SplitLeeching+1","Slimebound:TongueLash"],"picked":"Slimebound:Schlurp+1","floor":38},{"not_picked":["Slimebound:Grow","Slimebound:SplitLeeching+1"],"picked":"Slimebound:Schlurp+1","floor":39},{"not_picked":["Slimebound:SplitAcid+1","Slimebound:RollThrough"],"picked":"Slimebound:SamplingLick+1","floor":40},{"not_picked":["Slimebound:SplitMire+1","Slimebound:SamplingLick+1"],"picked":"Slimebound:Repurpose+1","floor":42},{"not_picked":["Slimebound:FormOfPuddle+1","Slimebound:LeechingTouch+1"],"picked":"Slimebound:Nibble","floor":43},{"not_picked":["Slimebound:LeechingTouch+1","Slimebound:Recollect+1","Slimebound:LeechEnergy"],"picked":"SKIP","floor":44},{"not_picked":["Slimebound:GoopTackle","Slimebound:LeechingTouch","Slimebound:FormOfPuddle+1"],"picked":"SKIP","floor":45},{"not_picked":["Slimebound:ViciousTackle","Slimebound:ItLooksTasty"],"picked":"Slimebound:GoopSpray+1","floor":47},{"not_picked":["Slimebound:SplitSpecialist+1","Slimebound:BestDefense","Slimebound:DuplicatedForm"],"picked":"SKIP","floor":48},{"not_picked":["Slimebound:RollThrough","Slimebound:Prepare+1","Slimebound:GoopTackle"],"picked":"SKIP","floor":49}],"player_experience":283730,"relics_obtained":[{"floor":6,"key":"Potion Belt"},{"floor":7,"key":"Shuriken"},{"floor":8,"key":"Bronze Scales"},{"floor":11,"key":"Boot"},{"floor":14,"key":"Replay:Bottled Flurry"},{"floor":24,"key":"Replay:Bandana"},{"floor":30,"key":"Anchor"},{"floor":42,"key":"Toy Ornithopter"},{"floor":48,"key":"Grinning Jar"}],"event_choices":[],"is_beta":false,"boss_relics":[{"not_picked":["SacredBark","Runic Dome"],"picked":"StuffTheSpire:RunicHypercube"},{"not_picked":["aspiration:RunicSpoon","Snecko Eye"],"picked":"bronze:MakeshiftBattery"}],"items_purged_floors":[22,31,47],"is_endless":false,"potions_floor_spawned":[2,8,12,13,15,19,27,30,32,33,39,43,44,48,49],"ascension_level":12}}