{"host":"19r1ww88x2tc73i0","time":1613547011,"event":{"mods":["BaseMod","BetterRewards","Colored Map","Minty Spire (QoL Compilation)","Relic Stats","StSLib","SuperFastMode","slay the spire mod where everything is the same but ironclad has a cowboy hat"],"gold_per_floor":[119,119,47,72,91,128,128,145,168,168,211,0,0,41,41,129,156,175,175,188,217,226,226,262,310,337,337,337],"floor_reached":27,"language":"ENG","playtime":1048,"items_purged":["Defend_P","Defend_P"],"score":718,"play_id":"d7834051-7b2a-451d-87b7-05925501404c","local_time":"25640217143011","is_ascension_mode":true,"campfire_choices":[{"data":"Fasting2","floor":7.0,"key":"SMITH"},{"data":"CrushJoints","floor":10.0,"key":"SMITH"},{"data":"Prostrate","floor":13.0,"key":"SMITH"},{"data":"Study","floor":15.0,"key":"SMITH"},{"data":"RitualDagger","floor":23,"key":"SMITH"}],"circlet_count":0,"master_deck":["AscendersBane","Strike_P+1","Strike_P+1","Defend_P+1","Eruption+1","Vigilance","Prostrate+1","Fasting2+1","Protect","CrushJoints+1","BowlingBash+1","ThirdEye+1","Study+1","Blasphemy","LessonLearned+1","Consecrate+1","Vault+1","FlyingSleeves","Wireheading","RitualDagger+1","Prostrate"],"relics":["PureWater","Tiny Chest","ClockworkSouvenir","PreservedInsect","Pen Nib","Bag of Marbles","Membership Card","Omamori","CeramicFish","Whetstone","War Paint","Lantern","Thread and Needle","Orichalcum","Astrolabe","MutagenicStrength","StrikeDummy","Bronze Scales","Potion Belt"],"acts_visited":["Exordium","TheCity"],"potions_floor_usage":[24],"damage_taken":[{"damage":0.0,"enemies":"2 Louse","floor":1.0,"turns":2.0},{"damage":1.0,"enemies":"Jaw Worm","floor":4.0,"turns":2.0},{"damage":2.0,"enemies":"Small Slimes","floor":5.0,"turns":3.0},{"damage":0.0,"enemies":"Lagavulin","floor":6.0,"turns":4.0},{"damage":0.0,"enemies":"3 Louse","floor":8.0,"turns":2.0},{"damage":4.0,"enemies":"Gremlin Nob","floor":11.0,"turns":3.0},{"damage":0.0,"enemies":"3 Sentries","floor":14.0,"turns":3.0},{"damage":11.0,"enemies":"The Guardian","floor":16.0,"turns":6.0},{"damage":0.0,"enemies":"2 Thieves","floor":18.0,"turns":2.0},{"damage":0,"enemies":"3 Byrds","floor":20,"turns":3},{"damage":0,"enemies":"Shelled Parasite and Fungi","floor":21,"turns":2},{"damage":2,"enemies":"Book of Stabbing","floor":24,"turns":3},{"damage":99999,"enemies":"Cultist and Chosen","floor":27,"turns":3}],"seed_played":"-6244237143541971533","potions_obtained":[{"floor":4.0,"key":"Energy Potion"},{"floor":5.0,"key":"PowerPotion"},{"floor":6.0,"key":"LiquidMemories"},{"floor":24,"key":"Block Potion"}],"is_trial":false,"path_per_floor":["M","?","$","M","M","E","R","M","T","R","E","$","R","E","R","B",null,"M","?","M","M","?","R","E","T","T","M"],"character_chosen":"WATCHER","items_purchased":["Tiny Chest","ClockworkSouvenir","PreservedInsect","Pen Nib","Bag of Marbles","Membership Card","Omamori","CeramicFish","Weak Potion","Fasting2","Thread and Needle"],"campfire_rested":0,"item_purchase_floors":[0,0,0,0,0,0,0,0,0,3,12],"current_hp_per_floor":[61,61,61,60,58,58,58,58,58,58,54,54,54,54,54,43,62,62,62,62,62,56,56,54,54,54,0,0],"gold":337,"neow_bonus":"","is_daily":false,"chose_seed":false,"campfire_upgraded":5,"win_rate":0.0,"timestamp":1613547011,"path_taken":["M","?","$","M","M","E","R","M","T","R","E","$","R","E","R","BOSS","M","?","M","M","?","R","E","?","T","M"],"items_purchased_type":["Relic","Relic","Relic","Relic","Relic","Relic","Relic","Relic","Potion","Card","Relic"],"build_version":"2020-12-22","purchased_purges":2,"victory":false,"max_hp_per_floor":[68,68,68,68,68,68,68,68,68,68,68,68,68,68,68,68,68,68,68,68,68,68,68,68,68,68,68,68],"relic_stats":{"counters":[42,141],"CeramicFish":135,"Astrolabe":["EmptyFist","Scrawl","Fasting2","LessonLearned","Consecrate","Vault"],"Bronze Scales":[6],"Tiny Chest":1,"PreservedInsect":140,"Pen Nib":[6],"Whetstone":["Strike_P","Strike_P"],"War Paint":["Defend_P","Defend_P"],"Orichalcum":[24],"obtain_stats":[{"Regal Pillow":41,"Lantern":11,"CeramicFish":0,"Whetstone":6,"Boot":29,"ClockworkSouvenir":0,"Centennial Puzzle":10,"DollysMirror":53,"Philosopher\u0027s Stone":17,"Tiny Chest":0,"InkBottle":26,"Potion Belt":26,"Girya":8,"Happy Flower":23,"Astrolabe":0,"Blue Candle":45,"Oddly Smooth Stone":25,"Damaru":36,"Thread and Needle":12,"PreservedInsect":0,"Pen Nib":0,"Omamori":0,"War Paint":9,"Orichalcum":14,"Medical Kit":22,"Du-Vu Doll":9,"Busted Crown":34,"MutagenicStrength":19,"Bronze Scales":25,"Art of War":54,"Bag of Marbles":0,"Membership Card":0,"PureWater":0,"StrikeDummy":24,"FossilizedHelix":6},{"Regal Pillow":23,"Lantern":35,"CeramicFish":29,"Whetstone":33,"Boot":17,"ClockworkSouvenir":29,"Centennial Puzzle":6,"DollysMirror":27,"Philosopher\u0027s Stone":10,"Tiny Chest":29,"InkBottle":16,"Potion Belt":41,"Girya":5,"Happy Flower":15,"Astrolabe":0,"Blue Candle":24,"Oddly Smooth Stone":16,"Damaru":21,"Thread and Needle":35,"PreservedInsect":29,"Pen Nib":29,"Omamori":29,"War Paint":34,"Orichalcum":36,"Medical Kit":14,"Du-Vu Doll":5,"Busted Crown":20,"MutagenicStrength":38,"Bronze Scales":41,"Art of War":28,"Bag of Marbles":29,"Membership Card":29,"PureWater":0,"StrikeDummy":41,"FossilizedHelix":4},{"Regal Pillow":85,"Lantern":120,"CeramicFish":104,"Whetstone":115,"Boot":64,"ClockworkSouvenir":104,"Centennial Puzzle":23,"DollysMirror":95,"Philosopher\u0027s Stone":41,"Tiny Chest":104,"InkBottle":62,"Potion Belt":139,"Girya":18,"Happy Flower":59,"Astrolabe":0,"Blue Candle":87,"Oddly Smooth Stone":62,"Damaru":76,"Thread and Needle":120,"PreservedInsect":104,"Pen Nib":104,"Omamori":104,"War Paint":117,"Orichalcum":123,"Medical Kit":56,"Du-Vu Doll":18,"Busted Crown":74,"MutagenicStrength":131,"Bronze Scales":139,"Art of War":98,"Bag of Marbles":104,"Membership Card":104,"PureWater":0,"StrikeDummy":139,"FossilizedHelix":15}]},"card_choices":[{"not_picked":["CutThroughFate","Perseverance"],"picked":"Prostrate","floor":1.0},{"not_picked":["Adaptation","Collect"],"picked":"Protect","floor":4.0},{"not_picked":["BattleHymn","Adaptation"],"picked":"CrushJoints","floor":5.0},{"not_picked":["CrushJoints","TalkToTheHand"],"picked":"BowlingBash","floor":6.0},{"not_picked":["BowlingBash","PathToVictory","EmptyFist"],"picked":"SKIP","floor":8.0},{"not_picked":["Weave","DeceiveReality"],"picked":"ThirdEye","floor":11.0},{"not_picked":["EmptyFist","ForeignInfluence"],"picked":"Study","floor":14.0},{"not_picked":["Judgement","Establishment"],"picked":"Blasphemy","floor":16.0},{"not_picked":["Nirvana","Meditate+1"],"picked":"FlyingSleeves","floor":18.0},{"not_picked":["PathToVictory","LikeWater+1","InnerPeace"],"picked":"SKIP","floor":20},{"not_picked":["Collect","CutThroughFate"],"picked":"Wireheading","floor":21},{"not_picked":["Protect","Consecrate"],"picked":"Prostrate","floor":24}],"player_experience":1112414,"relics_obtained":[{"floor":6.0,"key":"Whetstone"},{"floor":9.0,"key":"War Paint"},{"floor":11.0,"key":"Lantern"},{"floor":14.0,"key":"Orichalcum"},{"floor":24,"key":"StrikeDummy"},{"floor":25,"key":"Bronze Scales"},{"floor":26,"key":"Potion Belt"}],"event_choices":[{"damage_healed":0.0,"max_hp_gain":0.0,"max_hp_loss":0.0,"gold_gain":0.0,"event_name":"Living Wall","player_choice":"Grow","floor":2.0,"gold_loss":0.0,"damage_taken":0.0,"cards_upgraded":["Eruption"]},{"damage_healed":0,"gold_gain":0,"player_choice":"Inject Mutagens","damage_taken":0,"relics_obtained":["MutagenicStrength"],"max_hp_gain":0,"max_hp_loss":0,"event_name":"Drug Dealer","floor":19,"gold_loss":0},{"damage_healed":0,"gold_gain":0,"player_choice":"Joined the Cult","damage_taken":6,"max_hp_gain":0,"max_hp_loss":0,"event_name":"Nest","floor":22,"gold_loss":0,"cards_obtained":["RitualDagger"]}],"is_beta":false,"boss_relics":[{"not_picked":["Runic Dome","Tiny House"],"picked":"Astrolabe"}],"items_purged_floors":[3,12],"is_endless":false,"potions_floor_spawned":[4,5,6,11,14,21,24],"killed_by":"Cultist and Chosen","ascension_level":16}}