{"host":"l3lzhw5qete3bz2v","time":1613553789,"event":{"mods":["BaseMod","Colored Map","Colored Powertips","Minty Spire (QoL Compilation)","Prisma Mod","StSLib","SuperFastMode"],"gold_per_floor":[119,139,139,157,176,176,217,217,217,230,270,270,220,220,220,348,348,363,379,379,114,125,125,159,74,74,92,108,108,108,120,120,221,221,239,258,5,21,35,35,53,53,53,53,85,101,101,0,0,0],"floor_reached":51,"language":"JPN","playtime":3078,"items_purged":["PrismaMod:ChloeCommonAttack"],"score":759,"play_id":"2df52631-fbef-4861-9073-310579bfaec4","local_time":"20210217182309","is_ascension_mode":false,"campfire_choices":[{"data":"PrismaMod:ChloeGaeBolg","floor":6.0,"key":"SMITH"},{"data":"PrismaMod:ChloeExcalibur","floor":8.0,"key":"SMITH"},{"data":"PrismaMod:ChloeMordred","floor":15.0,"key":"SMITH"},{"data":"Apotheosis","floor":23.0,"key":"SMITH"},{"data":"PrismaMod:ChloeRhongomyniad","floor":30.0,"key":"SMITH"},{"data":"PrismaMod:ChloeRitsuka","floor":32.0,"key":"SMITH"},{"data":"PrismaMod:ChloeGaeBolg","floor":40,"key":"SMITH"},{"data":"PrismaMod:ChloeCarnivalDefend","floor":42,"key":"SMITH"},{"data":"PrismaMod:ChloeEyeOfTheEuryale","floor":49,"key":"SMITH"}],"circlet_count":0,"master_deck":["PrismaMod:ChloeCommonDefend","PrismaMod:ChloeCommonDefend","PrismaMod:ChloeCommonDefend","PrismaMod:ChloeCommonDefend","PrismaMod:ChloeCheapAttack","PrismaMod:ChloeCheapDefend","PrismaMod:ChloeMordred+1","PrismaMod:ChloeCheapAttackTwo","PrismaMod:ChloeGaeBolg+1","PrismaMod:ChloeExcalibur+1","PrismaMod:ChloeGaeBolg+1","PrismaMod:ChloeRhongomyniad+1","PrismaMod:ChloeCarnivalAttack+1","PrismaMod:ChloeExhaustOne+1","Apotheosis+1","PrismaMod:ChloeRitsuka+1","PrismaMod:ChloeExhaustOne","PrismaMod:ChloeDiscardRecovery","PrismaMod:ChloeCheapDefend+1","PrismaMod:ChloeDiscardRecovery+1","PrismaMod:ChloeCarnivalDefend+1","PrismaMod:ChloeRuleBreaker+1","PrismaMod:ChloeEyeOfTheEuryale+1"],"relics":["PrismaMod:PrismaTraceOn","Bloody Idol","Bag of Marbles","Toy Ornithopter","Bottled Lightning","SlaversCollar","Dream Catcher","HornCleat","Strawberry","Empty Cage","Kunai","MealTicket","Ice Cream","Red Mask"],"acts_visited":["Exordium","TheCity","TheBeyond"],"potions_floor_usage":[38,50,50,50],"damage_taken":[{"damage":0.0,"enemies":"2 Louse","floor":1.0,"turns":3.0},{"damage":7.0,"enemies":"Jaw Worm","floor":2.0,"turns":5.0},{"damage":0.0,"enemies":"Small Slimes","floor":4.0,"turns":4.0},{"damage":0.0,"enemies":"2 Fungi Beasts","floor":5.0,"turns":4.0},{"damage":18.0,"enemies":"Lagavulin","floor":7.0,"turns":6.0},{"damage":0.0,"enemies":"Blue Slaver","floor":10.0,"turns":2.0},{"damage":13.0,"enemies":"3 Sentries","floor":11.0,"turns":5.0},{"damage":0.0,"enemies":"Slime Boss","floor":16.0,"turns":2.0},{"damage":6.0,"enemies":"2 Thieves","floor":18.0,"turns":4.0},{"damage":0.0,"enemies":"Chosen","floor":19.0,"turns":3.0},{"damage":8.0,"enemies":"Centurion and Healer","floor":22.0,"turns":5.0},{"damage":9.0,"enemies":"Book of Stabbing","floor":24.0,"turns":3.0},{"damage":0.0,"enemies":"Snake Plant","floor":27.0,"turns":2.0},{"damage":11.0,"enemies":"Cultist and Chosen","floor":28.0,"turns":4.0},{"damage":0.0,"enemies":"Snecko","floor":31.0,"turns":4.0},{"damage":29.0,"enemies":"Champ","floor":33.0,"turns":6.0},{"damage":7,"enemies":"3 Shapes","floor":35,"turns":2},{"damage":11,"enemies":"Orb Walker","floor":36,"turns":2},{"damage":0,"enemies":"Maw","floor":38,"turns":5},{"damage":4,"enemies":"Spire Growth","floor":39,"turns":4},{"damage":0,"enemies":"4 Shapes","floor":41,"turns":3},{"damage":0,"enemies":"Reptomancer","floor":45,"turns":3},{"damage":10,"enemies":"Maw","floor":46,"turns":5},{"damage":52,"enemies":"Time Eater","floor":50,"turns":10}],"seed_played":"-8691482346130203216","potions_obtained":[{"floor":1.0,"key":"PowerPotion"},{"floor":4.0,"key":"Strength Potion"},{"floor":11.0,"key":"LiquidMemories"},{"floor":16.0,"key":"Fire Potion"},{"floor":19.0,"key":"SkillPotion"},{"floor":27.0,"key":"CultistPotion"},{"floor":31.0,"key":"DistilledChaos"},{"floor":46,"key":"Fire Potion"}],"is_trial":false,"path_per_floor":["M","M","?","M","M","R","E","R","T","M","E","?","?","?","R","B",null,"M","M","?","$","M","R","E","?","T","M","M","?","R","M","R","B",null,"M","M","$","M","M","R","M","R","T","?","E","M","$","?","R","B",null],"character_chosen":"CHLOE","items_purchased":["Apotheosis","Kunai"],"campfire_rested":0,"item_purchase_floors":[21,37],"current_hp_per_floor":[82,75,75,75,75,75,57,57,57,57,44,37,37,37,37,42,76,75,75,75,75,72,72,72,72,79,83,77,77,77,82,82,58,83,81,75,75,83,83,83,83,83,83,83,83,78,83,83,83,41],"gold":0,"neow_bonus":"TEN_PERCENT_HP_BONUS","is_daily":false,"chose_seed":false,"campfire_upgraded":9,"win_rate":0.0,"timestamp":1613553789,"path_taken":["M","M","?","M","M","R","E","R","T","M","E","?","?","?","R","BOSS","M","M","?","$","M","R","E","?","T","M","M","?","R","?","R","BOSS","M","M","$","M","M","R","M","R","T","?","E","?","$","?","R","BOSS"],"items_purchased_type":["Card","Relic"],"build_version":"2020-12-22","purchased_purges":1,"victory":true,"max_hp_per_floor":[82,82,76,76,76,76,76,76,76,76,76,76,76,76,76,76,76,76,76,76,76,76,76,76,76,83,83,83,83,83,83,83,83,83,83,83,83,83,83,83,83,83,83,83,83,83,83,83,83,83],"card_choices":[{"not_picked":["PrismaMod:ChloeRuleBreaker","PrismaMod:ChloeExhaustOne"],"picked":"PrismaMod:ChloeMordred","floor":1.0},{"not_picked":["PrismaMod:ChloeCheapDefendTwo","PrismaMod:ChloeCheapAttackTwo","PrismaMod:ChloeCheapAttack"],"picked":"SKIP","floor":2.0},{"not_picked":["PrismaMod:ChloeCommonAOEAttack","PrismaMod:ChloeUncommonAttack"],"picked":"PrismaMod:ChloeCheapAttackTwo","floor":4.0},{"not_picked":["PrismaMod:ChloeCommonAOEAttack","PrismaMod:ChloeExhaustOne"],"picked":"PrismaMod:ChloeGaeBolg","floor":5.0},{"not_picked":["PrismaMod:ChloeExhaustOne","PrismaMod:ChloeCheapDefendTwo"],"picked":"PrismaMod:ChloeExcalibur","floor":7.0},{"not_picked":["PrismaMod:ChloeRitsuka","PrismaMod:ChloeCommonAOEAttack"],"picked":"PrismaMod:ChloeGaeBolg","floor":10.0},{"not_picked":["PrismaMod:ChloeBetterTracePools","PrismaMod:ChloeMaid"],"picked":"PrismaMod:ChloeRhongomyniad","floor":11.0},{"not_picked":["PrismaMod:ChloeExhaustThree","PrismaMod:ChloeDevil"],"picked":"PrismaMod:ChloeCarnivalAttack","floor":16.0},{"not_picked":["PrismaMod:ChloeBetterTracePools+1","PrismaMod:ChloeMordred","PrismaMod:ChloeExhaustTwo"],"picked":"SKIP","floor":18.0},{"not_picked":["PrismaMod:ChloeCheapDefend","PrismaMod:ChloeCheapDefendTwo+1"],"picked":"PrismaMod:ChloeExhaustOne+1","floor":19.0},{"not_picked":["PrismaMod:ChloeCheapAttackTwo","PrismaMod:ChloeDiscardRecovery","PrismaMod:ChloeCheapDefend"],"picked":"SKIP","floor":22.0},{"not_picked":["PrismaMod:ChloeGaeBolg","PrismaMod:ChloeRhongomyniad"],"picked":"PrismaMod:ChloeRitsuka","floor":24.0},{"not_picked":["PrismaMod:ChloeCheapDefendTwo","PrismaMod:ChloeGaeBolg","PrismaMod:ChloeAnyPowerTrace"],"picked":"SKIP","floor":27.0},{"not_picked":["PrismaMod:ChloeMaid+1","PrismaMod:ChloeCommonAOEAttack","PrismaMod:ChloeExhaustOne+1"],"picked":"SKIP","floor":28.0},{"not_picked":["PrismaMod:ChloeRhongomyniad+1","PrismaMod:ChloeExhaustOne","PrismaMod:ChloeCheapDefend"],"picked":"SKIP","floor":31.0},{"not_picked":["PrismaMod:ChloeCommonAOEAttack","PrismaMod:ChloeCheapDefend+1"],"picked":"PrismaMod:ChloeDiscardRecovery","floor":35},{"not_picked":["PrismaMod:ChloeCommonAOEAttack+1","PrismaMod:ChloeMordred"],"picked":"PrismaMod:ChloeCheapDefend+1","floor":36},{"not_picked":["PrismaMod:ChloeCheapAttackTwo+1","PrismaMod:ChloeCheapDefend"],"picked":"PrismaMod:ChloeDiscardRecovery+1","floor":38},{"not_picked":["PrismaMod:ChloeCheapAttack","PrismaMod:ChloeEyeOfTheEuryale+1"],"picked":"PrismaMod:ChloeCarnivalDefend","floor":39},{"not_picked":["PrismaMod:ChloeGaeBolg+1","PrismaMod:ChloeCommonAOEAttack","PrismaMod:ChloeCheapDefend"],"picked":"SKIP","floor":41},{"not_picked":["PrismaMod:ChloeExhaustOne+1","PrismaMod:ChloeMordred"],"picked":"PrismaMod:ChloeRuleBreaker+1","floor":45},{"not_picked":["PrismaMod:ChloeCheapAttack+1","PrismaMod:ChloeMordred"],"picked":"PrismaMod:ChloeEyeOfTheEuryale","floor":46}],"player_experience":113064,"relics_obtained":[{"floor":7.0,"key":"Bag of Marbles"},{"floor":9.0,"key":"Toy Ornithopter"},{"floor":11.0,"key":"Bottled Lightning"},{"floor":24.0,"key":"Dream Catcher"},{"floor":26.0,"key":"Strawberry"},{"floor":43,"key":"MealTicket"},{"floor":45,"key":"Ice Cream"}],"event_choices":[{"damage_healed":0.0,"max_hp_gain":0.0,"max_hp_loss":6.0,"gold_gain":0.0,"event_name":"Golden Idol","player_choice":"Lose Max HP","floor":3.0,"gold_loss":0.0,"damage_taken":0.0,"relics_obtained":["Golden Idol"]},{"cards_removed":["PrismaMod:ChloeCommonAttack"],"damage_healed":0.0,"max_hp_gain":0.0,"max_hp_loss":0.0,"gold_gain":0.0,"event_name":"Golden Wing","player_choice":"Card Removal","floor":12.0,"gold_loss":0.0,"damage_taken":7.0},{"cards_removed":["PrismaMod:ChloeCommonAttack"],"damage_healed":0.0,"max_hp_gain":0.0,"max_hp_loss":0.0,"gold_gain":0.0,"event_name":"The Cleric","player_choice":"Card Removal","floor":13.0,"gold_loss":50.0,"damage_taken":0.0},{"damage_healed":0.0,"max_hp_gain":0.0,"max_hp_loss":0.0,"gold_gain":0.0,"event_name":"Liars Game","player_choice":"Ignored","floor":14.0,"gold_loss":0.0,"damage_taken":0.0},{"damage_healed":0.0,"max_hp_gain":0.0,"max_hp_loss":0.0,"gold_gain":0.0,"event_name":"Forgotten Altar","player_choice":"Gave Idol","floor":20.0,"relics_lost":["Golden Idol"],"gold_loss":0.0,"damage_taken":0.0,"relics_obtained":["Bloody Idol"]},{"damage_healed":0.0,"max_hp_gain":0.0,"max_hp_loss":0.0,"gold_gain":0.0,"event_name":"Addict","player_choice":"Obtained Relic","floor":25.0,"gold_loss":85.0,"damage_taken":0.0,"relics_obtained":["HornCleat"]},{"damage_healed":0.0,"max_hp_gain":0.0,"max_hp_loss":0.0,"gold_gain":0.0,"cards_transformed":["PrismaMod:ChloeCommonAttack"],"event_name":"Transmorgrifier","player_choice":"Transformed","floor":29.0,"gold_loss":0.0,"damage_taken":0.0,"cards_obtained":["PrismaMod:ChloeExhaustOne"]},{"damage_healed":0,"gold_gain":0,"player_choice":"Forge","damage_taken":0,"max_hp_gain":0,"max_hp_loss":0,"event_name":"Accursed Blacksmith","floor":44,"gold_loss":0,"cards_upgraded":["PrismaMod:ChloeCarnivalAttack"]},{"damage_healed":0,"gold_gain":0,"player_choice":"Paid","damage_taken":0,"relics_obtained":["Red Mask"],"max_hp_gain":0,"max_hp_loss":0,"event_name":"Tomb of Lord Red Mask","floor":48,"gold_loss":101}],"is_beta":false,"boss_relics":[{"not_picked":["Tiny House","Snecko Eye"],"picked":"SlaversCollar"},{"not_picked":["Pandora\u0027s Box","Runic Dome"],"picked":"Empty Cage"}],"items_purged_floors":[21],"is_endless":false,"potions_floor_spawned":[1,4,11,16,19,27,31,33,35,46],"ascension_level":0}}