{"host":"t5vp0whyqzs05fb6","time":1613535221,"event":{"mods":["AchievementEnabler","BaseMod","Colored Map","Minty Spire (QoL Compilation)","Rare Cards Sparkle","SuperFastMode","everything is the same but u backflip on backflip"],"gold_per_floor":[112,131,131,56,131,174,174,193,193,193,231,256,281,299,299,428,428,444,458,481,499,60,60,101,101,101,101,101,101],"floor_reached":28,"language":"KOR","playtime":2638,"items_purged":["Strike_R","Strike_R"],"score":275,"play_id":"6864f4b1-b6d6-41af-a2e9-1ba527b4e228","local_time":"20210217131341","is_ascension_mode":false,"campfire_choices":[{"data":"Shrug It Off","floor":7,"key":"SMITH"},{"data":"Armaments","floor":15,"key":"SMITH"},{"floor":23,"key":"REST"},{"data":"Barricade","floor":25,"key":"SMITH"},{"floor":27,"key":"REST"}],"circlet_count":0,"master_deck":["Strike_R","Strike_R","Strike_R","Defend_R+1","Defend_R+1","Defend_R","Defend_R","Bash","Shrug It Off+1","Cleave","Flame Barrier","Pommel Strike","Armaments+1","Perfected Strike","Barricade+1","Perfected Strike","Body Slam","Disarm+1","Bludgeon"],"relics":["Burning Blood","NeowsBlessing","Golden Idol","Gremlin Horn","War Paint","Omamori","Calling Bell","Oddly Smooth Stone","Sundial","StoneCalendar","Matryoshka","Shuriken","Bottled Tornado","Molten Egg 2"],"acts_visited":["Exordium","TheCity"],"potions_floor_usage":[12,16,16,16,19,28],"damage_taken":[{"damage":0,"enemies":"2 Louse","floor":1,"turns":1},{"damage":0,"enemies":"Cultist","floor":2,"turns":1},{"damage":0,"enemies":"3 Sentries","floor":6,"turns":2},{"damage":5,"enemies":"Jaw Worm","floor":8,"turns":5},{"damage":35,"enemies":"Lagavulin","floor":11,"turns":10},{"damage":10,"enemies":"Looter","floor":12,"turns":3},{"damage":3,"enemies":"2 Fungi Beasts","floor":13,"turns":3},{"damage":8,"enemies":"3 Louse","floor":14,"turns":2},{"damage":32,"enemies":"Slime Boss","floor":16,"turns":13},{"damage":15,"enemies":"Chosen","floor":18,"turns":6},{"damage":18,"enemies":"3 Byrds","floor":19,"turns":4},{"damage":11,"enemies":"Snecko","floor":20,"turns":6},{"damage":35,"enemies":"Cultist and Chosen","floor":21,"turns":8},{"damage":29,"enemies":"Gremlin Leader","floor":24,"turns":8},{"damage":48,"enemies":"Slavers","floor":28,"turns":4}],"seed_played":"5140268417916168274","potions_obtained":[{"floor":1,"key":"ColorlessPotion"},{"floor":6,"key":"EssenceOfSteel"},{"floor":12,"key":"SpeedPotion"},{"floor":14,"key":"LiquidBronze"},{"floor":18,"key":"PowerPotion"},{"floor":19,"key":"LiquidBronze"}],"is_trial":false,"path_per_floor":["M","M","?","$","?","E","R","M","T","?","E","M","M","M","R","B",null,"M","M","M","M","$","R","E","R","T","R","E"],"character_chosen":"IRONCLAD","items_purchased":["Matryoshka","Bludgeon"],"campfire_rested":2,"item_purchase_floors":[22,22],"current_hp_per_floor":[80,80,74,74,63,69,69,70,70,70,41,37,40,38,38,12,74,65,53,48,19,19,41,18,18,18,40,0,0],"gold":101,"neow_bonus":"THREE_ENEMY_KILL","is_daily":false,"chose_seed":false,"campfire_upgraded":3,"win_rate":0.0,"timestamp":1613535221,"path_taken":["M","M","?","$","?","E","R","M","T","?","E","M","M","M","R","BOSS","M","M","M","M","?","R","E","R","T","R","E"],"items_purchased_type":["Relic","Card"],"build_version":"2020-12-22","purchased_purges":2,"victory":false,"max_hp_per_floor":[80,80,74,74,74,74,74,74,74,74,74,74,74,74,74,74,74,74,74,74,74,74,74,74,74,74,74,74,74],"card_choices":[{"not_picked":["Bloodletting","Headbutt","Dropkick"],"picked":"SKIP","floor":1},{"not_picked":["Warcry","Burning Pact","Anger"],"picked":"SKIP","floor":2},{"not_picked":["Dual Wield","Feed"],"picked":"Shrug It Off","floor":6},{"not_picked":["Thunderclap","Blood for Blood"],"picked":"Cleave","floor":8},{"not_picked":["Infernal Blade","Perfected Strike"],"picked":"Flame Barrier","floor":11},{"not_picked":["Power Through","Evolve"],"picked":"Pommel Strike","floor":12},{"not_picked":["Whirlwind","Cleave"],"picked":"Armaments","floor":13},{"not_picked":["Brutality","Headbutt"],"picked":"Perfected Strike","floor":14},{"not_picked":["Feed","Limit Break"],"picked":"Barricade","floor":16},{"not_picked":["Twin Strike","Warcry"],"picked":"Perfected Strike","floor":18},{"not_picked":["Disarm","Sword Boomerang"],"picked":"Body Slam","floor":19},{"not_picked":["Burning Pact","Bloodletting+1"],"picked":"Disarm+1","floor":20},{"not_picked":["Armaments","True Grit","Anger"],"picked":"SKIP","floor":21},{"not_picked":["Exhume","Thunderclap+1","Havoc+1"],"picked":"SKIP","floor":24}],"player_experience":232563,"relics_obtained":[{"floor":6,"key":"Gremlin Horn"},{"floor":9,"key":"War Paint"},{"floor":11,"key":"Omamori"},{"floor":17,"key":"Oddly Smooth Stone"},{"floor":17,"key":"Sundial"},{"floor":17,"key":"StoneCalendar"},{"floor":24,"key":"Shuriken"},{"floor":26,"key":"Bottled Tornado"},{"floor":26,"key":"Molten Egg 2"}],"event_choices":[{"damage_healed":0,"gold_gain":0,"player_choice":"Lose Max HP","damage_taken":0,"relics_obtained":["Golden Idol"],"max_hp_gain":0,"max_hp_loss":6,"event_name":"Golden Idol","floor":3,"gold_loss":0},{"damage_healed":0,"gold_gain":75,"player_choice":"Gather Gold","damage_taken":11,"max_hp_gain":0,"max_hp_loss":0,"event_name":"World of Goop","floor":5,"gold_loss":0},{"damage_healed":0,"gold_gain":0,"player_choice":"Bought 0 Potions","damage_taken":0,"max_hp_gain":0,"max_hp_loss":0,"event_name":"The Woman in Blue","floor":10,"gold_loss":0}],"is_beta":false,"boss_relics":[{"not_picked":["Velvet Choker","SacredBark"],"picked":"Calling Bell"}],"items_purged_floors":[4,22],"is_endless":false,"potions_floor_spawned":[1,6,12,14,18,19],"killed_by":"Slavers","ascension_level":0}}