{"host":"4lnqn0cdf2xvotrt","time":1613605603,"event":{"mods":["AchievementEnabler","Aspiration","BaseMod","Better Altar","Better Match","Better Note","Better Sensory Stone","Better Skull","Better Third Choice","BetterRewards","Clawfect","Colored Map","Conspire","Downfall","GifTheSpireLib","Googly Eyes","Halation","Highlight Path","Hubris","Infinite Spire","Mimic Mod","Minty Spire (QoL Compilation)","Permanent Neow","Reliquary","Replay The Spire","Shop Mod","Spicy Shops","StSLib","Stuff the Spire","everything is the same but u backflip on backflip","slay the spire mod where everything is the same but ironclad has a cowboy hat"],"gold_per_floor":[117,129,129,129,140,170,170,180,204,204,220,261,261,261,261,384,384,400,425,157,157],"floor_reached":20,"language":"ENG","playtime":1098,"items_purged":["Strike_G","Strike_G"],"score":284,"play_id":"ea21d8d4-7a43-4ed0-99c1-987e13e42bad","local_time":"20210217174643","is_ascension_mode":false,"campfire_choices":[{"data":"StuffTheSpire:Injection","floor":7,"key":"SMITH"},{"floor":13,"key":"REST"}],"circlet_count":0,"master_deck":["Strike_G","Strike_G","Strike_G","Defend_G","Defend_G","Defend_G","Defend_G","Survivor","Neutralize","Catalyst+1","StuffTheSpire:Injection+1","Deadly Poison","Catalyst+1","Slice","Prepared+1","Burst","Draining Mist"],"relics":["Ring of the Snake","aspiration:Nostalgia","Guardian:ModeShifter","Pet Ghost","Strawberry","Golden Idol","StuffTheSpire:Barrel","hubris:Backtick","reliquary:RadioactivePellet","reliquary:KillPill"],"acts_visited":["Exordium","TheCity"],"potions_floor_usage":[],"damage_taken":[{"damage":0,"enemies":"Small Slimes","floor":1,"turns":4},{"damage":0,"enemies":"2 Louse","floor":2,"turns":3},{"damage":0,"enemies":"Jaw Worm","floor":5,"turns":3},{"damage":2,"enemies":"Gremlin Nob","floor":6,"turns":3},{"damage":8,"enemies":"Exordium Thugs","floor":8,"turns":3},{"damage":4,"enemies":"Blue Slaver","floor":11,"turns":2},{"damage":0,"enemies":"Lagavulin","floor":12,"turns":2},{"damage":0,"enemies":"Slime Boss","floor":16,"turns":3},{"damage":21,"enemies":"2 Thieves","floor":18,"turns":4},{"damage":17,"enemies":"Spheric Guardian","floor":19,"turns":4},{"damage":39,"enemies":"hubris:Merchant","floor":20,"turns":4}],"seed_played":"4043328334544360143","potions_obtained":[{"floor":1,"key":"SkillPotion"},{"floor":6,"key":"SteroidPotion"},{"floor":8,"key":"Doom Potion"},{"floor":18,"key":"Reflective Coating"}],"is_trial":false,"path_per_floor":["M","M","?","?","M","E","R","M","T","?","M","E","R","?","R_BF","B",null,"M","M","$"],"character_chosen":"THE_SILENT","items_purchased":["reliquary:KillPill"],"campfire_rested":1,"item_purchase_floors":[20],"current_hp_per_floor":[70,70,70,63,63,61,61,53,60,41,37,37,60,60,60,60,77,56,39,0,0],"gold":157,"neow_bonus":"NOSTALGIA","is_daily":false,"chose_seed":false,"campfire_upgraded":1,"win_rate":0.0,"timestamp":1613605603,"path_taken":["M","M","?","?","M","E","R","M","T","?","M","E","R","?","R_BF","BOSS","M","M","$"],"items_purchased_type":["Relic"],"build_version":"2020-12-22","purchased_purges":2,"victory":false,"max_hp_per_floor":[70,70,70,70,70,70,70,70,77,77,77,77,77,77,77,77,77,77,77,77,77],"card_choices":[{"not_picked":["Dodge and Roll","conspire:DoublingDagger"],"picked":"Catalyst","floor":1},{"not_picked":["Dagger Throw","All Out Attack"],"picked":"StuffTheSpire:Injection","floor":2},{"not_picked":["Deflect","Backflip","StuffTheSpire:ClusterCrunch"],"picked":"SKIP","floor":5},{"not_picked":["Sucker Punch","StuffTheSpire:FinalStruggle"],"picked":"Deadly Poison","floor":6},{"not_picked":["Acrobatics","Dodge and Roll"],"picked":"Catalyst","floor":8},{"not_picked":["Expertise","StuffTheSpire:Repulse"],"picked":"Slice","floor":11},{"not_picked":["ReplayTheSpireMod:The Works","Fluid Movement"],"picked":"Prepared","floor":12},{"not_picked":["Bullet Time","After Image"],"picked":"Burst","floor":16},{"not_picked":["Flying Knee","StuffTheSpire:Sprint+1"],"picked":"Draining Mist","floor":18},{"not_picked":["StuffTheSpire:Incursion","Sucker Punch","hubris:SlightOfHand"],"picked":"SKIP","floor":19}],"player_experience":56989,"relics_obtained":[{"floor":6,"key":"Pet Ghost"},{"floor":9,"key":"Strawberry"},{"floor":12,"key":"StuffTheSpire:Barrel"}],"event_choices":[{"cards_removed":["Defend_G"],"damage_healed":0,"gold_gain":0,"player_choice":"Card Removal","damage_taken":7,"max_hp_gain":0,"max_hp_loss":0,"event_name":"Golden Wing","floor":4,"gold_loss":0},{"damage_healed":0,"gold_gain":0,"player_choice":"Take Damage","damage_taken":19,"relics_obtained":["Golden Idol"],"max_hp_gain":0,"max_hp_loss":0,"event_name":"Golden Idol","floor":10,"gold_loss":0}],"is_beta":false,"boss_relics":[{"not_picked":["reliquary:RustamsPendant","halation:ForbiddenBikini"],"picked":"hubris:Backtick"}],"items_purged_floors":[20,20],"is_endless":false,"potions_floor_spawned":[1,6,8,18,19],"killed_by":"hubris:Merchant","ascension_level":0}}