{"host":"mithrandi","time":1613585511,"event":{"mods":["BaseMod","Colored Map","Highlight Path","Minty Spire (QoL Compilation)","SuperFastMode"],"gold_per_floor":[118,268,268,278,292,317,337,27,27,52,52,1,76,21,21,120,120,185,228,288,353,278,334,145,145,226,303,303,303,343,396,396,499,499,542,585,585,160,195,195,250,250,276,276,304,345,345,412,412,412,437,437,437,34,88,88],"floor_reached":57,"language":"ENG","playtime":6274,"items_purged":["Doubt","Defend_P","Defend_P"],"score":2781,"play_id":"2a987e74-0db4-45ec-819c-b40df5f17fde","local_time":"20210217201151","is_ascension_mode":true,"campfire_choices":[{"data":"HandOfGreed","floor":11.0,"key":"SMITH"},{"floor":15.0,"key":"REST"},{"floor":25.0,"key":"REST"},{"floor":28.0,"key":"REST"},{"floor":32.0,"key":"REST"},{"data":"Establishment","floor":40.0,"key":"SMITH"},{"data":"BattleHymn","floor":44.0,"key":"SMITH"},{"floor":47.0,"key":"RECALL"},{"data":"Fasting2","floor":49.0,"key":"SMITH"},{"data":"Vault","floor":53.0,"key":"SMITH"}],"circlet_count":0,"master_deck":["AscendersBane","Eruption","Vigilance","WaveOfTheHand","BattleHymn+1","Wallop","Vault+1","BowlingBash","JustLucky","Vault+1","FollowUp","HandOfGreed+1","Sanctity+1","Prostrate","JustLucky","ThirdEye","Establishment+1","EmptyBody+1","Perseverance","Consecrate+1","Fasting2+1","MentalFortress","Prostrate","Prostrate+1","Protect","Vault","Study","Dark Shackles","Protect","TalkToTheHand"],"relics":["HolyWater","Bird Faced Urn","Sundial","InkBottle","Mummified Hand","Pear","Vajra","Akabeko","Busted Crown","Letter Opener","Medical Kit","Ornamental Fan","Singing Bowl","Incense Burner","War Paint"],"acts_visited":["TheEnding"],"potions_floor_usage":[56,56],"damage_taken":[{"damage":4.0,"enemies":"Small Slimes","floor":1.0,"turns":4.0},{"damage":11.0,"enemies":"2 Louse","floor":4.0,"turns":4.0},{"damage":0.0,"enemies":"Cultist","floor":5.0,"turns":3.0},{"damage":10.0,"enemies":"Lagavulin","floor":6.0,"turns":7.0},{"damage":0.0,"enemies":"Red Slaver","floor":7.0,"turns":3.0},{"damage":0.0,"enemies":"Gremlin Nob","floor":10.0,"turns":3.0},{"damage":8.0,"enemies":"Hexaghost","floor":16.0,"turns":9.0},{"damage":10.0,"enemies":"2 Thieves","floor":18.0,"turns":5.0},{"damage":9.0,"enemies":"Shell Parasite","floor":19.0,"turns":7.0},{"damage":13.0,"enemies":"3 Cultists","floor":20.0,"turns":8.0},{"damage":8.0,"enemies":"Centurion and Healer","floor":21.0,"turns":7.0},{"damage":24.0,"enemies":"Book of Stabbing","floor":23.0,"turns":8.0},{"damage":38.0,"enemies":"Slavers","floor":27.0,"turns":10.0},{"damage":16.0,"enemies":"Snake Plant","floor":30.0,"turns":10.0},{"damage":12.0,"enemies":"Gremlin Leader","floor":31.0,"turns":7.0},{"damage":3.0,"enemies":"Automaton","floor":33.0,"turns":8.0},{"damage":0.0,"enemies":"3 Shapes","floor":35.0,"turns":5.0},{"damage":2.0,"enemies":"3 Darklings","floor":36.0,"turns":5.0},{"damage":0.0,"enemies":"Spire Growth","floor":39.0,"turns":8.0},{"damage":2.0,"enemies":"Reptomancer","floor":41.0,"turns":9.0},{"damage":0.0,"enemies":"Giant Head","floor":45.0,"turns":7.0},{"damage":13.0,"enemies":"Sphere and 2 Shapes","floor":46.0,"turns":5.0},{"damage":15.0,"enemies":"4 Shapes","floor":48.0,"turns":9.0},{"damage":27.0,"enemies":"Time Eater","floor":50.0,"turns":11.0},{"damage":8.0,"enemies":"Donu and Deca","floor":51.0,"turns":9.0},{"damage":56.0,"enemies":"Shield and Spear","floor":55.0,"turns":7.0},{"damage":28,"enemies":"The Heart","floor":56,"turns":14}],"seed_played":"7039726715192802152","potions_obtained":[{"floor":4.0,"key":"FearPotion"},{"floor":7.0,"key":"DistilledChaos"},{"floor":10.0,"key":"PowerPotion"},{"floor":19.0,"key":"CultistPotion"},{"floor":30.0,"key":"Energy Potion"},{"floor":33.0,"key":"Explosive Potion"},{"floor":41.0,"key":"StancePotion"},{"floor":55.0,"key":"AttackPotion"}],"is_trial":false,"path_per_floor":["M","?","?","M","M","E","M","$","T","E","R","$","?","$","R","B",null,"M","M","M","M","?","E","$","R","T","E","R","?","M","E","R","B",null,"M","M","T","$","M","R","E","?","T","R","E","M","R","M","R","B","B",null,"R","$","E","B",null],"character_chosen":"WATCHER","items_purchased":["HandOfGreed","Sanctity","JustLucky","ThirdEye","MentalFortress","Medical Kit","Study","Dark Shackles","TalkToTheHand","Incense Burner"],"campfire_rested":4,"item_purchase_floors":[8,8,12,14,24,38,38,38,54,54],"current_hp_per_floor":[39,39,39,28,28,18,20,20,20,22,22,22,11,11,31,27,58,50,43,32,28,28,8,8,28,38,6,29,29,19,13,36,39,68,76,76,76,76,78,78,76,76,76,76,80,73,73,67,67,50,50,74,74,74,30,12],"gold":88,"neow_bonus":"TRANSFORM_TWO_CARDS","is_daily":false,"chose_seed":false,"campfire_upgraded":5,"win_rate":0.0,"timestamp":1613585511,"path_taken":["M","?","?","M","M","E","?","$","T","E","R","?","?","$","R","BOSS","M","M","M","M","?","E","$","R","T","E","R","?","M","E","R","BOSS","M","M","?","$","M","R","E","?","T","R","E","M","R","?","R","BOSS","BOSS","R","$","E","BOSS"],"items_purchased_type":["Card","Card","Card","Card","Card","Relic","Card","Card","Card","Relic"],"build_version":"2020-12-18","purchased_purges":3,"victory":true,"max_hp_per_floor":[68,68,68,68,68,68,68,68,68,68,68,68,68,68,68,68,68,68,68,68,68,68,68,68,68,78,78,78,78,78,78,78,78,78,78,78,78,78,78,78,78,78,78,78,80,80,80,82,82,82,82,82,82,82,84,84],"card_choices":[{"not_picked":["FlyingSleeves","EmptyBody"],"picked":"Wallop","floor":1.0},{"not_picked":["EmptyBody","Evaluate"],"picked":"BowlingBash","floor":4.0},{"not_picked":["Crescendo","FollowUp"],"picked":"JustLucky","floor":5.0},{"not_picked":["CrushJoints","WheelKick"],"picked":"Vault","floor":6.0},{"not_picked":["CrushJoints","FlurryOfBlows"],"picked":"FollowUp","floor":7.0},{"not_picked":["JustLucky","BattleHymn"],"picked":"Prostrate","floor":10.0},{"not_picked":["Omniscience","Blasphemy"],"picked":"Establishment","floor":16.0},{"not_picked":["ClearTheMind","Adaptation"],"picked":"EmptyBody+1","floor":18.0},{"not_picked":["EmptyFist","Pray"],"picked":"Perseverance","floor":19.0},{"not_picked":["FlyingSleeves","Adaptation"],"picked":"Consecrate+1","floor":20.0},{"not_picked":["Evaluate","Halt+1","BattleHymn"],"picked":"SKIP","floor":21.0},{"not_picked":["Brilliance","Indignation+1"],"picked":"Fasting2","floor":23.0},{"not_picked":["ForeignInfluence","WreathOfFlame"],"picked":"Prostrate","floor":27.0},{"not_picked":["WindmillStrike","Sanctity"],"picked":"Prostrate+1","floor":30.0},{"not_picked":["SignatureMove","EmptyBody"],"picked":"Protect","floor":31.0},{"not_picked":["SpiritShield","LessonLearned"],"picked":"Vault","floor":33.0},{"not_picked":["Prostrate"],"picked":"SKIP","floor":35.0},{"not_picked":["Collect"],"picked":"SKIP","floor":36.0},{"not_picked":["SandsOfTime"],"picked":"SKIP","floor":39.0},{"not_picked":["WreathOfFlame"],"picked":"SKIP","floor":41.0},{"not_picked":["Vengeance"],"picked":"Singing Bowl","floor":45.0},{"not_picked":[],"picked":"Protect","floor":46.0},{"not_picked":["FollowUp"],"picked":"Singing Bowl","floor":48.0},{"not_picked":["Study+1"],"picked":"Singing Bowl","floor":55.0}],"player_experience":2982337,"relics_obtained":[{"floor":6.0,"key":"Bird Faced Urn"},{"floor":9.0,"key":"Sundial"},{"floor":10.0,"key":"InkBottle"},{"floor":23.0,"key":"Mummified Hand"},{"floor":26.0,"key":"Pear"},{"floor":27.0,"key":"Vajra"},{"floor":31.0,"key":"Akabeko"},{"floor":37.0,"key":"Letter Opener"},{"floor":41.0,"key":"Ornamental Fan"},{"floor":45.0,"key":"Singing Bowl"},{"floor":55.0,"key":"War Paint"}],"event_choices":[{"damage_healed":0.0,"max_hp_gain":0.0,"max_hp_loss":0.0,"gold_gain":150.0,"event_name":"Liars Game","player_choice":"AGREE","floor":2.0,"gold_loss":0.0,"damage_taken":0.0,"cards_obtained":["Doubt"]},{"damage_healed":0.0,"max_hp_gain":0.0,"max_hp_loss":0.0,"gold_gain":0.0,"cards_transformed":["Strike_P"],"event_name":"Transmorgrifier","player_choice":"Transformed","floor":3.0,"gold_loss":0.0,"damage_taken":0.0,"cards_obtained":["Vault"]},{"damage_healed":0.0,"max_hp_gain":0.0,"max_hp_loss":0.0,"gold_gain":75.0,"event_name":"World of Goop","player_choice":"Gather Gold","floor":13.0,"gold_loss":0.0,"damage_taken":11.0},{"cards_removed":["Strike_P"],"damage_healed":0.0,"max_hp_gain":0.0,"max_hp_loss":0.0,"gold_gain":0.0,"event_name":"Beggar","player_choice":"Gave Gold","floor":22.0,"gold_loss":75.0,"damage_taken":0.0},{"cards_removed":["Defend_P"],"damage_healed":0.0,"max_hp_gain":0.0,"max_hp_loss":0.0,"gold_gain":0.0,"event_name":"Wheel of Change","player_choice":"Card Removal","floor":29.0,"gold_loss":0.0,"damage_taken":0.0},{"cards_removed":["Defend_P"],"damage_healed":0.0,"max_hp_gain":0.0,"max_hp_loss":0.0,"gold_gain":0.0,"event_name":"Purifier","player_choice":"Purged","floor":42.0,"gold_loss":0.0,"damage_taken":0.0}],"is_beta":true,"boss_relics":[{"not_picked":["SlaversCollar","Velvet Choker"],"picked":"HolyWater"},{"not_picked":["Empty Cage","SacredBark"],"picked":"Busted Crown"}],"items_purged_floors":[8,24,38],"is_endless":false,"potions_floor_spawned":[4,7,10,19,30,33,41,45,55],"ascension_level":20}}