{"host":"wppa8gky53tnknhf","time":1613563373,"event":{"mods":["AchievementEnabler","Act Like it!","BaseMod","Better Third Choice","BetterRewards","Card Forge","Colored Powertips","Hubris","Infinite Spire","Marked Mod","Minty Spire (QoL Compilation)","Permanent Neow","Quick Restart","Rare Cards Sparkle","Relic Stats","Reliquary","Remove Card Discount Mod","Replay The Spire","Spikes Relics","Spire Birthday Party","StSLib","Wandering Minibosses"],"gold_per_floor":[216,231,231,244,261,296,296,323,350,350,361,361,396,413,476,580,580,600,613,623,643,663,697,697,728,728,728,739,739,772,772,772,874,874,886,886,886,905,651,651,677,692,692,692,708,738,752,752,752,752,752,752,460,493,493],"floor_reached":56,"language":"ENG","playtime":2179,"items_purged":[],"score":1651,"play_id":"381c41be-17cb-4ea0-8a78-a0882a10505a","local_time":"20210217120253","is_ascension_mode":true,"campfire_choices":[{"floor":7.0,"key":"RECALL"},{"floor":10.0,"key":"REST"},{"floor":24.0,"key":"REST"},{"floor":32.0,"key":"REST"},{"floor":40.0,"key":"REST"},{"floor":49,"key":"REST"},{"floor":52,"key":"REST"}],"circlet_count":0,"master_deck":["Strike_P+1","Strike_P+1","Strike_P+1","Strike_P+1","Defend_P+1","Defend_P+1","Defend_P+1","Defend_P+1","Eruption+1","Vigilance+1","CarveReality+1","Prostrate+1","Conclude+1","ForeignInfluence+1","FlyingSleeves+1","Establishment+1","Consecrate+1","Judgement+1","Halt+1","Prostrate+1","MentalFortress+1","Pray+1","Halt+1","SignatureMove+1","Pray+1","ClearTheMind+1","Replay:DivineShield+1","infinitespire:SevenWalls+1","infinitespire:Gouge+1","Prostrate+1","infinitespire:SevenWalls+1","infinitespire:Execution+1","Prostrate+1","FlyingSleeves+1"],"relics":["PureWater","Hammer of Thor","Seething Fire","Anvil of the Gods","Ice Cream","Anchor","wanderingMiniBosses:Inkheart","Onion Ring","Ornamental Fan","Blood Vial","SacredBark","Durian","Philosopher\u0027s Stone","reliquary:RedPaperclip","StoneCalendar","hubris:EmptyBottle","StrikeDummy","Garlic","ReplayTheSpireMod:Shallot","Whetstone"],"acts_visited":["Exordium","TheCity","TheBeyond","TheEnding"],"potions_floor_usage":[55,55,55,55],"damage_taken":[{"damage":0.0,"enemies":"Jaw Worm","floor":1.0,"turns":3.0},{"damage":0.0,"enemies":"2 Louse","floor":2.0,"turns":1.0},{"damage":0.0,"enemies":"Cultist","floor":4.0,"turns":2.0},{"damage":10.0,"enemies":"Red Slaver","floor":5.0,"turns":5.0},{"damage":0.0,"enemies":"3 Sentries","floor":6.0,"turns":1.0},{"damage":2.0,"enemies":"Gremlin Nob","floor":8.0,"turns":3.0},{"damage":0.0,"enemies":"Exordium Wildlife","floor":11.0,"turns":3.0},{"damage":0.0,"enemies":"Lagavulin","floor":13.0,"turns":4.0},{"damage":0.0,"enemies":"Exordium Thugs","floor":14.0,"turns":2.0},{"damage":27.0,"enemies":"The Guardian","floor":16.0,"turns":8.0},{"damage":6.0,"enemies":"2 Thieves","floor":18.0,"turns":7.0},{"damage":0.0,"enemies":"3 Byrds","floor":19.0,"turns":4.0},{"damage":15.0,"enemies":"Snake Plant","floor":20.0,"turns":5.0},{"damage":9.0,"enemies":"3 Cultists","floor":21.0,"turns":4.0},{"damage":22.0,"enemies":"Centurion and Healer","floor":22.0,"turns":4.0},{"damage":1.0,"enemies":"Replay:Snechameleon","floor":23.0,"turns":3.0},{"damage":0.0,"enemies":"Gremlin Leader","floor":25.0,"turns":4.0},{"damage":20.0,"enemies":"Snake Plant","floor":28.0,"turns":3.0},{"damage":0.0,"enemies":"Replay:Snechameleon","floor":30.0,"turns":5.0},{"damage":12.0,"enemies":"Automaton","floor":33.0,"turns":5.0},{"damage":0.0,"enemies":"3 Darklings","floor":35.0,"turns":2.0},{"damage":0.0,"enemies":"3 Shapes","floor":38.0,"turns":2.0},{"damage":13.0,"enemies":"Reptomancer","floor":41.0,"turns":3.0},{"damage":0.0,"enemies":"Jaw Worm Horde","floor":42.0,"turns":2.0},{"damage":2.0,"enemies":"4 Shapes","floor":45.0,"turns":3.0},{"damage":0.0,"enemies":"Nemesis","floor":46.0,"turns":3.0},{"damage":0,"enemies":"Writhing Mass","floor":47,"turns":4},{"damage":0,"enemies":"Donu and Deca","floor":50,"turns":2},{"damage":0,"enemies":"Shield and Spear","floor":54,"turns":3},{"damage":0,"enemies":"The Heart","floor":55,"turns":4}],"seed_played":"3129160183885640008","potions_obtained":[{"floor":1.0,"key":"StancePotion"},{"floor":2.0,"key":"Weak Potion"},{"floor":6.0,"key":"ColorlessPotion"},{"floor":8.0,"key":"Explosive Potion"},{"floor":14.0,"key":"SteroidPotion"},{"floor":16.0,"key":"Toxic Potion"},{"floor":18.0,"key":"SkillPotion"},{"floor":19.0,"key":"PowerPotion"},{"floor":21.0,"key":"Fire Potion"},{"floor":22.0,"key":"BlessingOfTheForge"},{"floor":28.0,"key":"Fire Potion"},{"floor":33.0,"key":"Flashbang"}],"is_trial":false,"path_per_floor":["M","M","?","M","M","E","R","E","T","R","M","?","E","M","R","B",null,"M","M","M","M","M","E","R","E","T","?","M","?","E","AVR","R","B",null,"M","?","AVR","M","$","R","E","M","T","?","M","E","M","?","R","B",null,"R","$","E","B",null],"character_chosen":"WATCHER","items_purchased":["CultistPotion","hubris:EmptyBottle","ReplayTheSpireMod:Shallot","FlyingSleeves"],"campfire_rested":6,"item_purchase_floors":[39,39,53,53],"current_hp_per_floor":[72,72,72,72,62,62,62,60,60,72,72,72,72,72,72,45,72,66,66,51,42,20,19,55,55,55,55,35,29,29,34,75,65,77,77,77,77,77,77,77,64,66,66,66,66,68,70,70,77,77,77,77,77,77,77],"gold":493,"neow_bonus":"HUNDRED_GOLD","is_daily":false,"chose_seed":false,"campfire_upgraded":0,"win_rate":0.0,"timestamp":1613563373,"path_taken":["M","M","?","M","M","E","R","E","T","R","M","?","E","M","R","BOSS","M","M","M","M","M","E","R","E","T","?","M","?","E","AVR","R","BOSS","M","?","AVR","?","$","R","E","M","T","?","M","E","M","?","R","BOSS","R","$","E","BOSS"],"items_purchased_type":["Potion","Relic","Relic","Card"],"build_version":"2020-12-22","purchased_purges":0,"victory":true,"max_hp_per_floor":[72,72,72,72,72,72,72,72,72,72,72,72,72,72,72,72,72,72,72,72,72,72,72,72,72,72,72,72,72,72,77,77,77,77,77,77,77,77,77,77,77,77,77,77,77,77,77,77,77,77,77,77,77,77,77],"relic_stats":{"Blood Vial":10,"counters":[30,104],"Ornamental Fan":[92],"StoneCalendar":[0],"Whetstone":["FlyingSleeves"],"obtain_stats":[{"Ice Cream":3,"SacredBark":31,"Eternal Feather":8,"StoneCalendar":37,"Hammer of Thor":0,"Seething Fire":0,"Whetstone":54,"hubris:EmptyBottle":39,"Blood Vial":30,"Anchor":6,"reliquary:RedPaperclip":37,"ReplayTheSpireMod:Shallot":53,"Anvil of the Gods":0,"Ornamental Fan":26,"MiniBlackHole":23,"Onion Ring":25,"Philosopher\u0027s Stone":34,"Durian":31,"Garlic":43,"PureWater":0,"StrikeDummy":41,"wanderingMiniBosses:Inkheart":22},{"Ice Cream":2,"SacredBark":19,"Eternal Feather":6,"StoneCalendar":21,"Hammer of Thor":0,"Seething Fire":0,"Whetstone":29,"hubris:EmptyBottle":22,"Blood Vial":19,"Anchor":5,"reliquary:RedPaperclip":21,"ReplayTheSpireMod:Shallot":28,"Anvil of the Gods":0,"Ornamental Fan":17,"MiniBlackHole":16,"Onion Ring":17,"Philosopher\u0027s Stone":20,"Durian":19,"Garlic":24,"PureWater":0,"StrikeDummy":23,"wanderingMiniBosses:Inkheart":15},{"Ice Cream":4,"SacredBark":71,"Eternal Feather":15,"StoneCalendar":78,"Hammer of Thor":0,"Seething Fire":0,"Whetstone":100,"hubris:EmptyBottle":80,"Blood Vial":71,"Anchor":12,"reliquary:RedPaperclip":78,"ReplayTheSpireMod:Shallot":97,"Anvil of the Gods":0,"Ornamental Fan":63,"MiniBlackHole":59,"Onion Ring":63,"Philosopher\u0027s Stone":76,"Durian":71,"Garlic":85,"PureWater":0,"StrikeDummy":83,"wanderingMiniBosses:Inkheart":56}]},"card_choices":[{"not_picked":["Swivel","Study","MarkedMod:GracefulMovements"],"picked":"SKIP","floor":1.0},{"not_picked":["CrushJoints","InnerPeace"],"picked":"CarveReality","floor":2.0},{"not_picked":["JustLucky","Halt"],"picked":"Prostrate","floor":4.0},{"not_picked":["CarveReality","Halt"],"picked":"Conclude","floor":5.0},{"not_picked":["MarkedMod:GentlePulse","WheelKick"],"picked":"ForeignInfluence","floor":6.0},{"not_picked":["JustLucky","MarkedMod:SlowDance"],"picked":"FlyingSleeves","floor":8.0},{"not_picked":["PathToVictory","InnerPeace"],"picked":"FlyingSleeves","floor":11.0},{"not_picked":["MarkedMod:Acupuncture","Wallop"],"picked":"Establishment","floor":13.0},{"not_picked":["Replay:ManipulateFuture","LikeWater"],"picked":"Consecrate","floor":14.0},{"not_picked":["Omniscience","Replay:LoomingThreat"],"picked":"Judgement","floor":16.0},{"not_picked":["EmptyFist","JustLucky"],"picked":"Halt","floor":18.0},{"not_picked":["SignatureMove","CarveReality"],"picked":"Prostrate","floor":19.0},{"not_picked":["Replay:Hum","JustLucky"],"picked":"MentalFortress","floor":20.0},{"not_picked":["EmptyFist","Protect"],"picked":"Pray+1","floor":21.0},{"not_picked":["MarkedMod:Acupuncture+1","Replay:ManipulateFuture+1"],"picked":"Halt+1","floor":22.0},{"not_picked":["Replay:DivineShield","ReachHeaven"],"picked":"SignatureMove","floor":23.0},{"not_picked":["SashWhip+1","Sanctity","Vengeance"],"picked":"SKIP","floor":25.0},{"not_picked":["WreathOfFlame","MarkedMod:Acupuncture+1"],"picked":"ClearTheMind","floor":28.0},{"not_picked":["EmptyFist","SignatureMove"],"picked":"Replay:DivineShield+1","floor":30.0},{"not_picked":["FollowUp","Evaluate"],"picked":"Prostrate","floor":35.0},{"not_picked":["Evaluate","MarkedMod:Acupuncture","Replay:ManipulateFuture"],"picked":"SKIP","floor":38.0},{"not_picked":["ClearTheMind","Crescendo","WaveOfTheHand"],"picked":"SKIP","floor":41.0},{"not_picked":["Replay:AtTheReady+1","BattleHymn+1","MarkedMod:GentlePulse"],"picked":"SKIP","floor":42.0},{"not_picked":["Pray","DeusExMachina"],"picked":"Prostrate+1","floor":45.0},{"not_picked":["Fasting2","Weave+1","SashWhip+1"],"picked":"SKIP","floor":46},{"not_picked":["Weave","Fasting2","MarkedMod:GentlePulse+1"],"picked":"SKIP","floor":47},{"not_picked":["MarkedMod:FirstStrike+1","Replay:Cycle","Crescendo+1"],"picked":"SKIP","floor":54}],"player_experience":725412,"relics_obtained":[{"floor":6.0,"key":"Anchor"},{"floor":8.0,"key":"Eternal Feather"},{"floor":22.0,"key":"wanderingMiniBosses:Inkheart"},{"floor":23.0,"key":"MiniBlackHole"},{"floor":25.0,"key":"Onion Ring"},{"floor":26.0,"key":"Ornamental Fan"},{"floor":30.0,"key":"Blood Vial"},{"floor":41.0,"key":"StrikeDummy"},{"floor":43.0,"key":"Garlic"},{"floor":54,"key":"Whetstone"}],"event_choices":[{"damage_healed":0.0,"max_hp_gain":0.0,"max_hp_loss":0.0,"gold_gain":0.0,"event_name":"Big Fish","player_choice":"Box","floor":3.0,"gold_loss":0.0,"damage_taken":0.0,"relics_obtained":["Ice Cream"],"cards_obtained":["Regret"]},{"damage_healed":0.0,"max_hp_gain":0.0,"max_hp_loss":0.0,"gold_gain":0.0,"event_name":"Knowing Skull","player_choice":"","floor":29.0,"potions_obtained":[],"gold_loss":0.0,"damage_taken":6.0,"cards_obtained":[]},{"damage_healed":0.0,"max_hp_gain":0.0,"max_hp_loss":0.0,"gold_gain":0.0,"event_name":"Purifier","player_choice":"Ignored","floor":36.0,"gold_loss":0.0,"damage_taken":0.0},{"damage_healed":0.0,"max_hp_gain":0.0,"max_hp_loss":0.0,"gold_gain":0.0,"event_name":"SensoryStone","player_choice":"Memory 1","floor":44.0,"gold_loss":0.0,"damage_taken":0.0},{"cards_removed":["FlyingSleeves"],"damage_healed":0,"gold_gain":0,"player_choice":"Removed Attack","damage_taken":0,"max_hp_gain":0,"max_hp_loss":0,"event_name":"Falling","floor":48,"gold_loss":0}],"is_beta":false,"boss_relics":[{"not_picked":["Astrolabe","Ectoplasm","hubris:TerracottaHorce"]},{"not_picked":["Runic Pyramid","hubris:ScarierMask"],"picked":"Philosopher\u0027s Stone"}],"items_purged_floors":[],"is_endless":false,"potions_floor_spawned":[1,2,6,8,14,16,18,19,21,22,28,33,35,45,46],"ascension_level":1}}