{"host":"kh6fvhxn285ncg0o","time":1613606307,"event":{"mods":["Act Like it!","BaseMod","Colored Map","Friendly Minions","Keyboard Shortcuts","Minty Spire (QoL Compilation)","Quick Restart","Relic Stats","StSLib","SuperFastMode","UnlockEverythingMod"],"gold_per_floor":[111,186,206,131,131,159,170,200,227,54,54,88,106,122,122,197,197,217,217,227,227,277,134,134,153,203,203,222,236,236,269,269,341,341,357,357,377,425,450,485,485,516,516,516,528,563,576,588,588,588,588,588,588,90,124,124],"floor_reached":57,"language":"KOR","playtime":1634,"items_purged":["Strike_R","Strike_R","Strike_R"],"score":2910,"play_id":"cfc146a4-84f3-4081-a8ad-8ad574c98698","local_time":"20210218085827","is_ascension_mode":true,"campfire_choices":[{"data":"Bash","floor":11.0,"key":"SMITH"},{"data":"Double Tap","floor":15.0,"key":"SMITH"},{"data":"Entrench","floor":24.0,"key":"SMITH"},{"data":"Body Slam","floor":27.0,"key":"SMITH"},{"data":"Evolve","floor":30.0,"key":"SMITH"},{"data":"Power Through","floor":32.0,"key":"SMITH"},{"data":"Barricade","floor":41.0,"key":"SMITH"},{"floor":49,"key":"RECALL"},{"data":"Feel No Pain","floor":53,"key":"SMITH"}],"circlet_count":0,"master_deck":["AscendersBane","Strike_R+1","Defend_R","Defend_R","Defend_R","Defend_R","Bash+1","Reckless Charge+1","Sever Soul","Double Tap+1","Shrug It Off","Barricade+1","Dropkick","Pommel Strike","Evolve+1","Impervious","Flame Barrier","Entrench+1","Body Slam+1","Power Through+1","Fiend Fire","Impervious","Burning Pact+1","Feel No Pain+1","Burning Pact","Power Through+1","Offering"],"relics":["Burning Blood","NeowsBlessing","Potion Belt","Whetstone","Bronze Scales","Ginger","Runic Dome","Centennial Puzzle","Turnip","Sozu","Incense Burner","Girya","Toy Ornithopter","The Courier","Vajra","Strawberry","Toolbox","Blood Vial"],"acts_visited":["Exordium","TheCity","TheBeyond","TheEnding"],"potions_floor_usage":[46,56],"damage_taken":[{"damage":0.0,"enemies":"2 Louse","floor":1.0,"turns":1.0},{"damage":0.0,"enemies":"Jaw Worm","floor":3.0,"turns":1.0},{"damage":0.0,"enemies":"3 Sentries","floor":6.0,"turns":2.0},{"damage":0.0,"enemies":"Cultist","floor":7.0,"turns":2.0},{"damage":44.0,"enemies":"Lagavulin","floor":8.0,"turns":8.0},{"damage":25.0,"enemies":"3 Sentries","floor":12.0,"turns":10.0},{"damage":11.0,"enemies":"Blue Slaver","floor":13.0,"turns":3.0},{"damage":0.0,"enemies":"2 Fungi Beasts","floor":14.0,"turns":3.0},{"damage":27.0,"enemies":"The Guardian","floor":16.0,"turns":13.0},{"damage":6.0,"enemies":"Shell Parasite","floor":18.0,"turns":1.0},{"damage":0.0,"enemies":"3 Byrds","floor":20.0,"turns":3.0},{"damage":12.0,"enemies":"Snake Plant","floor":25.0,"turns":3.0},{"damage":0.0,"enemies":"Chosen and Byrds","floor":28.0,"turns":3.0},{"damage":14.0,"enemies":"Centurion and Healer","floor":29.0,"turns":5.0},{"damage":24.0,"enemies":"Slavers","floor":31.0,"turns":4.0},{"damage":25.0,"enemies":"Collector","floor":33.0,"turns":8.0},{"damage":12.0,"enemies":"3 Shapes","floor":35.0,"turns":5.0},{"damage":20.0,"enemies":"3 Darklings","floor":37.0,"turns":5.0},{"damage":12.0,"enemies":"Mind Bloom Boss Battle","floor":39.0,"turns":5.0},{"damage":28.0,"enemies":"Nemesis","floor":40.0,"turns":7.0},{"damage":0.0,"enemies":"Giant Head","floor":42.0,"turns":10.0},{"damage":18.0,"enemies":"Spire Growth","floor":45.0,"turns":5.0},{"damage":43,"enemies":"Reptomancer","floor":46,"turns":12},{"damage":0,"enemies":"Writhing Mass","floor":47,"turns":5},{"damage":0,"enemies":"Sphere and 2 Shapes","floor":48,"turns":7},{"damage":4,"enemies":"Time Eater","floor":50,"turns":12},{"damage":18,"enemies":"Donu and Deca","floor":51,"turns":12},{"damage":6,"enemies":"Shield and Spear","floor":55,"turns":6},{"damage":10,"enemies":"The Heart","floor":56,"turns":9}],"seed_played":"1926958181089037764","potions_obtained":[{"floor":6.0,"key":"Ancient Potion"},{"floor":8.0,"key":"BloodPotion"},{"floor":12.0,"key":"Ancient Potion"},{"floor":14.0,"key":"GamblersBrew"},{"floor":16.0,"key":"SkillPotion"},{"floor":19.0,"key":"Regen Potion"},{"floor":19.0,"key":"CultistPotion"},{"floor":20.0,"key":"SkillPotion"},{"floor":31.0,"key":"LiquidBronze"},{"floor":33.0,"key":"LiquidMemories"}],"is_trial":false,"path_per_floor":["M","?","M","?","?","E","M","E","T","$","R","E","M","M","R","B",null,"M","?","M","?","?","$","R","M","T","R","M","M","R","E","R","B",null,"M","?","M","T","?","E","R","E","T","?","M","E","M","M","R","B","B",null,"R","$","E","B",null],"character_chosen":"IRONCLAD","items_purchased":["Dropkick","Fire Potion","Entrench","Offering","Strawberry","Toolbox"],"campfire_rested":0,"item_purchase_floors":[10,10,23,54,54,54],"current_hp_per_floor":[74,63,69,69,74,80,80,42,42,42,42,23,18,24,24,19,65,65,65,71,71,63,63,63,66,66,66,72,64,64,46,46,27,67,61,61,47,47,41,19,19,25,25,66,54,22,28,34,34,36,24,56,56,63,63,66],"gold":124,"neow_bonus":"THREE_ENEMY_KILL","is_daily":false,"chose_seed":false,"campfire_upgraded":8,"win_rate":0.0,"timestamp":1613606307,"path_taken":["M","?","M","?","?","E","M","E","T","?","R","E","M","M","R","BOSS","M","?","?","?","?","$","R","M","T","R","M","?","R","E","R","BOSS","M","?","M","?","?","E","R","E","T","?","M","E","M","M","R","BOSS","BOSS","R","$","E","BOSS"],"items_purchased_type":["Card","Potion","Card","Card","Relic","Relic"],"build_version":"2020-12-22","purchased_purges":3,"victory":true,"max_hp_per_floor":[75,75,75,75,80,80,80,80,80,80,80,80,80,80,80,80,80,80,80,80,80,80,80,80,80,80,80,80,80,80,80,80,80,80,80,80,80,80,80,80,80,80,80,66,66,66,66,66,66,66,66,66,66,73,73,73],"relic_stats":{"Sozu":5,"Blood Vial":2,"Centennial Puzzle":[39],"counters":[29,170],"Bronze Scales":[553],"Turnip":[16],"Whetstone":["Strike_R","Reckless Charge"],"Ginger":[27],"obtain_stats":[{"Potion Belt":6,"Girya":40,"NeowsBlessing":0,"Vajra":46,"The Courier":43,"Incense Burner":39,"Whetstone":8,"Ginger":12,"Burning Blood":0,"Sozu":34,"Blood Vial":55,"Runic Dome":17,"Centennial Puzzle":26,"Bronze Scales":9,"Strawberry":54,"Toolbox":54,"Turnip":31,"Toy Ornithopter":42},{"Potion Belt":3,"Girya":20,"NeowsBlessing":0,"Vajra":23,"The Courier":21,"Incense Burner":19,"Whetstone":5,"Ginger":6,"Burning Blood":0,"Sozu":16,"Blood Vial":28,"Runic Dome":9,"Centennial Puzzle":12,"Bronze Scales":5,"Strawberry":27,"Toolbox":27,"Turnip":15,"Toy Ornithopter":21},{"Potion Belt":4,"Girya":92,"NeowsBlessing":0,"Vajra":119,"The Courier":102,"Incense Burner":85,"Whetstone":14,"Ginger":24,"Burning Blood":0,"Sozu":70,"Blood Vial":161,"Runic Dome":43,"Centennial Puzzle":50,"Bronze Scales":14,"Strawberry":155,"Toolbox":155,"Turnip":62,"Toy Ornithopter":102}],"Burning Blood":168,"Toy Ornithopter":10},"card_choices":[{"not_picked":["Headbutt","Body Slam"],"picked":"Reckless Charge","floor":1.0},{"not_picked":["Twin Strike","Infernal Blade"],"picked":"Sever Soul","floor":3.0},{"not_picked":["Armaments","Flex"],"picked":"Double Tap","floor":6.0},{"not_picked":["Perfected Strike","True Grit"],"picked":"Shrug It Off","floor":7.0},{"not_picked":["Thunderclap","Clash"],"picked":"Barricade","floor":8.0},{"not_picked":["Perfected Strike","True Grit"],"picked":"Pommel Strike","floor":12.0},{"not_picked":["Brutality","Shrug It Off"],"picked":"Evolve","floor":13.0},{"not_picked":["Searing Blow","Heavy Blade","Twin Strike"],"picked":"SKIP","floor":14.0},{"not_picked":["Demon Form","Brutality"],"picked":"Impervious","floor":16.0},{"not_picked":["True Grit","Heavy Blade","Anger"],"picked":"SKIP","floor":18.0},{"not_picked":["Wild Strike","Reckless Charge+1"],"picked":"Flame Barrier","floor":20.0},{"not_picked":["Feel No Pain","Anger"],"picked":"Body Slam","floor":25.0},{"not_picked":["Thunderclap+1","Bloodletting"],"picked":"Power Through","floor":28.0},{"not_picked":["Uppercut","Headbutt","Body Slam"],"picked":"SKIP","floor":29.0},{"not_picked":["Perfected Strike","Whirlwind"],"picked":"Fiend Fire","floor":31.0},{"not_picked":["Limit Break","Barricade"],"picked":"Impervious","floor":33.0},{"not_picked":["Whirlwind","Evolve","Clothesline"],"picked":"SKIP","floor":35.0},{"not_picked":["Body Slam","Twin Strike","Reckless Charge"],"picked":"SKIP","floor":37.0},{"not_picked":["Twin Strike+1","Warcry+1"],"picked":"Burning Pact+1","floor":39.0},{"not_picked":["Headbutt","Thunderclap","Brutality"],"picked":"SKIP","floor":40.0},{"not_picked":["Headbutt","Thunderclap","Brutality"],"picked":"SKIP","floor":40.0},{"not_picked":["Twin Strike","Reckless Charge+1"],"picked":"Feel No Pain","floor":42.0},{"not_picked":["Twin Strike","Pommel Strike"],"picked":"Burning Pact","floor":45.0},{"not_picked":["Cleave","Seeing Red"],"picked":"Power Through+1","floor":47},{"not_picked":["Heavy Blade","Clothesline","Hemokinesis"],"picked":"SKIP","floor":48},{"not_picked":["Headbutt+1","Wild Strike","Shrug It Off"],"picked":"SKIP","floor":55}],"player_experience":1435112,"relics_obtained":[{"floor":6.0,"key":"Potion Belt"},{"floor":8.0,"key":"Whetstone"},{"floor":9.0,"key":"Bronze Scales"},{"floor":12.0,"key":"Ginger"},{"floor":26.0,"key":"Centennial Puzzle"},{"floor":31.0,"key":"Turnip"},{"floor":39.0,"key":"Incense Burner"},{"floor":40.0,"key":"Girya"},{"floor":42.0,"key":"Toy Ornithopter"},{"floor":43.0,"key":"The Courier"},{"floor":46,"key":"Vajra"},{"floor":55,"key":"Blood Vial"}],"event_choices":[{"damage_healed":0.0,"max_hp_gain":0.0,"max_hp_loss":0.0,"gold_gain":75.0,"event_name":"World of Goop","player_choice":"Gather Gold","floor":2.0,"gold_loss":0.0,"damage_taken":11.0},{"cards_removed":["Strike_R"],"damage_healed":0.0,"max_hp_gain":0.0,"max_hp_loss":0.0,"gold_gain":0.0,"event_name":"The Cleric","player_choice":"Card Removal","floor":4.0,"gold_loss":75.0,"damage_taken":0.0},{"damage_healed":0.0,"max_hp_gain":5.0,"max_hp_loss":0.0,"gold_gain":0.0,"event_name":"Big Fish","player_choice":"Donut","floor":5.0,"gold_loss":0.0,"damage_taken":0.0},{"damage_healed":0.0,"max_hp_gain":0.0,"max_hp_loss":0.0,"gold_gain":0.0,"event_name":"Lab","player_choice":"Got Potions","floor":19.0,"gold_loss":0.0,"damage_taken":0.0},{"damage_healed":0.0,"max_hp_gain":0.0,"max_hp_loss":0.0,"gold_gain":0.0,"event_name":"Vampires","player_choice":"Ignored","floor":21.0,"gold_loss":0.0,"damage_taken":0.0},{"damage_healed":0.0,"max_hp_gain":0.0,"max_hp_loss":0.0,"gold_gain":50.0,"event_name":"FaceTrader","player_choice":"Touch","floor":22.0,"gold_loss":0.0,"damage_taken":8.0},{"damage_healed":0.0,"max_hp_gain":0.0,"max_hp_loss":0.0,"gold_gain":0.0,"event_name":"Tomb of Lord Red Mask","player_choice":"Ignored","floor":36.0,"gold_loss":0.0,"damage_taken":0.0},{"damage_healed":0.0,"max_hp_gain":0.0,"max_hp_loss":0.0,"gold_gain":0.0,"event_name":"MindBloom","player_choice":"Fight","floor":39.0,"gold_loss":0.0,"damage_taken":0.0},{"damage_healed":66.0,"max_hp_gain":0.0,"max_hp_loss":14.0,"gold_gain":0.0,"event_name":"The Moai Head","player_choice":"Heal","floor":44.0,"gold_loss":0.0,"damage_taken":0.0}],"is_beta":false,"boss_relics":[{"not_picked":["Snecko Eye","Black Star"],"picked":"Runic Dome"},{"not_picked":["SacredBark","Pandora\u0027s Box"],"picked":"Sozu"}],"items_purged_floors":[10,23,54],"is_endless":false,"potions_floor_spawned":[6,8,12,14,16,20,31,33,37,42,45,48,55],"ascension_level":20}}