{"host":"ormi09wwzv7sq47a","time":1613582363,"event":{"mods":["2.2 Compatiblity","AchievementEnabler","Act Like it!","BaseMod","Bestiary","Better Altar","Better Note","Better Sensory Stone","Better Silent Start","Better Skull","Better Third Choice","Better Vampires","BetterRewards","Block Reminder","Card Forge","Colored Map","Colored Powertips","Curses Come First","DeckTracker","Downfall","Highlight Path","Minty Spire (QoL Compilation)","Permanent Neow","Quick Restart","Rare Cards Sparkle","Relic Stats","Shop Mod","StSLib","The Jungle"],"gold_per_floor":[61,78,78,98,111,111,11,11,11,25,39,58,23,68,68,139,139,153,45,45,45,65,65,83,83,83,97,126,138,138,148,148,225,225,245,263,276,287,305,340,357,368,368,368,368,394,414,0,0,0,0,0,0,35,35],"floor_reached":56,"language":"ENG","playtime":5161,"items_purged":["Bash","Strike_R"],"score":2281,"play_id":"8817b3a9-915a-4a84-9ab8-4fac1f8db235","local_time":"20210217141923","is_ascension_mode":true,"campfire_choices":[{"floor":6.0,"key":"REST"},{"data":"Armaments","floor":8.0,"key":"SMITH"},{"data":"Whirlwind","floor":15.0,"key":"SMITH"},{"floor":23.0,"key":"REST"},{"data":"Barricade","floor":25.0,"key":"SMITH"},{"data":"Dark Embrace","floor":32.0,"key":"SMITH"},{"data":"Reaper","floor":45,"key":"SMITH"},{"floor":49,"key":"RECALL"},{"data":"Corruption","floor":52,"key":"SMITH"}],"circlet_count":0,"master_deck":["AscendersBane","Strike_R","Strike_R","Defend_R","Defend_R+1","Defend_R","Dark Embrace+1","Armaments+1","Havoc","Shrug It Off","Headbutt","Body Slam","Whirlwind+1","Spot Weakness+1","True Grit+1","Warcry+1","Armaments+1","Barricade+1","Seeing Red+1","Havoc+1","True Grit+1","Forethought+1","Bandage Up+1","Warcry+1","Disarm+1","Flex+1","True Grit+1","Reaper+1","Ghostly Armor+1","Second Wind+1","Flame Barrier+1","Disarm+1","Warcry+1","Intimidate+1","Corruption+1","Impervious+1","Seeing Red+1"],"relics":["Black Blood","Hammer of Thor","Seething Fire","Anvil of the Gods","Guardian:GemstoneGun","Dead Branch","CultistMask","Toxic Egg 2","Mark of Pain","theJungle:SpiritDisease","Spirit Poop","Blue Candle","bronze:BronzeIdol","Regal Pillow","hexamod:Sixitude","hexamod:BolsterEngine","Shuriken"],"acts_visited":["Exordium","Exordium","TheBeyond","TheEnding"],"potions_floor_usage":[47],"damage_taken":[{"damage":10.0,"enemies":"Small Slimes","floor":1.0,"turns":4.0},{"damage":1.0,"enemies":"Cultist","floor":2.0,"turns":3.0},{"damage":0.0,"enemies":"2 Louse","floor":4.0,"turns":4.0},{"damage":25.0,"enemies":"Large Slime","floor":5.0,"turns":8.0},{"damage":0.0,"enemies":"Lots of Slimes","floor":10.0,"turns":1.0},{"damage":1.0,"enemies":"2 Fungi Beasts","floor":11.0,"turns":4.0},{"damage":0.0,"enemies":"Red Slaver","floor":12.0,"turns":3.0},{"damage":14.0,"enemies":"Exordium Wildlife","floor":14.0,"turns":4.0},{"damage":47.0,"enemies":"Slime Boss","floor":16.0,"turns":9.0},{"damage":47.0,"enemies":"theJungle:GiantWrat","floor":18.0,"turns":6.0},{"damage":16.0,"enemies":"theJungle:MUSHROOMGANG","floor":22.0,"turns":5.0},{"damage":0.0,"enemies":"theJungle:2_Snecko_Cultists","floor":24.0,"turns":4.0},{"damage":12.0,"enemies":"theJungle:JungleHuntersEncounter","floor":27.0,"turns":4.0},{"damage":36.0,"enemies":"theJungle:Cassacara","floor":28.0,"turns":4.0},{"damage":7.0,"enemies":"theJungle:2_Flameangoes","floor":29.0,"turns":7.0},{"damage":0.0,"enemies":"theJungle:Snecko_Cultist_And_Trap","floor":31.0,"turns":3.0},{"damage":16.0,"enemies":"theJungle:TotemBoss","floor":33.0,"turns":6.0},{"damage":3.0,"enemies":"3 Shapes","floor":35.0,"turns":3.0},{"damage":25.0,"enemies":"3 Darklings","floor":36.0,"turns":4.0},{"damage":11.0,"enemies":"Maw","floor":37.0,"turns":4.0},{"damage":0.0,"enemies":"Sphere and 2 Shapes","floor":38.0,"turns":4.0},{"damage":12.0,"enemies":"3 Darklings","floor":39.0,"turns":2.0},{"damage":10.0,"enemies":"Nemesis","floor":40.0,"turns":7.0},{"damage":26,"enemies":"Writhing Mass","floor":41,"turns":9},{"damage":15,"enemies":"Maw","floor":42,"turns":5},{"damage":7,"enemies":"Reptomancer","floor":46,"turns":5},{"damage":61,"enemies":"Transient","floor":47,"turns":6},{"damage":4,"enemies":"Donu and Deca","floor":50,"turns":2},{"damage":32,"enemies":"Shield and Spear","floor":54,"turns":6},{"damage":37,"enemies":"The Heart","floor":55,"turns":5}],"seed_played":"6687756071594348840","potions_obtained":[{"floor":5.0,"key":"ColorlessPotion"},{"floor":10.0,"key":"LiquidBronze"},{"floor":24.0,"key":"BloodPotion"},{"floor":31.0,"key":"hexamod:SoulburnPotion"},{"floor":33.0,"key":"LiquidMemories"},{"floor":37.0,"key":"bronze:BurnAndBuffPotion"}],"is_trial":false,"path_per_floor":["M","M","?","M","M","R","$","R","T","M","M","M","?","M","R","B",null,"M","$","?","?","M","R","M","R","T","M","E","M","?","M","R","B",null,"M","M","M","M","M","E","M","M","T","?","R","E","M","$","R","B",null,"R","$","E","B",null],"character_chosen":"IRONCLAD","items_purchased":["Guardian:GemstoneGun","Dark Embrace","Armaments","Havoc","PowerPotion","Havoc+1","True Grit+1","hexamod:BolsterEngine","Corruption","Impervious+1"],"campfire_rested":2,"item_purchase_floors":[0,0,0,0,0,19,19,48,48,48],"current_hp_per_floor":[29,34,34,40,21,43,43,43,43,49,54,60,75,67,67,26,63,22,22,22,22,18,40,52,52,52,52,43,48,34,46,46,42,67,75,68,75,75,75,75,68,75,75,75,75,75,47,47,47,75,75,75,75,75,56],"gold":35,"neow_bonus":"","is_daily":false,"chose_seed":false,"campfire_upgraded":6,"win_rate":0.0,"timestamp":1613582363,"path_taken":["M","M","?","?","M","R","$","R","T","M","M","M","?","M","R","BOSS","M","$","?","?","M","R","M","R","T","M","E","M","?","M","R","BOSS","M","M","M","?","M","E","M","M","T","?","R","E","?","$","R","BOSS","R","$","E","BOSS"],"items_purchased_type":["Relic","Card","Card","Card","Potion","Card","Card","Relic","Card","Card"],"build_version":"2020-12-22","purchased_purges":2,"victory":true,"max_hp_per_floor":[75,75,75,75,75,75,75,75,75,75,75,75,75,75,75,75,75,75,75,75,75,75,75,75,75,75,75,75,75,75,75,75,75,75,75,75,75,75,75,75,75,75,75,75,75,75,75,75,75,75,75,75,75,75,75],"relic_stats":{"Regal Pillow":0,"counters":[60,299],"Shuriken":[5],"Dead Branch":[513],"Blue Candle":[1],"Black Blood":341,"obtain_stats":[{"Regal Pillow":44,"Singing Bowl":25,"Spirit Poop":26,"Black Blood":34,"Hammer of Thor":0,"Incense Burner":41,"Boot":14,"Ancient Tea Set":41,"Burning Blood":0,"Blood Vial":46,"Sundial":23,"Tiny Chest":25,"Toxic Egg 2":0,"Paper Frog":0,"champ:Barbells":0,"Girya":0,"Pear":0,"Golden Idol":2,"Guardian:GemstoneGun":0,"Dead Branch":0,"Blue Candle":28,"Oddly Smooth Stone":26,"hexamod:Sixitude":46,"theJungle:SpiritDisease":21,"Seething Fire":0,"Orichalcum":9,"Akabeko":7,"bronze:BronzeIdol":40,"Busted Crown":34,"Anvil of the Gods":0,"Shuriken":54,"Bronze Scales":37,"CultistMask":3,"Mark of Pain":17,"Black Star":17,"Bag of Marbles":0,"Art of War":9,"hexamod:BolsterEngine":48,"Toy Ornithopter":23},{"Regal Pillow":55,"Singing Bowl":13,"Spirit Poop":42,"Black Blood":47,"Hammer of Thor":0,"Incense Burner":20,"Boot":7,"Ancient Tea Set":20,"Burning Blood":0,"Blood Vial":21,"Sundial":12,"Tiny Chest":13,"Toxic Egg 2":24,"Paper Frog":0,"champ:Barbells":0,"Girya":24,"Pear":24,"Golden Idol":25,"Guardian:GemstoneGun":0,"Dead Branch":30,"Blue Candle":44,"Oddly Smooth Stone":13,"hexamod:Sixitude":56,"theJungle:SpiritDisease":40,"Seething Fire":0,"Orichalcum":5,"Akabeko":28,"bronze:BronzeIdol":53,"Busted Crown":16,"Anvil of the Gods":0,"Shuriken":59,"Bronze Scales":18,"CultistMask":32,"Mark of Pain":39,"Black Star":8,"Bag of Marbles":24,"Art of War":29,"hexamod:BolsterEngine":57,"Toy Ornithopter":12},{"Regal Pillow":275,"Singing Bowl":63,"Spirit Poop":213,"Black Blood":237,"Hammer of Thor":0,"Incense Burner":106,"Boot":26,"Ancient Tea Set":106,"Burning Blood":0,"Blood Vial":110,"Sundial":59,"Tiny Chest":63,"Toxic Egg 2":122,"Paper Frog":0,"champ:Barbells":0,"Girya":122,"Pear":122,"Golden Idol":124,"Guardian:GemstoneGun":0,"Dead Branch":158,"Blue Candle":221,"Oddly Smooth Stone":63,"hexamod:Sixitude":280,"theJungle:SpiritDisease":204,"Seething Fire":0,"Orichalcum":20,"Akabeko":142,"bronze:BronzeIdol":261,"Busted Crown":81,"Anvil of the Gods":0,"Shuriken":294,"Bronze Scales":93,"CultistMask":165,"Mark of Pain":198,"Black Star":37,"Bag of Marbles":122,"Art of War":151,"hexamod:BolsterEngine":286,"Toy Ornithopter":59}]},"card_choices":[{"not_picked":["Heavy Blade","Fire Breathing"],"picked":"Shrug It Off","floor":1.0},{"not_picked":["Searing Blow","Heavy Blade"],"picked":"Headbutt","floor":2.0},{"not_picked":["Flex","Clothesline"],"picked":"Body Slam","floor":4.0},{"not_picked":["Searing Blow","Wild Strike"],"picked":"Whirlwind","floor":5.0},{"not_picked":["Pummel","Iron Wave"],"picked":"Spot Weakness+1","floor":10.0},{"not_picked":["Searing Blow","Shrug It Off+1"],"picked":"True Grit+1","floor":11.0},{"not_picked":["Dark Embrace","Sword Boomerang"],"picked":"Warcry+1","floor":12.0},{"not_picked":["Feed","Clothesline"],"picked":"Armaments+1","floor":14.0},{"not_picked":["Immolate","Bludgeon"],"picked":"Barricade","floor":16.0},{"not_picked":["Combust+1","Hemokinesis"],"picked":"Seeing Red+1","floor":18.0},{"not_picked":["Swift Strike","Mind Blast"],"picked":"Forethought+1","floor":20.0},{"not_picked":["Jack Of All Trades+1","Enlightenment+1"],"picked":"Bandage Up+1","floor":20.0},{"not_picked":["Thunderclap","Spot Weakness+1"],"picked":"Warcry+1","floor":22.0},{"not_picked":["True Grit+1","Flex+1"],"picked":"Disarm+1","floor":24.0},{"not_picked":["Spot Weakness+1","Anger+1"],"picked":"Flex+1","floor":27.0},{"not_picked":["Perfected Strike","Dropkick+1","Iron Wave"],"picked":"SKIP","floor":28.0},{"not_picked":["Flex+1","Twin Strike","Heavy Blade"],"picked":"SKIP","floor":29.0},{"not_picked":["Iron Wave+1","Wild Strike+1"],"picked":"True Grit+1","floor":31.0},{"not_picked":["Double Tap+1","Brutality"],"picked":"Reaper","floor":33.0},{"not_picked":["Pommel Strike","Headbutt","Iron Wave"],"picked":"SKIP","floor":35.0},{"not_picked":["Metallicize+1","Pummel"],"picked":"Ghostly Armor+1","floor":36.0},{"not_picked":["Sword Boomerang+1","Inflame"],"picked":"Second Wind+1","floor":37.0},{"not_picked":["Cleave","Havoc+1"],"picked":"Flame Barrier+1","floor":38.0},{"not_picked":["Immolate","Iron Wave+1","Thunderclap"],"picked":"SKIP","floor":39.0},{"not_picked":["Clothesline","Cleave","Searing Blow"],"picked":"SKIP","floor":40.0},{"not_picked":["Feed","Heavy Blade","Anger"],"picked":"SKIP","floor":41},{"not_picked":["Pommel Strike","Bloodletting+1"],"picked":"Disarm+1","floor":42},{"not_picked":["True Grit+1","Body Slam"],"picked":"Warcry+1","floor":46},{"not_picked":["Armaments+1","Heavy Blade+1"],"picked":"Intimidate+1","floor":47},{"not_picked":["Wild Strike+1","Armaments+1"],"picked":"Seeing Red+1","floor":54}],"player_experience":1100051,"relics_obtained":[{"floor":9.0,"key":"Toxic Egg 2"},{"floor":26.0,"key":"Spirit Poop"},{"floor":28.0,"key":"Blue Candle"},{"floor":40.0,"key":"bronze:BronzeIdol"},{"floor":46,"key":"hexamod:Sixitude"},{"floor":54,"key":"Shuriken"}],"event_choices":[{"damage_healed":0.0,"max_hp_gain":0.0,"max_hp_loss":0.0,"gold_gain":0.0,"event_name":"FaceTrader","player_choice":"Trade","floor":3.0,"gold_loss":0.0,"damage_taken":0.0,"relics_obtained":["CultistMask"]},{"damage_healed":18.0,"max_hp_gain":0.0,"max_hp_loss":0.0,"gold_gain":0.0,"event_name":"The Cleric","player_choice":"Healed","floor":13.0,"gold_loss":35.0,"damage_taken":0.0},{"damage_healed":0.0,"max_hp_gain":0.0,"max_hp_loss":0.0,"gold_gain":2.0,"event_name":"betterStone:BetterStone","player_choice":"1","floor":20.0,"gold_loss":0.0,"damage_taken":0.0},{"damage_healed":0.0,"max_hp_gain":0.0,"max_hp_loss":0.0,"gold_gain":0.0,"event_name":"betterSkull:BetterSkull","player_choice":"UP ","floor":30.0,"gold_loss":0.0,"damage_taken":16.0,"cards_upgraded":["Defend_R"],"relics_obtained":[]},{"damage_healed":0,"gold_gain":0,"player_choice":"Gave Potion","damage_taken":0,"relics_obtained":["Regal Pillow"],"max_hp_gain":0,"max_hp_loss":0,"event_name":"WeMeetAgain","floor":44,"gold_loss":0}],"is_beta":false,"boss_relics":[{"not_picked":["Velvet Choker","Coffee Dripper"],"picked":"Mark of Pain"},{"not_picked":["Fusion Hammer","Runic Dome"],"picked":"Black Blood"}],"items_purged_floors":[0,7],"is_endless":false,"potions_floor_spawned":[5,10,24,27,31,33,37,40,41],"ascension_level":19}}