{"host":"vxpz5y1vf9l3es5y","time":1613589188,"event":{"mods":["BaseMod","Colored Map","Hubris","Minty Spire (QoL Compilation)","Replay The Spire","StSLib","The Necromancer"],"gold_per_floor":[111,122,122,140,152,185,185,260,260,260,294,294,264,282,282,377,377,394,405,416,432,443,443,383,235,306,306,306,326,326,360,360,457,457,467,1466,1240,1256,1266,1266,1286,1286,1286,1286,1296,1312,1413,1426,1426,1426,1426],"floor_reached":50,"language":"ENG","playtime":3824,"items_purged":["Regret"],"score":526,"play_id":"3009dbae-828e-415f-8d43-942044b30754","local_time":"20210217141308","is_ascension_mode":false,"campfire_choices":[{"data":"Bone_Wall","floor":7,"key":"SMITH"},{"floor":10,"key":"REST"},{"floor":15,"key":"REST"},{"data":"Summon_Vampire_Lady","floor":23,"key":"SMITH"},{"data":"Finger_Of_Death","floor":28,"key":"SMITH"},{"floor":30,"key":"REST"},{"data":"Bone_Spikes","floor":32,"key":"SMITH"},{"data":"Bone_Armor","floor":40,"key":"SMITH"},{"data":"Shackles_Of_Pain","floor":42,"key":"SMITH"},{"data":"Spectral_Armor","floor":49,"key":"SMITH"}],"circlet_count":0,"master_deck":["Defend_W","Defend_W","Defend_W","Negative_Energy_Arrows","Bone_Wall+1","Blood_Whip","Blood_Is_Power","Bone_Armor+1","Cloudkill","Toxic_Smoke_Screen","Scare","Detonate_Bones","Vampiric_Strike","Summon_Vampire_Lady+1","Negative_Energy_Javelin+1","Stop_Heart+1","Finger_Of_Death+1","Spectral_Armor+1","Bite","Bite","Bite","Bite","Bite","Bone_Spikes+1","Hellfire","Normality","Normality","Shackles_Of_Pain+1","Summon_Undead+1","Summon_Death_Knight","Decay","Spectral_Walk","Bones_to_Steel+1","Bone_Prison+1"],"relics":["Vampire_Amulet","Incense Burner","Gambling Chip","Pocketwatch","Happy Flower","hubris:VirtuousBlindfold","Sling","Sundial","Torii","Cursed Key","ReplayFunnel","hubris:Towel"],"acts_visited":["Exordium","TheCity","TheBeyond"],"potions_floor_usage":[6,6,16,16,21,22,33,48],"damage_taken":[{"damage":10,"enemies":"Jaw Worm","floor":1,"turns":3},{"damage":5,"enemies":"Cultist","floor":2,"turns":3},{"damage":5,"enemies":"2 Louse","floor":4,"turns":2},{"damage":8,"enemies":"Large Slime","floor":5,"turns":6},{"damage":7,"enemies":"Lagavulin","floor":6,"turns":5},{"damage":24,"enemies":"Gremlin Nob","floor":11,"turns":5},{"damage":6,"enemies":"2 Fungi Beasts","floor":14,"turns":3},{"damage":23,"enemies":"The Guardian","floor":16,"turns":7},{"damage":9,"enemies":"Spheric Guardian","floor":18,"turns":4},{"damage":11,"enemies":"Shell Parasite","floor":19,"turns":5},{"damage":53,"enemies":"Shelled Parasite and Fungi","floor":20,"turns":5},{"damage":39,"enemies":"3 Cultists","floor":21,"turns":5},{"damage":1,"enemies":"Snake Plant","floor":22,"turns":4},{"damage":25,"enemies":"Centurion and Healer","floor":29,"turns":7},{"damage":44,"enemies":"Gremlin Leader","floor":31,"turns":6},{"damage":75,"enemies":"Champ","floor":33,"turns":11},{"damage":16,"enemies":"Orb Walker","floor":35,"turns":4},{"damage":12,"enemies":"3 Darklings","floor":38,"turns":7},{"damage":29,"enemies":"Spire Growth","floor":39,"turns":6},{"damage":14,"enemies":"Sphere and 2 Shapes","floor":41,"turns":4},{"damage":31,"enemies":"3 Darklings","floor":45,"turns":7},{"damage":22,"enemies":"Spire Growth","floor":46,"turns":5},{"damage":10,"enemies":"Writhing Mass","floor":48,"turns":6},{"damage":71,"enemies":"hubris:GrandSnecko","floor":50,"turns":10}],"seed_played":"-2905098910423137392","potions_obtained":[{"floor":1,"key":"Weak Potion"},{"floor":2,"key":"DistilledChaos"},{"floor":11,"key":"FearPotion"},{"floor":13,"key":"PowerPotion"},{"floor":13,"key":"Flashbang"},{"floor":21,"key":"LiquidMemories"},{"floor":31,"key":"Regen Potion"},{"floor":39,"key":"Strength Potion"},{"floor":41,"key":"SpeedPotion"}],"is_trial":false,"path_per_floor":["M","M","?","M","M","E","R","?","T","R","E","?","?","M","R","B",null,"M","M","M","M","M","R","?","$","T","?","R","M","R","E","R","B",null,"M","?","$","M","M","R","M","R","T","?","M","M","?","M","R","B"],"character_chosen":"NECROMANCER","items_purchased":["Sling","ReplayFunnel"],"campfire_rested":3,"item_purchase_floors":[25,37],"current_hp_per_floor":[67,64,64,63,59,54,54,43,43,65,43,43,43,43,65,47,75,71,68,36,14,21,21,21,21,21,21,21,23,38,35,35,16,52,40,40,40,46,33,33,47,47,47,47,41,35,35,37,37,0,0],"gold":1426,"neow_bonus":"RANDOM_EVENT","is_daily":false,"chose_seed":false,"campfire_upgraded":7,"win_rate":0.0,"timestamp":1613589188,"path_taken":["M","M","?","?","M","E","R","?","T","R","E","?","?","M","R","BOSS","M","M","?","M","M","R","?","$","T","?","R","M","R","E","R","BOSS","M","?","$","M","M","R","M","R","T","?","M","M","?","?","R","BOSS"],"items_purchased_type":["Relic","Relic"],"build_version":"2020-12-22","purchased_purges":1,"victory":false,"max_hp_per_floor":[75,75,75,75,75,75,75,75,75,75,75,75,75,75,75,75,75,75,75,75,75,75,75,75,75,75,52,52,52,52,52,52,52,52,52,52,52,52,52,52,52,52,52,52,52,52,52,52,52,52,52],"card_choices":[{"not_picked":["Life_Tap","Stop_Heart"],"picked":"Blood_Is_Power","floor":1},{"not_picked":["Bones_to_Steel","Blood_for_Blood"],"picked":"Bone_Armor","floor":2},{"not_picked":["Death_March_Dance","Shackles_Of_Pain"],"picked":"Toxic_Smoke_Screen","floor":4},{"not_picked":["Vampiric_Strike","Bone_Bullets"],"picked":"Scare","floor":5},{"not_picked":["Necromantic_Selection","Death_March_Dance"],"picked":"Detonate_Bones","floor":6},{"not_picked":["Summon_Undead","Death_Knell"],"picked":"Vampiric_Strike","floor":11},{"not_picked":["Deaths_Shadow","Pandemic","Negative_Energy_Sphere"],"picked":"SKIP","floor":14},{"not_picked":["Cloudkill","Grasp_Heart"],"picked":"Summon_Vampire_Lady","floor":16},{"not_picked":["Consume_Illness","Negative_Energy_Mist"],"picked":"Negative_Energy_Javelin+1","floor":18},{"not_picked":["Toxic_Smoke_Screen","Plague_Bolt","Death_Knell+1"],"picked":"SKIP","floor":19},{"not_picked":["Necrotic_Claws","Blood_Whip"],"picked":"Stop_Heart+1","floor":20},{"not_picked":["Shackles_Of_Pain","Chill_Blood+1"],"picked":"Finger_Of_Death","floor":21},{"not_picked":["Necromantic_Selection","Life_Tap"],"picked":"Spectral_Armor","floor":22},{"not_picked":["Scare+1","Blood_Is_Power","Death_March_Dance"],"picked":"SKIP","floor":29},{"not_picked":["Hellfire","Siphon_Strength"],"picked":"Bone_Spikes","floor":31},{"not_picked":["Detonate_Bones","Negative_Energy_Bomb"],"picked":"Hellfire","floor":33},{"not_picked":["Negative_Energy_Mist+1","Flesh_Made_Foul","Acid_Javelin"],"picked":"SKIP","floor":35},{"not_picked":["Negative_Energy_Shield+1","Negative_Energy_Sphere+1","Blood_Whip+1"],"picked":"SKIP","floor":38},{"not_picked":["Negative_Energy_Sphere","Shade_Step"],"picked":"Shackles_Of_Pain","floor":39},{"not_picked":["Bones_to_Steel+1","Negative_Energy_Mist"],"picked":"Summon_Undead+1","floor":41},{"not_picked":["Negative_Energy_Javelin","Bones_to_Steel"],"picked":"Summon_Death_Knight","floor":45},{"not_picked":["Whirlwind_of_Bones","Death_Coil","Negative_Energy_Sphere"],"picked":"SKIP","floor":46},{"not_picked":["Plague_Bolt+1","Shade_Step+1"],"picked":"Spectral_Walk","floor":47},{"not_picked":["Vampiric_Strike+1","Life_Tap"],"picked":"Bones_to_Steel+1","floor":47},{"not_picked":["Negative_Energy_Burst+1","Whirlwind_of_Bones"],"picked":"Bone_Prison+1","floor":47},{"not_picked":["Negative_Energy_Mist+1","Stop_Heart","Finger_Of_Death"],"picked":"SKIP","floor":48}],"player_experience":158557,"relics_obtained":[{"floor":6,"key":"Incense Burner"},{"floor":9,"key":"Gambling Chip"},{"floor":11,"key":"Pocketwatch"},{"floor":26,"key":"Sundial"},{"floor":31,"key":"Torii"}],"event_choices":[{"damage_healed":0,"gold_gain":0,"cards_transformed":["Defend_W"],"player_choice":"Change","damage_taken":0,"max_hp_gain":0,"max_hp_loss":0,"event_name":"Living Wall","floor":0,"gold_loss":0,"cards_obtained":["Blood_Whip"]},{"damage_healed":0,"gold_gain":0,"cards_transformed":["Strike_W"],"player_choice":"Transformed","damage_taken":0,"max_hp_gain":0,"max_hp_loss":0,"event_name":"Transmorgrifier","floor":3,"gold_loss":0,"cards_obtained":["Cloudkill"]},{"damage_healed":0,"gold_gain":75,"player_choice":"Gather Gold","damage_taken":11,"max_hp_gain":0,"max_hp_loss":0,"event_name":"World of Goop","floor":8,"gold_loss":0},{"damage_healed":0,"gold_gain":0,"player_choice":"Box","damage_taken":0,"relics_obtained":["Happy Flower"],"max_hp_gain":0,"max_hp_loss":0,"event_name":"Big Fish","floor":12,"gold_loss":0,"cards_obtained":["Regret"]},{"damage_healed":0,"gold_gain":0,"player_choice":"Bought 2 Potions","damage_taken":0,"max_hp_gain":0,"max_hp_loss":0,"event_name":"The Woman in Blue","floor":13,"gold_loss":0},{"damage_healed":0,"gold_gain":0,"player_choice":"Became a vampire","damage_taken":0,"max_hp_gain":0,"max_hp_loss":23,"event_name":"Vampires","floor":27,"gold_loss":0,"cards_obtained":["Bite","Bite","Bite","Bite","Bite"]},{"damage_healed":0,"gold_gain":999,"player_choice":"Gold","damage_taken":0,"max_hp_gain":0,"max_hp_loss":0,"event_name":"MindBloom","floor":36,"gold_loss":0,"cards_obtained":["Normality","Normality"]}],"is_beta":false,"boss_relics":[{"not_picked":["Kintsugi","Empty Cage"],"picked":"hubris:VirtuousBlindfold"},{"not_picked":["Astrolabe","Replay:Bronze Core"],"picked":"Cursed Key"}],"items_purged_floors":[37],"is_endless":false,"potions_floor_spawned":[1,2,11,20,21,31,39,41],"killed_by":"hubris:GrandSnecko","ascension_level":0}}