{"host":"9nqlpswyo8o6ezw3","time":1613535207,"event":{"mods":["Act Like it!","BaseMod","Colored Powertips","Downfall","Hallownest","Hermit","Lobotomy","LobotomyExtend","Marisa????????","Minty Spire (QoL Compilation)","StSLib","The Bug Knight","The Cursed"],"gold_per_floor":[110,75,75,75,25,25,42,42,113,113,129,129,147,160,160,160,160],"floor_reached":16,"language":"ENG","playtime":679,"items_purged":[],"score":90,"play_id":"c91e2519-5f50-4062-8687-469bd5428400","local_time":"20210216231327","is_ascension_mode":false,"campfire_choices":[{"floor":6,"key":"REST"},{"data":"hermit:Snapshot","floor":8,"key":"SMITH"},{"floor":15,"key":"REST"}],"circlet_count":0,"master_deck":["hermit:Strike_Hermit","hermit:Strike_Hermit","hermit:Strike_Hermit","hermit:Strike_Hermit","hermit:Defend_Hermit","hermit:Defend_Hermit","hermit:Defend_Hermit","hermit:Defend_Hermit","hermit:Snapshot+1","hermit:Covet","hermit:HighCaliber+1","ShyLook","hermit:Spite","Regret","hermit:Glare","OldLady","hermit:PistolWhip+1","hermit:Coalescence","BeautyBeast","hermit:Headshot+1","Wellcheers","hermit:GhostlyPresence"],"relics":["hermit:Momento","CogitoBucket","RabbitCall","LetterFromLob","Centennial Puzzle","Molten Egg 2","Mummified Hand"],"acts_visited":["Exordium"],"potions_floor_usage":[1,16],"damage_taken":[{"damage":1,"enemies":"Cultist","floor":1,"turns":3},{"damage":6,"enemies":"Jaw Worm","floor":7,"turns":2},{"damage":0,"enemies":"2 Louse","floor":11,"turns":2},{"damage":0,"enemies":"Exordium Thugs","floor":13,"turns":3},{"damage":2,"enemies":"Looter","floor":14,"turns":3},{"damage":82,"enemies":"Hexaghost","floor":16,"turns":4}],"seed_played":"86584633654974824","potions_obtained":[{"floor":1,"key":"EntropicBrew"},{"floor":14,"key":"hermit:Eclipse"}],"is_trial":false,"path_per_floor":["M","$","?","?","$","R","M","R","T","?","M","?","M","M","R","B"],"character_chosen":"HERMIT","items_purchased":["hermit:Spite","hermit:Glare"],"campfire_rested":2,"item_purchase_floors":[2,5],"current_hp_per_floor":[74,74,49,49,49,71,65,65,65,65,65,65,65,63,75,0,0],"gold":160,"neow_bonus":"","is_daily":false,"chose_seed":false,"campfire_upgraded":1,"win_rate":0.0,"timestamp":1613535207,"path_taken":["M","$","?","?","?","R","M","R","T","?","?","?","M","M","R","BOSS"],"items_purchased_type":["Card","Card"],"build_version":"2020-12-22","purchased_purges":0,"victory":false,"max_hp_per_floor":[75,75,75,75,75,75,75,75,75,75,75,75,75,75,75,75,75],"card_choices":[{"not_picked":["hermit:FlashPowder","hermit:Spite"],"picked":"hermit:HighCaliber","floor":1},{"not_picked":["WallGazer","OldLady"],"picked":"ShyLook","floor":1},{"not_picked":["PunishingBird","BigBadWolf"],"picked":"OldLady","floor":7},{"not_picked":["hermit:Glare","hermit:Quickdraw+1"],"picked":"hermit:PistolWhip+1","floor":7},{"not_picked":["hermit:RoundhouseKick+1","hermit:Desperado+1"],"picked":"hermit:Coalescence","floor":11},{"not_picked":["CrumblingArmor","CherryBlossoms"],"picked":"BeautyBeast","floor":11},{"not_picked":["Bloodbath","Scorched","VoidDream"],"picked":"Singing Bowl","floor":13},{"not_picked":["Laetitia","CrumblingArmor"],"picked":"Mercenary","floor":13},{"not_picked":["hermit:HeroicBravado","hermit:Horror"],"picked":"hermit:Headshot+1","floor":13},{"not_picked":["GreedKing","Rudolta"],"picked":"Wellcheers","floor":14},{"not_picked":["hermit:Ricochet+1","hermit:Horror"],"picked":"hermit:GhostlyPresence","floor":14}],"player_experience":58776,"relics_obtained":[{"floor":1,"key":"LetterFromLob"},{"floor":9,"key":"Mummified Hand"}],"event_choices":[{"damage_healed":0,"gold_gain":0,"player_choice":"Success","damage_taken":25,"relics_obtained":["Centennial Puzzle"],"max_hp_gain":0,"max_hp_loss":0,"event_name":"Scrap Ooze","floor":3,"gold_loss":0},{"damage_healed":0,"gold_gain":0,"player_choice":"Box","damage_taken":0,"relics_obtained":["Molten Egg 2"],"max_hp_gain":0,"max_hp_loss":0,"event_name":"Big Fish","floor":4,"gold_loss":0,"cards_obtained":["Regret"]},{"damage_healed":0,"gold_gain":0,"player_choice":"Grow","damage_taken":0,"max_hp_gain":0,"max_hp_loss":0,"event_name":"Living Wall","floor":10,"gold_loss":0,"cards_upgraded":["hermit:HighCaliber"]},{"damage_healed":0,"gold_gain":0,"player_choice":"Ignored","damage_taken":0,"max_hp_gain":0,"max_hp_loss":0,"event_name":"Liars Game","floor":12,"gold_loss":0}],"is_beta":false,"boss_relics":[],"items_purged_floors":[],"is_endless":false,"potions_floor_spawned":[1,13,14],"killed_by":"Hexaghost","ascension_level":0}}