{"host":"8cqz7u612ax6p4mk","time":1613605473,"event":{"mods":["AchievementEnabler","BaseMod","Bestiary","Colored Map","DeckTracker","Highlight Path","Minty Spire (QoL Compilation)","Relic Stats","The Servant 0.9.4"],"gold_per_floor":[117,117,127,147,162,197,5,35,59,86,86,11,29,41,41,41,41],"floor_reached":16,"language":"ENG","playtime":732,"items_purged":["Defend_R"],"score":134,"play_id":"e89bc410-cdce-45ce-b236-c6afea60ebd3","local_time":"20210217184433","is_ascension_mode":true,"campfire_choices":[{"data":"Armaments","floor":11,"key":"SMITH"},{"data":"Heavy Blade","floor":15,"key":"SMITH"}],"circlet_count":0,"master_deck":["Strike_R","Strike_R","Strike_R","Strike_R","Strike_R","Defend_R","Defend_R","Defend_R","Bash","Heavy Blade+1","Armaments+1","Metallicize","Shrug It Off","Intimidate"],"relics":["Burning Blood","NeowsBlessing","Du-Vu Doll","Orichalcum","Happy Flower","Anchor","Tiny Chest"],"acts_visited":["Exordium"],"potions_floor_usage":[6,10,10,16],"damage_taken":[{"damage":0,"enemies":"Cultist","floor":1,"turns":1},{"damage":0,"enemies":"Small Slimes","floor":3,"turns":1},{"damage":0,"enemies":"2 Louse","floor":4,"turns":1},{"damage":1,"enemies":"Exordium Wildlife","floor":5,"turns":6},{"damage":21,"enemies":"Gremlin Nob","floor":6,"turns":5},{"damage":30,"enemies":"Lagavulin","floor":8,"turns":9},{"damage":7,"enemies":"Gremlin Nob","floor":10,"turns":4},{"damage":0,"enemies":"Red Slaver","floor":13,"turns":5},{"damage":1,"enemies":"Lots of Slimes","floor":14,"turns":8},{"damage":52,"enemies":"The Guardian","floor":16,"turns":12}],"seed_played":"4547857312763506454","potions_obtained":[{"floor":1,"key":"Weak Potion"},{"floor":4,"key":"PowerPotion"},{"floor":6,"key":"GamblersBrew"}],"is_trial":false,"path_per_floor":["M","?","M","M","M","E","$","E","T","E","R","$","M","M","R","B"],"character_chosen":"IRONCLAD","items_purchased":["Orichalcum","Fire Potion"],"campfire_rested":0,"item_purchase_floors":[7,7],"current_hp_per_floor":[80,80,80,80,80,65,65,41,41,40,40,40,46,51,51,0,0],"gold":41,"neow_bonus":"THREE_ENEMY_KILL","is_daily":false,"chose_seed":false,"campfire_upgraded":2,"win_rate":0.0,"timestamp":1613605473,"path_taken":["M","?","?","M","M","E","$","E","T","E","R","?","M","M","R","BOSS"],"items_purchased_type":["Relic","Potion"],"build_version":"2020-12-22","purchased_purges":1,"victory":false,"max_hp_per_floor":[80,80,80,80,80,80,80,80,80,80,80,80,80,80,80,80,80],"relic_stats":{"Happy Flower":[9],"counters":[10,52],"Tiny Chest":0,"Orichalcum":[66],"obtain_stats":[{"Du-Vu Doll":6,"Anchor":9,"NeowsBlessing":0,"Happy Flower":8,"Tiny Chest":10,"Orichalcum":7,"Burning Blood":0},{"Du-Vu Doll":5,"Anchor":6,"NeowsBlessing":0,"Happy Flower":6,"Tiny Chest":7,"Orichalcum":5,"Burning Blood":0},{"Du-Vu Doll":14,"Anchor":23,"NeowsBlessing":0,"Happy Flower":23,"Tiny Chest":27,"Orichalcum":14,"Burning Blood":0}],"Burning Blood":31},"card_choices":[{"not_picked":["Flame Barrier","Clothesline"],"picked":"Heavy Blade","floor":1},{"not_picked":["Carnage","Clash"],"picked":"Armaments","floor":3},{"not_picked":["Sever Soul","Rage"],"picked":"Metallicize","floor":4},{"not_picked":["Heavy Blade","Whirlwind","Infernal Blade"],"picked":"SKIP","floor":5},{"not_picked":["Burning Pact","Power Through"],"picked":"Shrug It Off","floor":6},{"not_picked":["True Grit","Clash","Warcry"],"picked":"SKIP","floor":8},{"not_picked":["Rampage","Cleave"],"picked":"Intimidate","floor":10},{"not_picked":["Pommel Strike","Warcry","Clothesline"],"picked":"SKIP","floor":13},{"not_picked":["Flex","Entrench","Whirlwind"],"picked":"SKIP","floor":14}],"player_experience":207900,"relics_obtained":[{"floor":6,"key":"Du-Vu Doll"},{"floor":8,"key":"Happy Flower"},{"floor":9,"key":"Anchor"},{"floor":10,"key":"Tiny Chest"}],"event_choices":[{"damage_healed":0,"gold_gain":0,"player_choice":"Full Heal","damage_taken":0,"max_hp_gain":0,"max_hp_loss":0,"event_name":"Wheel of Change","floor":2,"gold_loss":0}],"is_beta":false,"boss_relics":[],"items_purged_floors":[12],"is_endless":false,"potions_floor_spawned":[1,4,6],"killed_by":"The Guardian","ascension_level":2}}