{"host":"tr0r177cvmpvg89h","time":1613522795,"event":{"mods":["BaseMod","Colored Map","DeckTracker","Minty Spire (QoL Compilation)","StSLib","SuperFastMode"],"gold_per_floor":[109,34,54,74,249,249,276,276,276,292,22,97,111,131,131,131,131],"floor_reached":16,"language":"KOR","playtime":785,"items_purged":["Clumsy"],"score":102,"play_id":"6e4b1eac-88a1-4efd-93cc-0b42eeb39e80","local_time":"20210217094635","is_ascension_mode":false,"campfire_choices":[{"data":"Fiend Fire","floor":6,"key":"SMITH"},{"data":"Wild Strike","floor":8,"key":"SMITH"},{"data":"Clash","floor":15,"key":"SMITH"}],"circlet_count":0,"master_deck":["Strike_R","Strike_R","Strike_R","Defend_R","Defend_R","Defend_R","Defend_R","Bash","Fiend Fire+1","Seeing Red","Wild Strike+1","Power Through","Doubt","Brutality","Feel No Pain","Offering","True Grit","Sever Soul","Clash+1"],"relics":["Burning Blood","Gremlin Horn","Question Card"],"acts_visited":["Exordium"],"potions_floor_usage":[14,16,16],"damage_taken":[{"damage":11,"enemies":"Jaw Worm","floor":1,"turns":2},{"damage":0,"enemies":"Small Slimes","floor":3,"turns":2},{"damage":0,"enemies":"2 Louse","floor":4,"turns":3},{"damage":20,"enemies":"Gremlin Nob","floor":7,"turns":4},{"damage":5,"enemies":"Looter","floor":10,"turns":3},{"damage":55,"enemies":"Gremlin Gang","floor":13,"turns":6},{"damage":6,"enemies":"Large Slime","floor":14,"turns":1},{"damage":23,"enemies":"Hexaghost","floor":16,"turns":7}],"seed_played":"8494764858152978122","potions_obtained":[{"floor":3,"key":"SkillPotion"},{"floor":10,"key":"LiquidMemories"},{"floor":14,"key":"BloodPotion"}],"is_trial":false,"path_per_floor":["M","$","M","M","?","R","E","R","T","M","$","?","M","M","R","B"],"character_chosen":"IRONCLAD","items_purchased":["Feel No Pain","Offering","True Grit"],"campfire_rested":0,"item_purchase_floors":[11,11,11],"current_hp_per_floor":[75,75,80,80,80,80,66,66,66,67,67,56,7,23,23,0,0],"gold":131,"neow_bonus":"TRANSFORM_TWO_CARDS","is_daily":false,"chose_seed":false,"campfire_upgraded":3,"win_rate":0.0,"timestamp":1613522795,"path_taken":["M","$","M","M","?","R","E","R","T","M","$","?","M","M","R","BOSS"],"items_purchased_type":["Card","Card","Card"],"build_version":"2020-12-22","purchased_purges":1,"victory":false,"max_hp_per_floor":[80,80,80,80,80,80,80,80,80,80,80,80,80,80,80,80,80],"card_choices":[{"not_picked":["Pommel Strike","Anger"],"picked":"Wild Strike","floor":1},{"not_picked":["Perfected Strike","Clothesline"],"picked":"Power Through","floor":3},{"not_picked":["Uppercut","Armaments","Perfected Strike"],"picked":"SKIP","floor":4},{"not_picked":["Cleave","Clothesline","Body Slam"],"picked":"SKIP","floor":7},{"not_picked":["Warcry","True Grit","Second Wind"],"picked":"Brutality","floor":10},{"not_picked":["Warcry","Ghostly Armor","Clothesline"],"picked":"Sever Soul","floor":13},{"not_picked":["Dark Embrace","Warcry","Iron Wave"],"picked":"Clash","floor":14}],"player_experience":76742,"relics_obtained":[{"floor":7,"key":"Gremlin Horn"},{"floor":9,"key":"Question Card"}],"event_choices":[{"damage_healed":0,"gold_gain":175,"player_choice":"AGREE","damage_taken":0,"max_hp_gain":0,"max_hp_loss":0,"event_name":"Liars Game","floor":5,"gold_loss":0,"cards_obtained":["Doubt"]},{"damage_healed":0,"gold_gain":75,"player_choice":"Gather Gold","damage_taken":11,"max_hp_gain":0,"max_hp_loss":0,"event_name":"World of Goop","floor":12,"gold_loss":0}],"is_beta":false,"boss_relics":[],"items_purged_floors":[2],"is_endless":false,"potions_floor_spawned":[3,10,14],"killed_by":"Hexaghost","ascension_level":0}}