{"host":"8lno9xwgef3sjccz","time":1613588392,"event":{"mods":["AchievementEnabler","BaseMod","Minty Spire (QoL Compilation)","Relic Stats"],"gold_per_floor":[109,109,127,146,163,195,195,222,294,294,326,326,359,65,65,166,166,181,96,115,133,145,176,193,218,245,279,292,309,325,338,338,439,439,457,457,457,457,473,503,513,532,532,532,6,31,0,32,32,32,32,32,32,66,66],"floor_reached":56,"language":"ENG","playtime":3492,"items_purged":["Strike_R"],"score":1459,"play_id":"44d2aac5-0230-4ff0-be67-82e287882b5b","local_time":"20210217135952","is_ascension_mode":true,"campfire_choices":[{"data":"Armaments","floor":7,"key":"SMITH"},{"data":"Inflame","floor":15,"key":"SMITH"},{"data":"Body Slam","floor":32,"key":"SMITH"},{"floor":44,"key":"RECALL"},{"data":"Immolate","floor":49,"key":"SMITH"},{"data":"Bash","floor":52,"key":"SMITH"}],"circlet_count":0,"master_deck":["Strike_R","Defend_R","Defend_R","Defend_R","Defend_R","Bash+1","Twin Strike+1","Shrug It Off","Armaments+1","Immolate+1","Inflame+1","Ghostly Armor","Barricade+1","Juggernaut+1","Power Through+1","Intimidate+1","Corruption+1","Flame Barrier+1","Inflame+1","Power Through+1","Body Slam+1","Battle Trance+1","Seeing Red+1","Shrug It Off+1","Infernal Blade+1","Entrench+1","Second Wind+1","Entrench+1","Impervious+1","Flame Barrier+1","Rupture+1","Blood for Blood+1","Entrench+1","Discovery+1","Panache+1","Dark Shackles+1","Disarm+1","Hemokinesis","Shockwave+1","Sentinel+1","Fire Breathing+1","Rupture+1","Shrug It Off+1","Bloodletting+1"],"relics":["Burning Blood","Tiny Chest","Eternal Feather","Thread and Needle","Frozen Egg 2","Juzu Bracelet","Toxic Egg 2","Question Card","Coffee Dripper","Meat on the Bone","Lantern","Pear","Bag of Preparation","Toy Ornithopter","Astrolabe","StoneCalendar","Bottled Flame","White Beast Statue","Incense Burner","Red Mask","Vajra","Blood Vial"],"acts_visited":["Exordium","TheCity","TheBeyond","TheEnding"],"potions_floor_usage":[6,6,13,22,23,28,33,33,40,45,50,50,55,55],"damage_taken":[{"damage":8,"enemies":"Jaw Worm","floor":1,"turns":4},{"damage":1,"enemies":"Cultist","floor":3,"turns":3},{"damage":0,"enemies":"2 Louse","floor":4,"turns":2},{"damage":8,"enemies":"2 Fungi Beasts","floor":5,"turns":3},{"damage":8,"enemies":"Gremlin Nob","floor":6,"turns":3},{"damage":12,"enemies":"3 Sentries","floor":8,"turns":4},{"damage":17,"enemies":"Gremlin Nob","floor":11,"turns":4},{"damage":18,"enemies":"Lagavulin","floor":13,"turns":7},{"damage":25,"enemies":"Hexaghost","floor":16,"turns":11},{"damage":0,"enemies":"2 Thieves","floor":18,"turns":4},{"damage":0,"enemies":"Spheric Guardian","floor":20,"turns":3},{"damage":7,"enemies":"Shelled Parasite and Fungi","floor":21,"turns":6},{"damage":23,"enemies":"Snecko","floor":22,"turns":5},{"damage":12,"enemies":"Book of Stabbing","floor":23,"turns":5},{"damage":0,"enemies":"Chosen and Byrds","floor":24,"turns":5},{"damage":0,"enemies":"Gremlin Leader","floor":25,"turns":7},{"damage":8,"enemies":"Slavers","floor":27,"turns":4},{"damage":2,"enemies":"Snake Plant","floor":28,"turns":4},{"damage":0,"enemies":"Snecko","floor":29,"turns":4},{"damage":3,"enemies":"Shelled Parasite and Fungi","floor":30,"turns":5},{"damage":0,"enemies":"Snake Plant","floor":31,"turns":4},{"damage":1,"enemies":"Champ","floor":33,"turns":8},{"damage":0,"enemies":"Orb Walker","floor":35,"turns":4},{"damage":20,"enemies":"3 Darklings","floor":39,"turns":6},{"damage":4,"enemies":"Giant Head","floor":40,"turns":10},{"damage":0,"enemies":"Jaw Worm Horde","floor":41,"turns":4},{"damage":35,"enemies":"Transient","floor":42,"turns":5},{"damage":4,"enemies":"Nemesis","floor":46,"turns":9},{"damage":18,"enemies":"Giant Head","floor":48,"turns":9},{"damage":56,"enemies":"Awakened One","floor":50,"turns":11},{"damage":2,"enemies":"Shield and Spear","floor":54,"turns":7},{"damage":89,"enemies":"The Heart","floor":55,"turns":12}],"seed_played":"-4848752723424665504","potions_obtained":[{"floor":3,"key":"DuplicationPotion"},{"floor":5,"key":"Fire Potion"},{"floor":6,"key":"Ancient Potion"},{"floor":8,"key":"SpeedPotion"},{"floor":18,"key":"Regen Potion"},{"floor":21,"key":"AttackPotion"},{"floor":24,"key":"GamblersBrew"},{"floor":25,"key":"Block Potion"},{"floor":29,"key":"Weak Potion"},{"floor":31,"key":"AttackPotion"},{"floor":35,"key":"BloodPotion"},{"floor":39,"key":"PowerPotion"},{"floor":46,"key":"PowerPotion"},{"floor":54,"key":"FearPotion"}],"is_trial":false,"path_per_floor":["M","?","M","M","M","E","R","E","T","?","E","T","E","$","R","B",null,"M","?","M","M","M","E","M","E","T","E","M","M","M","M","R","B",null,"M","?","?","T","M","E","M","M","T","R","$","E","?","E","R","B",null,"R","$","E","B",null],"character_chosen":"IRONCLAD","items_purchased":["Juggernaut+1","Power Through+1","Intimidate+1","Fire Breathing+1","Fruit Juice","AttackPotion","White Beast Statue"],"campfire_rested":0,"item_purchase_floors":[14,14,14,45,45,45,45],"current_hp_per_floor":[78,78,80,80,78,76,80,74,74,74,63,63,51,51,63,44,80,80,80,80,79,71,65,71,87,87,85,90,90,90,90,90,90,90,90,80,80,80,66,73,79,50,50,74,84,86,86,74,90,52,90,90,90,90,42],"gold":66,"neow_bonus":"RANDOM_COMMON_RELIC","is_daily":false,"chose_seed":false,"campfire_upgraded":5,"win_rate":0.0,"timestamp":1613588392,"path_taken":["M","?","M","M","?","E","R","E","T","?","E","?","E","$","R","BOSS","M","?","M","M","M","E","M","E","T","E","M","M","M","M","R","BOSS","M","?","?","?","M","E","M","M","T","R","$","E","?","E","R","BOSS","R","$","E","BOSS"],"items_purchased_type":["Card","Card","Card","Card","Potion","Potion","Relic"],"build_version":"2020-12-22","purchased_purges":1,"victory":true,"max_hp_per_floor":[80,80,80,80,80,80,80,80,80,80,80,80,80,80,80,80,80,80,80,80,80,80,80,80,90,90,90,90,90,90,90,90,90,90,90,90,85,85,85,85,85,85,85,85,90,90,90,90,90,90,90,90,90,90,90],"relic_stats":{"counters":[32,182],"Astrolabe":["Flame Barrier","Rupture","Blood for Blood"],"Eternal Feather":56,"StoneCalendar":[273],"Juzu Bracelet":1,"Bag of Preparation":[32],"Question Card":25,"Burning Blood":137,"Blood Vial":0,"Tiny Chest":2,"obtain_stats":[{"Lantern":23,"Pear":25,"Astrolabe":34,"Vajra":48,"Eternal Feather":6,"Thread and Needle":8,"StoneCalendar":38,"Juzu Bracelet":11,"Bag of Preparation":26,"Incense Burner":46,"Frozen Egg 2":9,"Question Card":13,"Burning Blood":0,"White Beast Statue":45,"Blood Vial":54,"Bottled Flame":40,"Tiny Chest":0,"Coffee Dripper":17,"Red Mask":47,"Toxic Egg 2":12,"Toy Ornithopter":27,"Meat on the Bone":19},{"Lantern":14,"Pear":16,"Astrolabe":22,"Vajra":29,"Eternal Feather":5,"Thread and Needle":6,"StoneCalendar":23,"Juzu Bracelet":7,"Bag of Preparation":16,"Incense Burner":28,"Frozen Egg 2":6,"Question Card":8,"Burning Blood":0,"White Beast Statue":27,"Blood Vial":31,"Bottled Flame":25,"Tiny Chest":0,"Coffee Dripper":9,"Red Mask":28,"Toxic Egg 2":7,"Toy Ornithopter":17,"Meat on the Bone":10},{"Lantern":64,"Pear":76,"Astrolabe":105,"Vajra":152,"Eternal Feather":15,"Thread and Needle":19,"StoneCalendar":109,"Juzu Bracelet":23,"Bag of Preparation":76,"Incense Burner":143,"Frozen Egg 2":19,"Question Card":30,"Burning Blood":0,"White Beast Statue":134,"Blood Vial":170,"Bottled Flame":125,"Tiny Chest":0,"Coffee Dripper":41,"Red Mask":143,"Toxic Egg 2":23,"Toy Ornithopter":80,"Meat on the Bone":45}],"Toy Ornithopter":20,"Meat on the Bone":24},"card_choices":[{"not_picked":["Anger","Heavy Blade"],"picked":"Twin Strike","floor":1},{"not_picked":["Twin Strike","True Grit","Wild Strike"],"picked":"SKIP","floor":3},{"not_picked":["Corruption","Uppercut"],"picked":"Shrug It Off","floor":4},{"not_picked":["Iron Wave","Headbutt"],"picked":"Armaments","floor":5},{"not_picked":["Dropkick","Pommel Strike"],"picked":"Immolate","floor":6},{"not_picked":["Bloodletting","Shrug It Off"],"picked":"Inflame","floor":8},{"not_picked":["Perfected Strike","Pummel"],"picked":"Ghostly Armor","floor":11},{"not_picked":["Evolve+1","Uppercut"],"picked":"Barricade+1","floor":13},{"not_picked":["Exhume+1","Limit Break+1","Fiend Fire"],"picked":"Corruption+1","floor":16},{"not_picked":["Clothesline+1","Warcry+1","Body Slam"],"picked":"Flame Barrier+1","floor":18},{"not_picked":["Rampage+1","Cleave+1","Headbutt+1"],"picked":"Inflame+1","floor":20},{"not_picked":["Heavy Blade","Intimidate+1","Sword Boomerang"],"picked":"Power Through+1","floor":21},{"not_picked":["Reckless Charge","Headbutt","Perfected Strike"],"picked":"Body Slam","floor":22},{"not_picked":["Dropkick","True Grit+1","Pommel Strike"],"picked":"Battle Trance+1","floor":23},{"not_picked":["Uppercut","Thunderclap","Iron Wave","Rampage+1"],"picked":"SKIP","floor":24},{"not_picked":["Clothesline+1","Flex+1","Bludgeon"],"picked":"Seeing Red+1","floor":25},{"not_picked":["Anger","Reaper","Heavy Blade+1"],"picked":"Shrug It Off+1","floor":27},{"not_picked":["Flame Barrier+1","Spot Weakness+1","Inflame+1"],"picked":"Infernal Blade+1","floor":28},{"not_picked":["Searing Blow","Whirlwind","Seeing Red+1"],"picked":"Entrench+1","floor":29},{"not_picked":["Burning Pact+1","Clash","Headbutt"],"picked":"Second Wind+1","floor":30},{"not_picked":["Heavy Blade","Disarm+1","Shrug It Off+1"],"picked":"Entrench+1","floor":31},{"not_picked":["Corruption+1","Immolate","Fiend Fire"],"picked":"Impervious+1","floor":33},{"not_picked":["Burning Pact+1","Body Slam+1","Reckless Charge"],"picked":"Entrench+1","floor":35},{"not_picked":["Magnetism+1","Dramatic Entrance","Chrysalis+1"],"picked":"Discovery+1","floor":36},{"not_picked":["Violence+1","Chrysalis+1","Discovery+1"],"picked":"Panache+1","floor":36},{"not_picked":["Jack Of All Trades+1","Flash of Steel","Apotheosis+1"],"picked":"Dark Shackles+1","floor":36},{"not_picked":["Havoc+1","Burning Pact+1","Twin Strike"],"picked":"Disarm+1","floor":39},{"not_picked":["Twin Strike","Perfected Strike","True Grit+1"],"picked":"Hemokinesis","floor":40},{"not_picked":["Clothesline","Dropkick+1","Rage+1"],"picked":"Shockwave+1","floor":41},{"not_picked":["Twin Strike","Pommel Strike","Disarm+1"],"picked":"Sentinel+1","floor":42},{"not_picked":["Feed","Fiend Fire","Shockwave+1"],"picked":"Rupture+1","floor":46},{"not_picked":["Blood for Blood+1","Body Slam","Second Wind+1"],"picked":"Shrug It Off+1","floor":48},{"not_picked":["Heavy Blade+1","Entrench+1","Armaments+1"],"picked":"Bloodletting+1","floor":54}],"player_experience":125856,"relics_obtained":[{"floor":6,"key":"Eternal Feather"},{"floor":8,"key":"Thread and Needle"},{"floor":9,"key":"Frozen Egg 2"},{"floor":11,"key":"Juzu Bracelet"},{"floor":12,"key":"Toxic Egg 2"},{"floor":13,"key":"Question Card"},{"floor":23,"key":"Lantern"},{"floor":25,"key":"Pear"},{"floor":26,"key":"Bag of Preparation"},{"floor":27,"key":"Toy Ornithopter"},{"floor":38,"key":"StoneCalendar"},{"floor":40,"key":"Bottled Flame"},{"floor":46,"key":"Incense Burner"},{"floor":48,"key":"Vajra"},{"floor":54,"key":"Blood Vial"}],"event_choices":[{"damage_healed":0,"gold_gain":0,"player_choice":"Forge","damage_taken":0,"max_hp_gain":0,"max_hp_loss":0,"event_name":"Accursed Blacksmith","floor":2,"gold_loss":0,"cards_upgraded":["Twin Strike"]},{"damage_healed":0,"gold_gain":0,"player_choice":"0 cards matched","damage_taken":0,"max_hp_gain":0,"max_hp_loss":0,"event_name":"Match and Keep!","floor":10,"gold_loss":0,"cards_obtained":[]},{"damage_healed":0,"gold_gain":0,"player_choice":"Obtained Relic","damage_taken":0,"relics_obtained":["Meat on the Bone"],"max_hp_gain":0,"max_hp_loss":0,"event_name":"Addict","floor":19,"gold_loss":85},{"damage_healed":0,"gold_gain":0,"player_choice":"Memory 3","damage_taken":10,"max_hp_gain":0,"max_hp_loss":0,"event_name":"SensoryStone","floor":36,"gold_loss":0},{"damage_healed":0,"gold_gain":0,"player_choice":"Max HP","damage_taken":0,"max_hp_gain":0,"max_hp_loss":5,"event_name":"Winding Halls","floor":37,"gold_loss":0},{"damage_healed":0,"gold_gain":0,"player_choice":"Paid","damage_taken":0,"relics_obtained":["Red Mask"],"max_hp_gain":0,"max_hp_loss":0,"event_name":"Tomb of Lord Red Mask","floor":47,"gold_loss":31}],"is_beta":false,"boss_relics":[{"not_picked":["Runic Cube","SacredBark"],"picked":"Coffee Dripper"},{"not_picked":["Mark of Pain","Runic Dome"],"picked":"Astrolabe"}],"items_purged_floors":[45],"is_endless":false,"potions_floor_spawned":[3,5,6,8,18,21,24,25,27,29,31,35,39,46,48,54],"ascension_level":1}}