{"host":"fbdlh90rovbiajun","time":1613527260,"event":{"mods":["AchievementEnabler","BaseMod","Colored Map","Keyboard Shortcuts","Minty Spire (QoL Compilation)","SuperFastMode"],"gold_per_floor":[116,116,116,116,131,131,159,159,159,7,22,75,88,104,104,203,203,215,140,160,160,175,175,210,210,286,286,286],"floor_reached":27,"language":"KOR","playtime":955,"items_purged":["Regret"],"score":256,"play_id":"3442ab5c-3ff5-48e0-8e14-70ae33659658","local_time":"20210217110100","is_ascension_mode":false,"campfire_choices":[{"data":"Defragment","floor":6,"key":"SMITH"},{"data":"Defragment","floor":8,"key":"SMITH"},{"data":"Sunder","floor":15,"key":"SMITH"},{"floor":23,"key":"REST"},{"data":"Coolheaded","floor":25,"key":"SMITH"}],"circlet_count":0,"master_deck":["Strike_B+1","Strike_B","Strike_B","Strike_B","Defend_B","Defend_B","Defend_B","Defend_B+1","Zap","Dualcast","Defragment+1","Go for the Eyes","Defragment+1","Sunder+1","Capacitor","Steam Power","Coolheaded+1","Streamline","Loop+1"],"relics":["Cracked Core","NeowsBlessing","Turnip","Pantograph","White Beast Statue","Juzu Bracelet","SlaversCollar","Bronze Scales","Bottled Flame"],"acts_visited":["Exordium","TheCity"],"potions_floor_usage":[18,20,22,24,27],"damage_taken":[{"damage":0,"enemies":"Small Slimes","floor":1,"turns":1},{"damage":0,"enemies":"2 Louse","floor":5,"turns":1},{"damage":0,"enemies":"Gremlin Nob","floor":7,"turns":1},{"damage":4,"enemies":"Cultist","floor":11,"turns":3},{"damage":27,"enemies":"Exordium Thugs","floor":13,"turns":4},{"damage":3,"enemies":"2 Fungi Beasts","floor":14,"turns":4},{"damage":11,"enemies":"The Guardian","floor":16,"turns":10},{"damage":25,"enemies":"3 Byrds","floor":18,"turns":5},{"damage":11,"enemies":"Spheric Guardian","floor":20,"turns":4},{"damage":22,"enemies":"Snecko","floor":22,"turns":4},{"damage":21,"enemies":"Gremlin Leader","floor":24,"turns":8},{"damage":7,"enemies":"Centurion and Healer","floor":27,"turns":1}],"seed_played":"-5040493174792786309","potions_obtained":[{"floor":1,"key":"PowerPotion"},{"floor":11,"key":"SpeedPotion"},{"floor":13,"key":"FearPotion"},{"floor":14,"key":"Energy Potion"},{"floor":18,"key":"Explosive Potion"},{"floor":20,"key":"FearPotion"},{"floor":22,"key":"SneckoOil"},{"floor":24,"key":"AttackPotion"}],"is_trial":false,"path_per_floor":["M","?","?","?","M","R","E","R","T","$","M","T","M","M","R","B",null,"M","$","M","?","M","R","E","R","T","M"],"character_chosen":"DEFECT","items_purchased":["Sunder","Capacitor"],"campfire_rested":1,"item_purchase_floors":[10,10],"current_hp_per_floor":[75,60,60,75,75,75,75,75,75,75,71,71,44,41,41,55,75,50,50,39,25,3,27,6,6,6,0,0],"gold":286,"neow_bonus":"THREE_ENEMY_KILL","is_daily":false,"chose_seed":false,"campfire_upgraded":4,"win_rate":0.0,"timestamp":1613527260,"path_taken":["M","?","?","?","?","R","E","R","T","$","M","?","M","M","R","BOSS","M","$","M","?","M","R","E","R","T","M"],"items_purchased_type":["Card","Card"],"build_version":"2020-12-22","purchased_purges":1,"victory":false,"max_hp_per_floor":[75,75,75,75,75,75,75,75,75,75,75,75,75,75,75,75,75,75,75,75,80,80,80,80,80,80,80,80],"card_choices":[{"not_picked":["Conserve Battery","Sweeping Beam"],"picked":"Defragment","floor":1},{"not_picked":["FTL","Turbo"],"picked":"Go for the Eyes","floor":5},{"not_picked":["Barrage","Coolheaded"],"picked":"Defragment","floor":7},{"not_picked":["Beam Cell","Auto Shields"],"picked":"Steam Power","floor":11},{"not_picked":["Beam Cell","Steam"],"picked":"Coolheaded","floor":13},{"not_picked":["Stack","All For One"],"picked":"Streamline","floor":14},{"not_picked":["Auto Shields","Steam","Gash"],"picked":"SKIP","floor":18},{"not_picked":["Coolheaded","Beam Cell"],"picked":"Loop+1","floor":20},{"not_picked":["Gash","Lockon","Redo"],"picked":"SKIP","floor":22},{"not_picked":["Ball Lightning","Loop","Capacitor"],"picked":"SKIP","floor":24}],"player_experience":64990,"relics_obtained":[{"floor":7,"key":"Pantograph"},{"floor":9,"key":"White Beast Statue"},{"floor":12,"key":"Juzu Bracelet"},{"floor":24,"key":"Bronze Scales"},{"floor":26,"key":"Bottled Flame"}],"event_choices":[{"damage_healed":0,"gold_gain":0,"player_choice":"Entered Light","damage_taken":15,"max_hp_gain":0,"max_hp_loss":0,"event_name":"Shining Light","floor":2,"gold_loss":0,"cards_upgraded":["Strike_B","Defend_B"]},{"damage_healed":0,"gold_gain":0,"player_choice":"Box","damage_taken":0,"relics_obtained":["Turnip"],"max_hp_gain":0,"max_hp_loss":0,"event_name":"Big Fish","floor":3,"gold_loss":0,"cards_obtained":["Regret"]},{"damage_healed":15,"gold_gain":0,"player_choice":"Full Heal","damage_taken":0,"max_hp_gain":0,"max_hp_loss":0,"event_name":"Wheel of Change","floor":4,"gold_loss":0},{"damage_healed":0,"gold_gain":0,"player_choice":"Shed Blood","damage_taken":19,"max_hp_gain":5,"max_hp_loss":0,"event_name":"Forgotten Altar","floor":21,"gold_loss":0}],"is_beta":false,"boss_relics":[{"not_picked":["Philosopher\u0027s Stone","Pandora\u0027s Box"],"picked":"SlaversCollar"}],"items_purged_floors":[19],"is_endless":false,"potions_floor_spawned":[1,11,13,14,16,18,20,22,24],"killed_by":"Centurion and Healer","ascension_level":0}}