{"host":"f8toxsj3bk02pkeu","time":1613550355,"event":{"mods":["BaseMod","Minty Spire (QoL Compilation)","Permanent Neow","Quick Restart","StSLib","SuperFastMode"],"gold_per_floor":[115,131,56,56,73,73,105,105,105,116,129,157,157,174,174,174,174],"floor_reached":16,"language":"ENG","playtime":327,"items_purged":[],"score":224,"play_id":"43b567b9-ea4b-4d30-a4c2-4221441db141","local_time":"20210217012555","is_ascension_mode":true,"campfire_choices":[{"data":"Neutralize","floor":6.0,"key":"SMITH"},{"floor":8,"key":"REST"},{"floor":13,"key":"REST"},{"data":"Noxious Fumes","floor":15,"key":"SMITH"}],"circlet_count":0,"master_deck":["AscendersBane","Strike_G","Strike_G","Strike_G","Strike_G","Defend_G","Defend_G","Defend_G","Defend_G","Survivor","Neutralize+1","Dagger Spray","Footwork","Outmaneuver","Blade Dance","Noxious Fumes+1"],"relics":["Ring of the Snake","NeowsBlessing","Shuriken","Pear","Sundial"],"acts_visited":["Exordium"],"potions_floor_usage":[12,16],"damage_taken":[{"damage":0.0,"enemies":"2 Louse","floor":1.0,"turns":1.0},{"damage":0.0,"enemies":"Small Slimes","floor":2.0,"turns":1.0},{"damage":0.0,"enemies":"Cultist","floor":5.0,"turns":1.0},{"damage":48,"enemies":"Gremlin Nob","floor":7,"turns":6},{"damage":13,"enemies":"Exordium Thugs","floor":10,"turns":7},{"damage":8,"enemies":"Exordium Wildlife","floor":11,"turns":6},{"damage":13,"enemies":"3 Sentries","floor":12,"turns":3},{"damage":0,"enemies":"2 Fungi Beasts","floor":14,"turns":3},{"damage":30,"enemies":"Hexaghost","floor":16,"turns":9}],"seed_played":"-3723859201480061645","potions_obtained":[{"floor":1.0,"key":"EssenceOfSteel"},{"floor":10,"key":"ColorlessPotion"},{"floor":14,"key":"Ancient Potion"}],"is_trial":false,"path_per_floor":["M","M","?","?","M","R","E","R","T","M","M","E","R","M","R","B"],"character_chosen":"THE_SILENT","items_purchased":[],"campfire_rested":2,"item_purchase_floors":[],"current_hp_per_floor":[59,59,59,59,59,59,11,30,40,27,19,6,28,28,28,0,0],"gold":174,"neow_bonus":"THREE_ENEMY_KILL","is_daily":false,"chose_seed":false,"campfire_upgraded":2,"win_rate":0.0,"timestamp":1613550355,"path_taken":["M","M","?","?","?","R","E","R","T","M","M","E","R","M","R","BOSS"],"items_purchased_type":[],"build_version":"2020-12-22","purchased_purges":0,"victory":false,"max_hp_per_floor":[66,66,66,66,66,66,66,66,76,76,76,76,76,76,76,76,76],"card_choices":[{"not_picked":["Accuracy","Sucker Punch"],"picked":"Dagger Spray","floor":1.0},{"not_picked":["Outmaneuver","Deflect"],"picked":"Footwork","floor":2.0},{"not_picked":["Calculated Gamble","Flying Knee"],"picked":"Outmaneuver","floor":5.0},{"not_picked":["Backflip","Setup","Bane"],"picked":"SKIP","floor":7},{"not_picked":["Poisoned Stab","Riddle With Holes","Skewer"],"picked":"SKIP","floor":10},{"not_picked":["Die Die Die","Cloak And Dagger"],"picked":"Blade Dance","floor":11},{"not_picked":["Footwork","Skewer","Deadly Poison"],"picked":"SKIP","floor":12},{"not_picked":["Expertise","Underhanded Strike"],"picked":"Noxious Fumes","floor":14}],"player_experience":992378,"relics_obtained":[{"floor":7,"key":"Shuriken"},{"floor":9,"key":"Pear"},{"floor":12,"key":"Sundial"}],"event_choices":[{"cards_removed":["Strike_G"],"damage_healed":0.0,"max_hp_gain":0.0,"max_hp_loss":0.0,"gold_gain":0.0,"event_name":"The Cleric","player_choice":"Card Removal","floor":3.0,"gold_loss":75.0,"damage_taken":0.0},{"cards_removed":["Defend_G"],"damage_healed":0.0,"max_hp_gain":0.0,"max_hp_loss":0.0,"gold_gain":0.0,"event_name":"Purifier","player_choice":"Purged","floor":4.0,"gold_loss":0.0,"damage_taken":0.0}],"is_beta":false,"boss_relics":[],"items_purged_floors":[],"is_endless":false,"potions_floor_spawned":[1,10,14],"killed_by":"Hexaghost","ascension_level":20}}