{"host":"cr9rpoy6dx9riis3","time":1613583171,"event":{"mods":["AchievementEnabler","BaseMod","Better Altar","Better Note","Better Sensory Stone","Better Skull","Better Third Choice","Better-Laid Plans","BetterRewards","Block Reminder","Curses Come First","Displayed Cursed Tome","Emptier Cage","Marked Mod","Minty Spire (QoL Compilation)","Permanent Neow","Relic Sorter","StSLib","The Blue Laboratory","Transform Curses"],"gold_per_floor":[110,128,144,144,164,164,197,197,279,279,279],"floor_reached":10,"language":"ENG","playtime":400,"items_purged":["Strike_R"],"score":88,"play_id":"0bc949f8-15ca-4dc5-ba9d-d469349a0926","local_time":"20210217183251","is_ascension_mode":true,"campfire_choices":[{"floor":6,"key":"RECALL"},{"floor":8,"key":"REST"}],"circlet_count":0,"master_deck":["Strike_R","Strike_R","Strike_R","Strike_R","Defend_R","Defend_R+1","Defend_R","Defend_R","Bash+1"],"relics":["Burning Blood","PrismaticShard","Incense Burner"],"acts_visited":["Exordium"],"potions_floor_usage":[7,10],"damage_taken":[{"damage":0,"enemies":"2 Louse","floor":1,"turns":3},{"damage":10,"enemies":"Jaw Worm","floor":2,"turns":5},{"damage":4,"enemies":"Small Slimes","floor":3,"turns":4},{"damage":2,"enemies":"2 Fungi Beasts","floor":5,"turns":4},{"damage":53,"enemies":"Lagavulin","floor":7,"turns":7},{"damage":40,"enemies":"3 Sentries","floor":10,"turns":4}],"seed_played":"2137866996936079152","potions_obtained":[{"floor":2,"key":"Block Potion"},{"floor":7,"key":"blueLaboratory:HorrorPotion"}],"is_trial":false,"path_per_floor":["M","M","M","?","M","R","E","R","T","E"],"character_chosen":"IRONCLAD","items_purchased":["PrismaticShard"],"campfire_rested":1,"item_purchase_floors":[0],"current_hp_per_floor":[71,67,69,53,57,57,10,34,34,0,0],"gold":279,"neow_bonus":"","is_daily":false,"chose_seed":false,"campfire_upgraded":0,"win_rate":0.0,"timestamp":1613583171,"path_taken":["M","M","M","?","M","R","E","R","T","E"],"items_purchased_type":["Relic"],"build_version":"2020-12-22","purchased_purges":1,"victory":false,"max_hp_per_floor":[80,80,80,80,80,80,80,80,80,80,80],"card_choices":[{"not_picked":["Twin Strike","Go for the Eyes","Quick Slash"],"picked":"SKIP","floor":1},{"not_picked":["ClearTheMind","Prostrate","Streamline"],"picked":"SKIP","floor":2},{"not_picked":["Darkness","Force Field","Rebound"],"picked":"SKIP","floor":3},{"not_picked":["MasterReality","Evaluate","Barrage"],"picked":"SKIP","floor":5},{"not_picked":["Turbo","Pommel Strike","Dodge and Roll"],"picked":"SKIP","floor":7}],"player_experience":748968,"relics_obtained":[{"floor":7,"key":"Incense Burner"}],"event_choices":[{"damage_healed":69,"gold_gain":0,"player_choice":"Upgrade","damage_taken":16,"max_hp_gain":0,"max_hp_loss":80,"event_name":"betterThird:BetterShining","floor":4,"gold_loss":0,"cards_upgraded":["Defend_R","Bash"]}],"is_beta":false,"boss_relics":[],"items_purged_floors":[0],"is_endless":false,"potions_floor_spawned":[2,7],"killed_by":"3 Sentries","ascension_level":6}}