{"host":"u4hhjc8c2w7dbcnr","time":1613602595,"event":{"mods":["BaseMod","Colored Map","Colored Powertips","Highlight Path","Minty Spire (QoL Compilation)","StSLib"],"gold_per_floor":[111,111,111,122,142,142,170,170,193,193,38,55,75,75,75,177,177,193,207,207,220,237,237,263,96,96,96,21,21,39,51,51,154,154,172,172,222,240,42,42,54,0,0,25,25,25,41,57,57,57],"floor_reached":51,"language":"ENG","playtime":2696,"items_purged":["Strike_B","Strike_B"],"score":919,"play_id":"da0a10a5-a405-419a-812a-910edc27f93c","local_time":"20210218065635","is_ascension_mode":true,"campfire_choices":[{"data":"Zap","floor":6,"key":"SMITH"},{"floor":8,"key":"REST"},{"data":"Electrodynamics","floor":10,"key":"SMITH"},{"data":"Static Discharge","floor":15,"key":"SMITH"},{"data":"Echo Form","floor":23,"key":"SMITH"},{"data":"Mind Blast","floor":27,"key":"SMITH"},{"data":"Seek","floor":32,"key":"SMITH"},{"data":"Creative AI","floor":40,"key":"SMITH"},{"floor":46,"key":"RECALL"},{"floor":49,"key":"REST"}],"circlet_count":0,"master_deck":["Defend_B","Defend_B+1","Defend_B","Defend_B","Zap+1","Dualcast+1","Electrodynamics+1","Glacier","Ball Lightning","Seek+1","Static Discharge+1","Echo Form+1","Cold Snap+1","Self Repair","Conserve Battery","Lockon+1","Mind Blast+1","Creative AI+1","Reinforced Body+1"],"relics":["Cracked Core","Happy Flower","Art of War","Lantern","Nuclear Battery","TungstenRod","Bag of Marbles","Inserter","Thread and Needle","Red Mask","Letter Opener"],"acts_visited":["Exordium","TheCity","TheBeyond"],"potions_floor_usage":[7,16,24,24,44],"damage_taken":[{"damage":3,"enemies":"Jaw Worm","floor":1,"turns":4},{"damage":5,"enemies":"Small Slimes","floor":4,"turns":2},{"damage":1,"enemies":"Cultist","floor":5,"turns":3},{"damage":12,"enemies":"Lagavulin","floor":7,"turns":5},{"damage":0,"enemies":"Large Slime","floor":12,"turns":3},{"damage":5,"enemies":"Gremlin Gang","floor":13,"turns":2},{"damage":14,"enemies":"The Guardian","floor":16,"turns":10},{"damage":1,"enemies":"Shell Parasite","floor":18,"turns":6},{"damage":0,"enemies":"3 Byrds","floor":19,"turns":2},{"damage":9,"enemies":"Snake Plant","floor":21,"turns":4},{"damage":15,"enemies":"3 Cultists","floor":22,"turns":4},{"damage":17,"enemies":"Slavers","floor":24,"turns":3},{"damage":8,"enemies":"Centurion and Healer","floor":30,"turns":5},{"damage":2,"enemies":"Snake Plant","floor":31,"turns":3},{"damage":20,"enemies":"Collector","floor":33,"turns":8},{"damage":0,"enemies":"Orb Walker","floor":35,"turns":4},{"damage":8,"enemies":"Mind Bloom Boss Battle","floor":37,"turns":6},{"damage":5,"enemies":"3 Shapes","floor":38,"turns":3},{"damage":11,"enemies":"Spire Growth","floor":41,"turns":8},{"damage":22,"enemies":"Giant Head","floor":44,"turns":9},{"damage":0,"enemies":"Transient","floor":47,"turns":5},{"damage":12,"enemies":"3 Darklings","floor":48,"turns":4},{"damage":60,"enemies":"Time Eater","floor":50,"turns":12}],"seed_played":"1572617379109656489","potions_obtained":[{"floor":1,"key":"Strength Potion"},{"floor":5,"key":"ColorlessPotion"},{"floor":12,"key":"Explosive Potion"},{"floor":13,"key":"EssenceOfSteel"},{"floor":21,"key":"FocusPotion"},{"floor":24,"key":"Energy Potion"},{"floor":30,"key":"LiquidBronze"},{"floor":31,"key":"Weak Potion"},{"floor":41,"key":"Regen Potion"}],"is_trial":false,"path_per_floor":["M","?","?","M","M","R","E","R","T","R","$","M","M","?","R","B",null,"M","M","?","M","M","R","E","$","T","R","?","?","M","M","R","B",null,"M","?","?","M","$","R","M","?","T","E","?","R","M","M","R","B",null],"character_chosen":"DEFECT","items_purchased":["Lantern","Mind Blast","FairyPotion"],"campfire_rested":2,"item_purchase_floors":[11,25,39],"current_hp_per_floor":[51,44,29,24,23,23,11,33,33,33,33,33,28,28,28,14,75,74,74,74,72,64,64,54,54,54,54,54,75,74,72,72,52,75,75,71,70,65,65,65,61,61,61,55,55,55,55,50,71,18],"gold":57,"neow_bonus":"THREE_RARE_CARDS","is_daily":false,"chose_seed":false,"campfire_upgraded":7,"win_rate":0.0,"timestamp":1613602595,"path_taken":["M","?","?","M","M","R","E","R","T","R","?","?","M","?","R","BOSS","M","M","?","M","?","R","E","?","T","R","?","?","M","M","R","BOSS","M","?","?","?","$","R","M","?","T","E","?","R","M","M","R","BOSS"],"items_purchased_type":["Relic","Card","Potion"],"build_version":"2020-12-22","purchased_purges":2,"victory":true,"max_hp_per_floor":[75,75,75,75,75,75,75,75,75,75,75,75,75,75,75,75,75,75,75,75,75,75,75,75,75,75,75,75,75,75,75,75,75,75,75,71,71,71,71,71,71,71,71,71,71,71,71,71,71,71],"card_choices":[{"not_picked":["All For One","Thunder Strike"],"picked":"Electrodynamics","floor":0},{"not_picked":["Undo","Chill"],"picked":"Glacier","floor":1},{"not_picked":["BootSequence","Melter","Streamline"],"picked":"SKIP","floor":4},{"not_picked":["Rebound","Compile Driver"],"picked":"Ball Lightning","floor":5},{"not_picked":["Consume","Barrage"],"picked":"Seek","floor":7},{"not_picked":["Aggregate","Turbo","Compile Driver"],"picked":"SKIP","floor":12},{"not_picked":["Go for the Eyes","Stack"],"picked":"Static Discharge","floor":13},{"not_picked":["All For One","Machine Learning"],"picked":"Echo Form","floor":16},{"not_picked":["Streamline+1","Beam Cell+1","Tempest"],"picked":"SKIP","floor":18},{"not_picked":["Sweeping Beam","Consume"],"picked":"Cold Snap+1","floor":19},{"not_picked":["Sweeping Beam","BootSequence+1","Sunder"],"picked":"SKIP","floor":21},{"not_picked":["Heatsinks+1","Ball Lightning+1"],"picked":"Conserve Battery","floor":22},{"not_picked":["Conserve Battery","Barrage"],"picked":"Lockon+1","floor":24},{"not_picked":["Turbo","Stack","Recycle+1"],"picked":"SKIP","floor":30},{"not_picked":["Hologram","Chill","Sweeping Beam"],"picked":"SKIP","floor":31},{"not_picked":["Core Surge","Multi-Cast"],"picked":"Creative AI","floor":33},{"not_picked":["Barrage+1","Compile Driver+1","Beam Cell+1"],"picked":"SKIP","floor":35},{"not_picked":["Beam Cell+1","Genetic Algorithm","Skim+1"],"picked":"SKIP","floor":38},{"not_picked":["Force Field","Cold Snap","Conserve Battery+1"],"picked":"SKIP","floor":41},{"not_picked":["Cold Snap","Turbo+1"],"picked":"Reinforced Body+1","floor":44},{"not_picked":["Fusion+1","Go for the Eyes+1","Steam"],"picked":"SKIP","floor":47},{"not_picked":["Reinforced Body+1","Heatsinks","Leap+1"],"picked":"SKIP","floor":48}],"player_experience":120525,"relics_obtained":[{"floor":7,"key":"Happy Flower"},{"floor":9,"key":"Art of War"},{"floor":24,"key":"TungstenRod"},{"floor":26,"key":"Bag of Marbles"},{"floor":37,"key":"Thread and Needle"},{"floor":44,"key":"Letter Opener"}],"event_choices":[{"cards_removed":["Strike_B"],"damage_healed":0,"gold_gain":0,"player_choice":"Card Removal","damage_taken":7,"max_hp_gain":0,"max_hp_loss":0,"event_name":"Golden Wing","floor":2,"gold_loss":0},{"damage_healed":0,"gold_gain":0,"player_choice":"Entered Light","damage_taken":15,"max_hp_gain":0,"max_hp_loss":0,"event_name":"Shining Light","floor":3,"gold_loss":0,"cards_upgraded":["Defend_B","Dualcast"]},{"damage_healed":0,"gold_gain":0,"player_choice":"Ignored","damage_taken":0,"max_hp_gain":0,"max_hp_loss":0,"event_name":"Liars Game","floor":14,"gold_loss":0},{"damage_healed":0,"gold_gain":0,"player_choice":"1 cards matched","damage_taken":0,"max_hp_gain":0,"max_hp_loss":0,"event_name":"Match and Keep!","floor":20,"gold_loss":0,"cards_obtained":["Self Repair"]},{"cards_removed":["Strike_B"],"damage_healed":0,"gold_gain":0,"player_choice":"Gave Gold","damage_taken":0,"max_hp_gain":0,"max_hp_loss":0,"event_name":"Beggar","floor":28,"gold_loss":75},{"damage_healed":25,"gold_gain":0,"player_choice":"Heal","damage_taken":0,"max_hp_gain":0,"max_hp_loss":0,"event_name":"The Library","floor":29,"gold_loss":0},{"damage_healed":0,"gold_gain":0,"player_choice":"Max HP","damage_taken":0,"max_hp_gain":0,"max_hp_loss":4,"event_name":"Winding Halls","floor":36,"gold_loss":0},{"damage_healed":0,"gold_gain":0,"player_choice":"Fight","damage_taken":0,"max_hp_gain":0,"max_hp_loss":0,"event_name":"MindBloom","floor":37,"gold_loss":0},{"damage_healed":0,"gold_gain":0,"player_choice":"Paid","damage_taken":0,"relics_obtained":["Red Mask"],"max_hp_gain":0,"max_hp_loss":0,"event_name":"Tomb of Lord Red Mask","floor":42,"gold_loss":54},{"damage_healed":0,"gold_gain":0,"player_choice":"Memory 1","damage_taken":0,"max_hp_gain":0,"max_hp_loss":0,"event_name":"SensoryStone","floor":45,"gold_loss":0}],"is_beta":false,"boss_relics":[{"not_picked":["SacredBark","Velvet Choker"],"picked":"Nuclear Battery"},{"not_picked":["Runic Pyramid","Snecko Eye"],"picked":"Inserter"}],"items_purged_floors":[25,39],"is_endless":false,"potions_floor_spawned":[1,5,12,13,21,24,30,31,33,35,41],"ascension_level":3}}