{"host":"syfsfjmzue8y1a6l","time":1613577785,"event":{"mods":["AchievementEnabler","BaseMod","Colored Map","DeckTracker","Minty Spire (QoL Compilation)","Permanent Neow","SuperFastMode"],"gold_per_floor":[115,135,149,5,20,54,54,54,77,109,109,126,138,150,150,150,150],"floor_reached":16,"language":"KOR","playtime":809,"items_purged":["Defend_R"],"score":114,"play_id":"26faeacb-7665-4e37-9aed-d262dcd04cf9","local_time":"20210218010305","is_ascension_mode":false,"campfire_choices":[{"data":"Bash","floor":7,"key":"SMITH"},{"data":"Warcry","floor":11,"key":"SMITH"},{"data":"Feed","floor":15,"key":"SMITH"}],"circlet_count":0,"master_deck":["Strike_R","Strike_R+1","Strike_R","Strike_R","Defend_R","Defend_R","Defend_R","Bash+1","Shrug It Off","Clash+1","Clash","Dropkick","Clash","Second Wind","Warcry+1","Thunderclap","Dropkick","Feed+1"],"relics":["Velvet Choker","Whetstone","Orichalcum"],"acts_visited":["Exordium"],"potions_floor_usage":[16,16,16,16,16],"damage_taken":[{"damage":0,"enemies":"2 Louse","floor":1,"turns":3},{"damage":0,"enemies":"Cultist","floor":2,"turns":2},{"damage":0,"enemies":"Jaw Worm","floor":3,"turns":3},{"damage":0,"enemies":"Large Slime","floor":5,"turns":4},{"damage":16,"enemies":"Gremlin Nob","floor":6,"turns":3},{"damage":13,"enemies":"3 Sentries","floor":10,"turns":7},{"damage":7,"enemies":"Red Slaver","floor":12,"turns":2},{"damage":0,"enemies":"Lots of Slimes","floor":13,"turns":3},{"damage":11,"enemies":"Large Slime","floor":14,"turns":2},{"damage":34,"enemies":"Slime Boss","floor":16,"turns":8}],"seed_played":"-3758358912051947636","potions_obtained":[{"floor":2,"key":"SmokeBomb"},{"floor":10,"key":"EntropicBrew"},{"floor":12,"key":"Weak Potion"},{"floor":13,"key":"SneckoOil"}],"is_trial":false,"path_per_floor":["M","M","M","$","M","E","R","?","T","E","R","M","M","M","R","B"],"character_chosen":"IRONCLAD","items_purchased":["Dropkick"],"campfire_rested":0,"item_purchase_floors":[4],"current_hp_per_floor":[80,80,80,80,80,64,64,64,64,51,51,44,44,33,33,0,0],"gold":150,"neow_bonus":"BOSS_RELIC","is_daily":false,"chose_seed":false,"campfire_upgraded":3,"win_rate":0.0,"timestamp":1613577785,"path_taken":["M","M","M","$","M","E","R","?","T","E","R","M","?","M","R","BOSS"],"items_purchased_type":["Card"],"build_version":"2020-12-22","purchased_purges":1,"victory":false,"max_hp_per_floor":[80,80,80,80,80,80,80,80,80,80,80,80,80,80,80,80,80],"card_choices":[{"not_picked":["Cleave","Body Slam"],"picked":"Shrug It Off","floor":1},{"not_picked":["Warcry","Offering"],"picked":"Clash","floor":2},{"not_picked":["Cleave","Body Slam"],"picked":"Clash","floor":3},{"not_picked":["True Grit","Clothesline","Flame Barrier"],"picked":"SKIP","floor":5},{"not_picked":["Evolve","Dual Wield"],"picked":"Clash","floor":6},{"not_picked":["Searing Blow","Twin Strike"],"picked":"Warcry","floor":10},{"not_picked":["Armaments","Carnage"],"picked":"Thunderclap","floor":12},{"not_picked":["Shrug It Off","Clothesline"],"picked":"Dropkick","floor":13},{"not_picked":["Headbutt","Shrug It Off"],"picked":"Feed","floor":14}],"player_experience":128190,"relics_obtained":[{"floor":6,"key":"Whetstone"},{"floor":10,"key":"Orichalcum"}],"event_choices":[{"damage_healed":0,"gold_gain":0,"cards_transformed":["Strike_R"],"player_choice":"Transformed","damage_taken":0,"max_hp_gain":0,"max_hp_loss":0,"event_name":"Transmorgrifier","floor":8,"gold_loss":0,"cards_obtained":["Second Wind"]}],"is_beta":false,"boss_relics":[],"items_purged_floors":[4],"is_endless":false,"potions_floor_spawned":[2,10,12,13,14],"killed_by":"Slime Boss","ascension_level":0}}