{"host":"utqe55yv0jihe4d6","time":1613531723,"event":{"mods":["2.2 Compatiblity","AchievementEnabler","BaseMod","Block Reminder","Colored Map","Colored Powertips","Minty Spire (QoL Compilation)","Quick Restart","Rare Cards Sparkle","Relic Stats","SuperFastMode"],"gold_per_floor":[110,128,24,24,24,24,49,68,91,122,122,135,135,148,148,246,246,226,247,301,321,344,344,387,3,85,85,123,137,173,189,189,189,189],"floor_reached":33,"language":"ENG","playtime":1097,"items_purged":["Strike_R","Strike_R"],"score":684,"play_id":"2a9d5bc9-7a89-4d56-b6c1-f3009a3f716a","local_time":"20210216221523","is_ascension_mode":true,"campfire_choices":[{"data":"Bash","floor":6.0,"key":"SMITH"},{"data":"Disarm","floor":15.0,"key":"SMITH"},{"data":"Uppercut","floor":23.0,"key":"SMITH"},{"data":"Shockwave","floor":27.0,"key":"SMITH"},{"data":"Evolve","floor":32,"key":"SMITH"}],"circlet_count":0,"master_deck":["AscendersBane","Strike_R","Strike_R","Defend_R","Defend_R","Defend_R","Defend_R","Bash+1","Sword Boomerang","Anger","True Grit+1","Wild Strike","Combust","Disarm+1","Shockwave+1","Impervious","Pommel Strike","Body Slam+1","Uppercut+1","Power Through+1","Evolve+1","Power Through","Spot Weakness"],"relics":["Burning Blood","NeowsBlessing","MealTicket","Self Forming Clay","Tiny Chest","HornCleat","Golden Idol","Busted Crown","Toy Ornithopter","Ancient Tea Set","Meat on the Bone","Kunai","Regal Pillow","Mango"],"acts_visited":["Exordium","TheCity"],"potions_floor_usage":[29,30],"damage_taken":[{"damage":0.0,"enemies":"Jaw Worm","floor":1.0,"turns":1.0},{"damage":0.0,"enemies":"2 Louse","floor":2.0,"turns":1.0},{"damage":0.0,"enemies":"3 Sentries","floor":7.0,"turns":1.0},{"damage":1.0,"enemies":"Cultist","floor":8.0,"turns":4.0},{"damage":14.0,"enemies":"Lagavulin","floor":10.0,"turns":6.0},{"damage":11.0,"enemies":"Looter","floor":12.0,"turns":3.0},{"damage":17.0,"enemies":"Red Slaver","floor":14.0,"turns":5.0},{"damage":22.0,"enemies":"The Guardian","floor":16.0,"turns":17.0},{"damage":11.0,"enemies":"2 Thieves","floor":18.0,"turns":5.0},{"damage":3.0,"enemies":"Shell Parasite","floor":19.0,"turns":5.0},{"damage":25.0,"enemies":"Centurion and Healer","floor":21.0,"turns":7.0},{"damage":23.0,"enemies":"Shelled Parasite and Fungi","floor":22.0,"turns":6.0},{"damage":24.0,"enemies":"Book of Stabbing","floor":24.0,"turns":7.0},{"damage":28.0,"enemies":"Gremlin Leader","floor":28.0,"turns":10.0},{"damage":0,"enemies":"Snake Plant","floor":29,"turns":5},{"damage":13,"enemies":"Slavers","floor":30,"turns":6},{"damage":17,"enemies":"3 Cultists","floor":31,"turns":6},{"damage":58,"enemies":"Automaton","floor":33,"turns":6}],"seed_played":"965368217624482426","potions_obtained":[{"floor":1.0,"key":"BloodPotion"},{"floor":2.0,"key":"SpeedPotion"},{"floor":10.0,"key":"AttackPotion"},{"floor":14.0,"key":"Weak Potion"},{"floor":16.0,"key":"LiquidBronze"},{"floor":22.0,"key":"Regen Potion"},{"floor":28.0,"key":"SpeedPotion"},{"floor":29,"key":"ColorlessPotion"}],"is_trial":false,"path_per_floor":["M","M","$","?","?","R","E","M","T","E","?","M","?","M","R","B",null,"M","M","T","M","M","R","E","$","T","R","E","M","E","M","R","B"],"character_chosen":"IRONCLAD","items_purchased":["True Grit","Meat on the Bone"],"campfire_rested":0,"item_purchase_floors":[3,25],"current_hp_per_floor":[74,75,75,75,57,57,63,68,68,60,34,29,29,33,33,17,61,56,59,59,45,28,28,30,45,45,45,40,51,63,52,52,0,0],"gold":189,"neow_bonus":"THREE_ENEMY_KILL","is_daily":false,"chose_seed":false,"campfire_upgraded":5,"win_rate":0.0,"timestamp":1613531723,"path_taken":["M","M","$","?","?","R","E","M","T","E","?","M","?","?","R","BOSS","M","M","?","M","M","R","E","$","T","R","E","M","E","?","R","BOSS"],"items_purchased_type":["Card","Relic"],"build_version":"2020-12-22","purchased_purges":2,"victory":false,"max_hp_per_floor":[75,75,75,75,75,75,75,75,75,75,75,75,75,75,75,75,75,75,75,75,75,75,75,75,75,75,75,75,75,89,89,89,89,89],"relic_stats":{"Regal Pillow":0,"Busted Crown":18,"counters":[18,101],"Self Forming Clay":[198],"Golden Idol":73,"MealTicket":15,"Tiny Chest":1,"Kunai":[9],"obtain_stats":[{"Regal Pillow":28,"NeowsBlessing":0,"Self Forming Clay":7,"Golden Idol":11,"Mango":30,"Ancient Tea Set":24,"Burning Blood":0,"HornCleat":10,"Busted Crown":17,"MealTicket":5,"Tiny Chest":9,"Kunai":26,"Toy Ornithopter":20,"Meat on the Bone":25},{"Regal Pillow":14,"NeowsBlessing":0,"Self Forming Clay":3,"Golden Idol":5,"Mango":16,"Ancient Tea Set":13,"Burning Blood":0,"HornCleat":5,"Busted Crown":8,"MealTicket":2,"Tiny Chest":4,"Kunai":13,"Toy Ornithopter":10,"Meat on the Bone":13},{"Regal Pillow":78,"NeowsBlessing":0,"Self Forming Clay":3,"Golden Idol":13,"Mango":89,"Ancient Tea Set":68,"Burning Blood":0,"HornCleat":13,"Busted Crown":38,"MealTicket":2,"Tiny Chest":7,"Kunai":68,"Toy Ornithopter":48,"Meat on the Bone":68}],"Burning Blood":97,"Toy Ornithopter":25,"Meat on the Bone":12},"card_choices":[{"not_picked":["Infernal Blade","Dual Wield"],"picked":"Sword Boomerang","floor":1.0},{"not_picked":["Iron Wave","Sever Soul"],"picked":"Anger","floor":2.0},{"not_picked":["Burning Pact","Dual Wield"],"picked":"Wild Strike","floor":7.0},{"not_picked":["Wild Strike","Flex"],"picked":"Combust","floor":8.0},{"not_picked":["Burning Pact","Ghostly Armor"],"picked":"Disarm","floor":10.0},{"not_picked":["Metallicize","Dark Embrace","Fire Breathing"],"picked":"SKIP","floor":12.0},{"not_picked":["Perfected Strike","Twin Strike"],"picked":"Shockwave","floor":14.0},{"not_picked":["Berserk","Exhume"],"picked":"Impervious","floor":16.0},{"not_picked":[],"picked":"Pommel Strike","floor":18.0},{"not_picked":[],"picked":"Body Slam+1","floor":19.0},{"not_picked":[],"picked":"Uppercut","floor":21.0},{"not_picked":[],"picked":"Power Through+1","floor":22.0},{"not_picked":["Perfected Strike"],"picked":"SKIP","floor":24.0},{"not_picked":["Rampage"],"picked":"SKIP","floor":28.0},{"not_picked":[],"picked":"Evolve","floor":29},{"not_picked":[],"picked":"Power Through","floor":30},{"not_picked":[],"picked":"Spot Weakness","floor":31}],"player_experience":3080044,"relics_obtained":[{"floor":7.0,"key":"Self Forming Clay"},{"floor":9.0,"key":"Tiny Chest"},{"floor":10.0,"key":"HornCleat"},{"floor":20.0,"key":"Toy Ornithopter"},{"floor":24.0,"key":"Ancient Tea Set"},{"floor":26.0,"key":"Kunai"},{"floor":28.0,"key":"Regal Pillow"},{"floor":30,"key":"Mango"}],"event_choices":[{"damage_healed":0.0,"max_hp_gain":0.0,"max_hp_loss":0.0,"gold_gain":0.0,"event_name":"Living Wall","player_choice":"Grow","floor":4.0,"gold_loss":0.0,"damage_taken":0.0,"cards_upgraded":["True Grit"]},{"damage_healed":0.0,"max_hp_gain":0.0,"max_hp_loss":0.0,"gold_gain":0.0,"event_name":"Scrap Ooze","player_choice":"Success","floor":5.0,"gold_loss":0.0,"damage_taken":18.0,"relics_obtained":["MealTicket"]},{"damage_healed":0.0,"max_hp_gain":0.0,"max_hp_loss":0.0,"gold_gain":0.0,"event_name":"Golden Idol","player_choice":"Take Damage","floor":11.0,"gold_loss":0.0,"damage_taken":26.0,"relics_obtained":["Golden Idol"]},{"cards_removed":["Strike_R"],"damage_healed":0.0,"max_hp_gain":0.0,"max_hp_loss":0.0,"gold_gain":0.0,"event_name":"Purifier","player_choice":"Purged","floor":13.0,"gold_loss":0.0,"damage_taken":0.0}],"is_beta":false,"boss_relics":[{"not_picked":["Black Blood","Black Star"],"picked":"Busted Crown"}],"items_purged_floors":[3,25],"is_endless":false,"potions_floor_spawned":[1,2,10,14,16,19,22,28,29],"killed_by":"Automaton","ascension_level":20}}