{"host":"vdohis8gfezcjpr9","time":1613566127,"event":{"mods":["2.2 Compatiblity","Abigail Mod","Act Like it!","BaseMod","BetterRewards","Colored Powertips","Custom Start","Friendly Minions","Gensokyo","Kiyohime£¨?ýï£©","Koishi","Marisa£¨Ùöéë¡¡Øª×âÞÞ£©","Minty Spire (QoL Compilation)","Permanent Neow","Prisma Mod","Rare Cards Sparkle","Reimu£¨ÚÏ???£©","Shop Mod","StSLib","Swap Starting Deck Mod","The Animator"],"gold_per_floor":[115,215,231,258,258,258,182,182,206,206,206,206,206],"floor_reached":12,"language":"KOR","playtime":12928,"items_purged":[],"score":70,"play_id":"e05e41c2-a6b9-4ba4-b66d-09376c30f677","local_time":"20210217214847","is_ascension_mode":true,"campfire_choices":[{"floor":6,"key":"REST"},{"floor":8,"key":"RECALL"},{"data":"EmergencyTakeOff:ReiMu","floor":11,"key":"SMITH"}],"circlet_count":0,"master_deck":["Strike_Lin:ReiMu","Strike_Lin:ReiMu","Strike_Lin:ReiMu","Strike_Lin:ReiMu","Defend_Lin:ReiMu","Defend_Lin:ReiMu","Defend_Lin:ReiMu","Defend_Lin:ReiMu","NB:ReiMu","Stagnation:ReiMu","EmergencyTakeOff:ReiMu+1","Intuition:ReiMu+1"],"relics":["FlyPower:ReiMu","Chemical X","Matryoshka","Boot","Molten Egg 2","Sundial","FadedRune:ReiMu","Pen Nib","Juzu Bracelet","Ancient Tea Set","RuthlessExorcism:ReiMu","Tiny Chest","Gensokyo:OccultBall"],"acts_visited":["Gensokyo:Gensokyo"],"potions_floor_usage":[],"damage_taken":[{"damage":13,"enemies":"Gensokyo:2_Kodama","floor":1,"turns":7},{"damage":3,"enemies":"Gensokyo:Gryphon","floor":3,"turns":6},{"damage":0,"enemies":"Gensokyo:Mamizou","floor":12,"turns":6}],"seed_played":"2687045323922587805","potions_obtained":[{"floor":1,"key":"Fire Potion"}],"is_trial":false,"path_per_floor":["M","?","M","T","?","R","?","R","T","?","R","E"],"character_chosen":"REIMU","items_purchased":["Chemical X","Matryoshka","Boot","Molten Egg 2","Sundial","FadedRune:ReiMu","Pen Nib","DistilledChaos"],"campfire_rested":1,"item_purchase_floors":[0,0,0,0,0,0,0,0],"current_hp_per_floor":[11,11,8,8,8,27,65,65,65,65,65,65,65],"gold":206,"neow_bonus":"","is_daily":false,"chose_seed":false,"campfire_upgraded":1,"win_rate":0.0,"timestamp":1613566127,"path_taken":["M","?","M","?","?","R","?","R","T","?","R","E"],"items_purchased_type":["Relic","Relic","Relic","Relic","Relic","Relic","Relic","Potion"],"build_version":"2020-12-22","purchased_purges":0,"victory":false,"max_hp_per_floor":[65,65,65,65,65,65,65,65,65,65,65,65,65],"card_choices":[{"not_picked":["Conquer:ReiMu+1","OrbThrow:ReiMu+1"],"picked":"AirManeuver:ReiMu","floor":1},{"not_picked":["SubcavityInstant:ReiMu","WonderfulDomain:ReiMu"],"picked":"EmergencyTakeOff:ReiMu","floor":3}],"player_experience":128293,"relics_obtained":[{"floor":4,"key":"Juzu Bracelet"},{"floor":4,"key":"Ancient Tea Set"},{"floor":9,"key":"RuthlessExorcism:ReiMu"},{"floor":9,"key":"Tiny Chest"}],"event_choices":[],"is_beta":false,"boss_relics":[],"items_purged_floors":[],"is_endless":false,"potions_floor_spawned":[1],"killed_by":"Gensokyo:Mamizou","ascension_level":2}}