{"host":"y2bqfd80u7hqgj5z","time":1613599792,"event":{"mods":["AchievementEnabler","Act Like it!","Arknights","BaseMod","BetterRewards","CapriCore","Colored Map","Colored Powertips","Data Control","DeckTracker","Downfall","Friendly Minions","Good Game Mod","HololiveMod","Koishi","Marisa????????","Minty Spire (QoL Compilation)","Permanent Neow","RRrroohrrRGHHhhh!!","Rare Cards Sparkle","Reimu??????","Remilia??????","Replay The Spire","RumiaBox-????????","Shop Mod","Spikes Relics","StSLib","SuperFastMode","The Administrix","The Immortal","The Servant 0.9.4","The Wild Card","Transform Curses","Youmu??????"],"gold_per_floor":[83,101,9007,9027,9027,9060,9060,9094,9094,9110,9137,9158,9158,9190,9190,9293,9293,9308,8329,8344,8359,8373,8373,8373,8404,8404,8404,7957,7973,7993,7993,7993,8088,8188,8209,8230,8230,8250,8269,8302,8302,8312,8338,8338,8370,8370,8381,8406,8406,8406,8406,8406,7380,7406,7407],"floor_reached":56,"language":"ENG","playtime":3255,"items_purged":[],"score":2035,"play_id":"8568ceca-24aa-42df-9c4f-dc9ffc8fe6de","local_time":"20210217160952","is_ascension_mode":true,"campfire_choices":[{"floor":15,"key":"RECALL"},{"data":"Hololive_LuckPotion","floor":23,"key":"SMITH"},{"data":"theWildCard:Scathach","floor":27,"key":"SMITH"},{"data":"Hololive_LuckPotion","floor":44,"key":"SMITH"},{"data":"Hololive_Breathe","floor":46,"key":"SMITH"},{"floor":49,"key":"DIG"},{"data":"Hololive_Breathe","floor":52,"key":"SMITH"}],"circlet_count":0,"master_deck":["Hololive_Strike","Hololive_Strike","Hololive_Strike","Hololive_Strike","Hololive_Defend","Hololive_Defend","Hololive_Defend","Hololive_Defend","Hololive_LuckPotion+1","Hololive_Trident","Buffer","Hololive_LuckPotion+1","Hololive_StrengthChampion","Hololive_Trident","Hololive_RevenueBasedLive","Master of Strategy","Jack Of All Trades","Hololive_Breathe+1","Hololive_Psychosis","theWildCard:Scathach+1","Hololive_BringToTrial","Hololive_BringToTrial","Hololive_HuntDinosaur","Hololive_Yoholoon","Hololive_Breathe+1","Hololive_Trident","Hololive_Sequa","Blind","Hololive_FlyingPonyTail","Hololive_FlyingPonyTail","Hololive_ManjiGathering","Hololive_StrengthChampion","Hololive_FlyingPonyTail","Hololive_Rebound","Hololive_LuckPotion+1","Hololive_DiamondStrike","Hololive_CocoNews+1","Hololive_Watashimo+1","Hololive_Psychosis","Hololive_StarCraft","Hololive_HighAtkLowDef","Hololive_Breathe","Hololive_Psychosis+1","Hololive_ILoveYou+1","Hololive_Sequa","Hololive_OvertimeWork+1","Hololive_LuckPotion","Hololive_Psychosis+1","Hololive_CocoNews","Hololive_Psychosis+1","Hololive_StrengthChampion+1","Hololive_LuckPotion","Hololive_LuckPotion","Finesse","Magnetism","Hololive_Breathe+1"],"relics":["Hololive_TheStar","REME:ComplimentaryCards","Hololive_Peko","ReplayTheSpireMod:Lightbulb","CaptainsWheel","Chemical X","Gremlin Food","Gremlin Horn","Gambling Chip","Peace Pipe","Replay:Ringing Soul","Coffee Dripper","SpikesRelics:DaevaFist","PreservedInsect","TheAbacus","MerchantsRug","Replay:Bottled Steam","Pantograph","ZombieArmy","Pen Nib","Orrery","Replay:Wanted Poster","Calipers","Toy Ornithopter","Ginger","Replay:Accelerometer","RuthlessExorcism:ReiMu","ChaoDraw","Divine Protection","HandDrill","GodSword1"],"acts_visited":["Exordium","TheCity","TheBeyond","TheEnding"],"potions_floor_usage":[8,11,11,11,16,16,30,33,33,55,55],"damage_taken":[{"damage":0,"enemies":"Cultist","floor":1,"turns":3},{"damage":0,"enemies":"2 Louse","floor":2,"turns":2},{"damage":0,"enemies":"Jaw Worm","floor":4,"turns":3},{"damage":0,"enemies":"Gremlin Nob","floor":6,"turns":3},{"damage":0,"enemies":"Lagavulin","floor":8,"turns":4},{"damage":0,"enemies":"3 Louse","floor":10,"turns":2},{"damage":0,"enemies":"Gremlin Nob","floor":11,"turns":2},{"damage":0,"enemies":"Lots of Slimes","floor":12,"turns":2},{"damage":0,"enemies":"Lagavulin","floor":14,"turns":4},{"damage":0,"enemies":"Slime Boss","floor":16,"turns":6},{"damage":0,"enemies":"3 Byrds","floor":18,"turns":3},{"damage":0,"enemies":"Chosen","floor":20,"turns":2},{"damage":0,"enemies":"3 Cultists","floor":21,"turns":3},{"damage":0,"enemies":"Centurion and Healer","floor":22,"turns":4},{"damage":0,"enemies":"Gremlin Leader","floor":25,"turns":1},{"damage":0,"enemies":"Shelled Parasite and Fungi","floor":29,"turns":3},{"damage":0,"enemies":"Sentry and Sphere","floor":30,"turns":3},{"damage":0,"enemies":"Automaton","floor":33,"turns":2},{"damage":0,"enemies":"3 Darklings","floor":35,"turns":2},{"damage":0,"enemies":"3 Shapes","floor":36,"turns":2},{"damage":0,"enemies":"Writhing Mass","floor":38,"turns":3},{"damage":0,"enemies":"Maw","floor":39,"turns":2},{"damage":0,"enemies":"Reptomancer","floor":40,"turns":3},{"damage":0,"enemies":"Jaw Worm Horde","floor":42,"turns":2},{"damage":0,"enemies":"Nemesis","floor":45,"turns":3},{"damage":0,"enemies":"Transient","floor":47,"turns":5},{"damage":0,"enemies":"R_Hoarder","floor":48,"turns":2},{"damage":0,"enemies":"Awakened One","floor":50,"turns":3},{"damage":0,"enemies":"Shield and Spear","floor":54,"turns":2},{"damage":0,"enemies":"The Heart","floor":55,"turns":6}],"seed_played":"-1273311441465693949","potions_obtained":[{"floor":2,"key":"Dexterity Potion"},{"floor":8,"key":"ZuzhouPotion:ReiMu"},{"floor":12,"key":"Block Potion"},{"floor":14,"key":"hexamod:SoulburnPotion"},{"floor":18,"key":"Flashbang"},{"floor":22,"key":"FairyPotion"},{"floor":29,"key":"Swift Potion"},{"floor":30,"key":"BlessingOfTheForge"},{"floor":36,"key":"GamblersBrew"},{"floor":38,"key":"SpeedPotion"},{"floor":39,"key":"LifebloodPotion"}],"is_trial":false,"path_per_floor":["M","M","$","M","?","E","?","E","T","M","E","M","T","E","R","B",null,"M","$","M","M","M","R","?","E","T","R","$","M","M","?","R_BF","B",null,"M","M","?","M","M","E","?","M","T","R","E","R","M","E","R_BF","B",null,"R","$","E","B",null],"character_chosen":"Hololive_HololiveCharacter","items_purchased":["Hololive_Trident","Hololive_RevenueBasedLive","Master of Strategy","Jack Of All Trades","ReplayTheSpireMod:Lightbulb","CaptainsWheel","Chemical X","Hololive_Trident","Hololive_Sequa","SpikesRelics:DaevaFist","PreservedInsect","TheAbacus","MerchantsRug","Blind","Panache","ZombieArmy","Pen Nib","Orrery","ChaoDraw","Divine Protection","HandDrill","Hololive_LuckPotion","Finesse","Magnetism"],"campfire_rested":0,"item_purchase_floors":[3,3,3,3,3,3,3,19,19,19,19,19,19,19,19,28,28,28,53,53,53,53,53,53],"current_hp_per_floor":[38,38,38,38,38,38,38,38,38,38,38,38,38,41,41,44,44,47,50,53,56,59,59,69,72,72,72,75,78,81,84,87,90,90,93,96,91,94,97,100,103,106,106,106,109,109,112,115,115,115,115,115,118,121,121],"gold":7407,"neow_bonus":"TEN_PERCENT_HP_BONUS","is_daily":false,"chose_seed":false,"campfire_upgraded":5,"win_rate":0.0,"timestamp":1613599792,"path_taken":["M","M","?","M","?","E","?","E","T","M","E","M","?","E","R","BOSS","M","$","M","M","M","R","?","E","T","R","$","M","?","?","R_BF","BOSS","M","M","?","M","M","E","?","M","T","R","E","R","M","E","R_BF","BOSS","R","$","E","BOSS"],"items_purchased_type":["Card","Card","Card","Card","Relic","Relic","Relic","Card","Card","Relic","Relic","Relic","Relic","Card","Card","Relic","Relic","Relic","Relic","Relic","Relic","Card","Card","Card"],"build_version":"2020-12-22","purchased_purges":0,"victory":true,"max_hp_per_floor":[38,38,38,38,38,38,38,38,38,38,38,38,38,41,41,44,44,47,50,53,56,59,59,69,72,72,72,75,78,81,84,87,90,90,93,96,91,94,97,100,103,106,106,106,109,109,112,115,115,115,115,115,118,121,121],"card_choices":[{"not_picked":["Hololive_FlyingPonyTail","Hololive_RevenueBasedLive","Hololive_CocoNews"],"picked":"Hololive_LuckPotion","floor":1},{"not_picked":["Hololive_CallInugamiKorone","Hololive_Psychosis","Hololive_CocoNews"],"picked":"Hololive_StrengthChampion","floor":2},{"not_picked":["Hololive_Trident","Hololive_Psychosis","Hololive_CallTokoyamiTowa"],"picked":"Hololive_Breathe","floor":4},{"not_picked":["Hololive_CallHoshimachiSuisei","Hololive_LuckPotion","Hololive_CallRoboco"],"picked":"Hololive_Psychosis","floor":6},{"not_picked":["Hololive_OvertimeWork","Hololive_Drill","Hololive_Trident"],"picked":"Hololive_BringToTrial","floor":8},{"not_picked":["Hololive_CallInugamiKorone","Hololive_CallNakiriAyame","Hololive_CallAmaneKanata"],"picked":"Hololive_BringToTrial","floor":10},{"not_picked":["Hololive_CallShiroganeNoel","Hololive_CallSpadeEcho","Hololive_CallShirakamiFubuki"],"picked":"Hololive_HuntDinosaur","floor":11},{"not_picked":["Hololive_Rebound","Hololive_Trident","Hololive_MaximGun"],"picked":"Hololive_LuckPotion","floor":12},{"not_picked":["Hololive_Sequa","Hololive_OvertimeWork","Hololive_CallYozoraMel"],"picked":"Hololive_Yoholoon","floor":14},{"not_picked":["Hololive_ScarfAndHalo","Hololive_DDD","Hololive_FlareMind"],"picked":"Hololive_DiamondStrike","floor":16},{"not_picked":["Hololive_CallNekomataOkayu","Hololive_RevenueBasedLive","Hololive_Psychosis+1"],"picked":"Hololive_Breathe","floor":18},{"not_picked":["Hololive_CallAkaiHaato","Hololive_CallShiroganeNoel+1","Hololive_CallAyundaRisu"],"picked":"Hololive_FlyingPonyTail","floor":20},{"not_picked":["Hololive_CallYogiri+1","Hololive_CallShiranuiFlare","Hololive_CallHimemoriLuna"],"picked":"Hololive_FlyingPonyTail","floor":21},{"not_picked":["Hololive_FlyingPonyTail+1","Hololive_CallOkamiMio","Hololive_Drill"],"picked":"Hololive_ManjiGathering","floor":22},{"not_picked":["Hololive_StarCraft","Hololive_FlyingPonyTail","Hololive_HuntDinosaur"],"picked":"Hololive_StrengthChampion","floor":25},{"not_picked":["Hololive_Rebirth","Hololive_CallYozoraMel+1","Hololive_CallYuzukiChoco"],"picked":"Hololive_FlyingPonyTail","floor":28},{"not_picked":["Hololive_CallYukihanaLamy","Hololive_Sequa","Hololive_Teleport"],"picked":"Hololive_Rebound","floor":28},{"not_picked":["Hololive_CallMomosuzuNene","Hololive_SummonFox+1","Hololive_ILoveYou"],"picked":"Hololive_LuckPotion+1","floor":28},{"not_picked":["Hololive_LuckPotion+1","Hololive_DurableLive","Hololive_Rebound"],"picked":"Hololive_DiamondStrike","floor":28},{"not_picked":["Hololive_Sequa","Hololive_Trident","Hololive_CallMoonaHoshinova+1"],"picked":"Hololive_CocoNews+1","floor":28},{"not_picked":["Hololive_HuntDinosaur","Hololive_Rebound","Hololive_CallFriendA"],"picked":"Hololive_Watashimo+1","floor":29},{"not_picked":["Hololive_ScarfAndHalo","Hololive_CallHimemoriLuna","Hololive_LuckPotion+1"],"picked":"Hololive_Psychosis","floor":30},{"not_picked":["Hololive_MaximGun","Hololive_FlareMind","Hololive_BeCareful"],"picked":"Hololive_HighAtkLowDef","floor":33},{"not_picked":["Hololive_CallHoshimachiSuisei+1","Hololive_HuntDinosaur+1","Hololive_CallMoonaHoshinova+1"],"picked":"Hololive_Breathe","floor":35},{"not_picked":["Hololive_CallOkamiMio+1","Hololive_Trident","Hololive_CallMurasakiShion+1"],"picked":"Hololive_Psychosis+1","floor":36},{"not_picked":["Hololive_CallOzoraSubaru+1","Hololive_ManjiGathering+1","Hololive_Drill+1"],"picked":"Hololive_ILoveYou+1","floor":38},{"not_picked":["Hololive_OpenUp","Hololive_CallHoshimachiSuisei+1","Hololive_Drill+1"],"picked":"Hololive_Sequa","floor":39},{"not_picked":["Hololive_CallAkaiHaato","Hololive_Trident","Hololive_SummonFox+1"],"picked":"Hololive_OvertimeWork+1","floor":40},{"not_picked":["Hololive_LuckPotion","Hololive_CallYogiri","Hololive_Teleport+1"],"picked":"Hololive_Psychosis+1","floor":42},{"not_picked":["Hololive_IdolExercise","Hololive_CallAmaneKanata","Hololive_RevenueBasedLive+1"],"picked":"Hololive_CocoNews","floor":45},{"not_picked":["Hololive_Rebound","Hololive_Drill+1","Hololive_CocoNews"],"picked":"Hololive_Psychosis+1","floor":47},{"not_picked":["Hololive_CallYogiri","Hololive_CallShiranuiFlare+1","Hololive_Psychosis+1"],"picked":"Hololive_StrengthChampion+1","floor":48},{"not_picked":["Hololive_OvertimeWork","Hololive_HuntDinosaur+1","Hololive_CallHimemoriLuna"],"picked":"Hololive_Breathe+1","floor":54}],"player_experience":102493,"relics_obtained":[{"floor":6,"key":"Gremlin Food"},{"floor":8,"key":"Gremlin Horn"},{"floor":11,"key":"Gambling Chip"},{"floor":13,"key":"Peace Pipe"},{"floor":14,"key":"Replay:Ringing Soul"},{"floor":25,"key":"Replay:Bottled Steam"},{"floor":26,"key":"Pantograph"},{"floor":40,"key":"Calipers"},{"floor":43,"key":"Toy Ornithopter"},{"floor":45,"key":"Ginger"},{"floor":48,"key":"Replay:Accelerometer"},{"floor":49,"key":"RuthlessExorcism:ReiMu"},{"floor":54,"key":"GodSword1"}],"event_choices":[{"damage_healed":0,"gold_gain":0,"player_choice":"Ignored","damage_taken":0,"max_hp_gain":0,"max_hp_loss":0,"event_name":"Liars Game","floor":5,"gold_loss":0},{"cards_removed":["Panache"],"damage_healed":0,"gold_gain":0,"player_choice":"Offered Rare","damage_taken":0,"max_hp_gain":10,"max_hp_loss":0,"event_name":"Bonfire Elementals","floor":24,"gold_loss":0},{"damage_healed":0,"gold_gain":0,"player_choice":"Max HP","damage_taken":0,"max_hp_gain":0,"max_hp_loss":5,"event_name":"Winding Halls","floor":37,"gold_loss":0},{"damage_healed":0,"gold_gain":0,"player_choice":"Copied","damage_taken":0,"max_hp_gain":0,"max_hp_loss":0,"event_name":"Duplicator","floor":41,"gold_loss":0,"cards_obtained":["Hololive_LuckPotion"]}],"is_beta":false,"boss_relics":[{"not_picked":["Philosopher\u0027s Stone","Velvet Choker"],"picked":"Coffee Dripper"},{"not_picked":["Replay:Grab Bag","EasyGame_NEW"],"picked":"Replay:Wanted Poster"}],"items_purged_floors":[],"is_endless":false,"potions_floor_spawned":[2,8,12,14,18,22,29,30,36,38,39],"ascension_level":1}}