{"host":"4kmvpqjeiacgn1pr","time":1613524929,"event":{"mods":["A Penny For Your Troubles","AchievementEnabler","AlwaysNeverKeys","Aspiration","BaseMod","Bestiary","Better Altar","Better Match","Better Note","Better Sensory Stone","Better Skull","Better Third Choice","Better Vampires","BetterRewards","Colored Map","Colored Powertips","Conspire","Curses Come First","Downfall","Halation","Highlight Path","Infinite Spire","Minty Spire (QoL Compilation)","Permanent Neow","Quick Restart","Rare Cards Sparkle","Relic Sorter","Relic Stats","Replay The Spire","Reworked Bosses","Shop Mod","Smile Girya","Spicy Shops","Spikes Relics","StSLib","Waifu the Spire"],"gold_per_floor":[360,360,370,370,25,58,58,91,145,171,186,30,30,43,43,140,140,152,251,262,262,592,592,592],"floor_reached":23,"language":"ENG","playtime":1351,"items_purged":["Injury","Clumsy"],"score":284,"play_id":"db2b03e1-c922-472c-b76c-924361e1091e","local_time":"20210216202209","is_ascension_mode":true,"campfire_choices":[{"data":"champ:Execute","floor":7.0,"key":"SMITH"},{"data":"Replay:Vibes","floor":13.0,"key":"SMITH"},{"data":"Omniscience","floor":15.0,"key":"SMITH"}],"circlet_count":0,"master_deck":["Strike_P","Strike_P","Strike_P+1","Defend_P+1","Defend_P","Defend_P","Defend_P","Eruption+1","Vigilance+1","champ:Execute+1","JustLucky","CrushJoints+1","CutThroughFate+1","FlurryOfBlows+1","JustLucky+1","SandsOfTime+1","Replay:Vibes+1","ReachHeaven+1","Omniscience+1","MentalFortress","ConjureBlade","AbeCurse","BowlingBash+1","FlyingSleeves+1"],"relics":["PureWater","Molten Egg 2","ReplayTheSpireMod:CursedCoin","SnailShell","Replay:Purple Gloves","infinitespire:Satchel","Damaru","Replay:PocketPolymizer","Pet Ghost","Toy Ornithopter","halation:Jellyphish","halation:Prosthetics","halation:Thesaurus","conspire:SlowCooker","aspiration:PoetsPen_weak"],"acts_visited":["Exordium","TheCity"],"potions_floor_usage":[23,23],"damage_taken":[{"damage":10.0,"enemies":"Small Slimes","floor":1.0,"turns":2.0},{"damage":12.0,"enemies":"Jaw Worm","floor":3.0,"turns":3.0},{"damage":16.0,"enemies":"3 Sentries","floor":6.0,"turns":5.0},{"damage":13.0,"enemies":"Gremlin Nob","floor":8.0,"turns":3.0},{"damage":16.0,"enemies":"Lagavulin","floor":10.0,"turns":4.0},{"damage":10.0,"enemies":"2 Louse","floor":11.0,"turns":1.0},{"damage":10.0,"enemies":"Red Slaver","floor":14.0,"turns":2.0},{"damage":51.0,"enemies":"Fading Forest","floor":16.0,"turns":11.0},{"damage":10.0,"enemies":"Chosen","floor":18.0,"turns":3.0},{"damage":20.0,"enemies":"3 Byrds","floor":20.0,"turns":5.0},{"damage":17,"enemies":"Gremlin Leader","floor":23,"turns":1}],"seed_played":"6358652298280032918","potions_obtained":[{"floor":6.0,"key":"Fire Potion"},{"floor":10.0,"key":"champ:CounterPotion"},{"floor":11.0,"key":"DistilledChaos"},{"floor":18.0,"key":"SpeedPotion"}],"is_trial":false,"path_per_floor":["M","?","M","?","$","E","R","E","T","E","M","$","R","M","R","B",null,"M","?","M","AVR","?","E"],"character_chosen":"WATCHER","items_purchased":["ReplayTheSpireMod:CursedCoin","SnailShell","Replay:Purple Gloves","infinitespire:Satchel","CutThroughFate+1","halation:Jellyphish"],"campfire_rested":0,"item_purchase_floors":[5,5,5,5,5,12],"current_hp_per_floor":[72,72,70,56,56,50,50,47,47,41,41,41,41,41,41,53,67,67,67,67,37,2,0,0],"gold":592,"neow_bonus":"TWO_FIFTY_GOLD","is_daily":false,"chose_seed":false,"campfire_upgraded":3,"win_rate":0.0,"timestamp":1613524929,"path_taken":["M","?","M","?","$","E","R","E","T","E","M","$","R","M","R","BOSS","M","?","M","AVR","?","E"],"items_purchased_type":["Relic","Relic","Relic","Relic","Card","Relic"],"build_version":"2020-12-22","purchased_purges":2,"victory":false,"max_hp_per_floor":[72,72,72,72,72,72,72,72,72,72,72,72,72,72,72,72,72,72,72,72,37,37,37,37],"relic_stats":{"counters":[11,40],"obtain_stats":[{"SnailShell":5,"Replay:PocketPolymizer":8,"Replay:Towering Pillar of Hats":20,"ReplayTheSpireMod:CursedCoin":5,"Replay:Purple Gloves":5,"Damaru":6,"conspire:SlowCooker":21,"aspiration:PoetsPen_weak":23,"halation:Thesaurus":21,"halation:Prosthetics":21,"Pet Ghost":9,"halation:LoveArrow":17,"infinitespire:ShieldingShard":16,"halation:Jellyphish":12,"infinitespire:Satchel":5,"Molten Egg 2":2,"halation:PromiseList":14,"PureWater":0,"Toy Ornithopter":10,"Abe\u0027s Treasure":18},{"SnailShell":2,"Replay:PocketPolymizer":4,"Replay:Towering Pillar of Hats":9,"ReplayTheSpireMod:CursedCoin":2,"Replay:Purple Gloves":2,"Damaru":3,"conspire:SlowCooker":10,"aspiration:PoetsPen_weak":10,"halation:Thesaurus":10,"halation:Prosthetics":10,"Pet Ghost":4,"halation:LoveArrow":8,"infinitespire:ShieldingShard":7,"halation:Jellyphish":6,"infinitespire:Satchel":2,"Molten Egg 2":1,"halation:PromiseList":6,"PureWater":0,"Toy Ornithopter":5,"Abe\u0027s Treasure":8},{"SnailShell":5,"Replay:PocketPolymizer":13,"Replay:Towering Pillar of Hats":34,"ReplayTheSpireMod:CursedCoin":5,"Replay:Purple Gloves":5,"Damaru":10,"conspire:SlowCooker":39,"aspiration:PoetsPen_weak":39,"halation:Thesaurus":39,"halation:Prosthetics":39,"Pet Ghost":13,"halation:LoveArrow":31,"infinitespire:ShieldingShard":20,"halation:Jellyphish":18,"infinitespire:Satchel":5,"Molten Egg 2":2,"halation:PromiseList":18,"PureWater":0,"Toy Ornithopter":17,"Abe\u0027s Treasure":31}],"Toy Ornithopter":25},"card_choices":[{"not_picked":["Replay:AtTheReady","Replay:Hum"],"picked":"JustLucky","floor":1.0},{"not_picked":["BattleHymn","WreathOfFlame"],"picked":"CrushJoints+1","floor":3.0},{"not_picked":["ClearTheMind","FlyingSleeves+1"],"picked":"FlurryOfBlows+1","floor":6.0},{"not_picked":["CarveReality+1","Evaluate"],"picked":"JustLucky+1","floor":8.0},{"not_picked":["SashWhip+1","EmptyMind"],"picked":"SandsOfTime+1","floor":10.0},{"not_picked":["EmptyFist+1","Halt"],"picked":"Replay:Vibes","floor":11.0},{"not_picked":["Perseverance","BowlingBash+1"],"picked":"Omniscience","floor":14.0},{"not_picked":["MasterReality","Omniscience"],"picked":"ConjureBlade","floor":16.0},{"not_picked":["FlyingSleeves+1","Halt"],"picked":"BowlingBash+1","floor":18.0},{"not_picked":["WreathOfFlame","Adaptation"],"picked":"FlyingSleeves+1","floor":20.0}],"player_experience":485717,"relics_obtained":[{"floor":6.0,"key":"Damaru"},{"floor":8.0,"key":"Replay:PocketPolymizer"},{"floor":9.0,"key":"Pet Ghost"},{"floor":10.0,"key":"Toy Ornithopter"}],"event_choices":[{"damage_healed":70.0,"max_hp_gain":0.0,"max_hp_loss":72.0,"gold_gain":0.0,"event_name":"betterThird:BetterShining","player_choice":"Upgrade","floor":4.0,"gold_loss":0.0,"damage_taken":14.0,"cards_upgraded":["Strike_P","Vigilance"]},{"damage_healed":0.0,"max_hp_gain":0.0,"max_hp_loss":0.0,"gold_gain":99.0,"event_name":"betterThird:BetterNest","player_choice":"Steal","floor":19.0,"gold_loss":0.0,"damage_taken":0.0},{"damage_healed":0.0,"max_hp_gain":0.0,"max_hp_loss":0.0,"gold_gain":330.0,"event_name":"betterSkull:BetterSkull","player_choice":"GO GO GO UP UP ","floor":22.0,"gold_loss":0.0,"damage_taken":42.0,"cards_upgraded":["Eruption","Defend_P"],"relics_obtained":[]}],"is_beta":false,"boss_relics":[{"not_picked":["CosmicIsotope","conspire:RoyalGoblet"],"picked":"halation:LoveArrow"}],"items_purged_floors":[5,21],"is_endless":false,"potions_floor_spawned":[6,10,11,14,18],"killed_by":"Gremlin Leader","ascension_level":5}}