{"host":"g2yp6paluzgljz05","time":1613528656,"event":{"mods":["BaseMod","Bestiary","Colored Powertips","DeckTracker","Highlight Path","Minty Spire (QoL Compilation)","Quick Restart"],"gold_per_floor":[119,21,21,21,21,21,52,64,76,98,110,133,177,207,219,336,348,376,388,200,200,216,216,247,260,283,283,283],"floor_reached":27,"language":"ENG","playtime":3408,"items_purged":["Strike_R","Strike_R"],"score":409,"play_id":"cd1da65c-c7eb-4ba9-b580-7c3383d0aa55","local_time":"20210217132416","is_ascension_mode":true,"campfire_choices":[{"data":"Body Slam","floor":6,"key":"SMITH"},{"data":"Defend_R","floor":8,"key":"SMITH"},{"data":"Battle Trance","floor":15,"key":"SMITH"},{"data":"True Grit","floor":23,"key":"SMITH"}],"circlet_count":0,"master_deck":["AscendersBane","Strike_R+1","Defend_R+1","Defend_R","Defend_R","Defend_R","Bash","Body Slam+1","Shrug It Off+1","Battle Trance+1","Blood for Blood","Shrug It Off","Berserk+1","Body Slam","True Grit+1"],"relics":["Burning Blood","NeowsBlessing","MawBank","White Beast Statue","Frozen Egg 2","Sozu","Pantograph","Toy Ornithopter","Bag of Marbles"],"acts_visited":["Exordium","TheCity"],"potions_floor_usage":[22,24],"damage_taken":[{"damage":0,"enemies":"Jaw Worm","floor":1,"turns":1},{"damage":0,"enemies":"Lagavulin","floor":7,"turns":1},{"damage":0,"enemies":"Small Slimes","floor":10,"turns":1},{"damage":1,"enemies":"Cultist","floor":12,"turns":3},{"damage":34,"enemies":"3 Sentries","floor":13,"turns":9},{"damage":0,"enemies":"Exordium Thugs","floor":14,"turns":4},{"damage":22,"enemies":"The Guardian","floor":16,"turns":12},{"damage":0,"enemies":"Chosen","floor":18,"turns":3},{"damage":0,"enemies":"3 Byrds","floor":22,"turns":9},{"damage":30,"enemies":"Book of Stabbing","floor":24,"turns":5},{"damage":18,"enemies":"Snake Plant","floor":25,"turns":4},{"damage":49,"enemies":"Slavers","floor":27,"turns":4}],"seed_played":"3893578582347876411","potions_obtained":[{"floor":1,"key":"FearPotion"},{"floor":10,"key":"Dexterity Potion"},{"floor":13,"key":"Block Potion"},{"floor":16,"key":"Block Potion"}],"is_trial":false,"path_per_floor":["M","$","?","$","?","R","E","R","T","M","?","M","E","M","R","B",null,"M","?","$","T","M","R","E","M","T","E"],"character_chosen":"IRONCLAD","items_purchased":["Shrug It Off","Body Slam","True Grit"],"campfire_rested":0,"item_purchase_floors":[2,20,20],"current_hp_per_floor":[78,78,71,71,55,55,61,61,61,67,67,72,44,50,50,34,69,75,75,75,75,80,80,56,44,44,0,0],"gold":283,"neow_bonus":"THREE_ENEMY_KILL","is_daily":false,"chose_seed":false,"campfire_upgraded":4,"win_rate":0.0,"timestamp":1613528656,"path_taken":["M","$","?","$","?","R","E","R","T","M","?","?","E","M","R","BOSS","M","?","$","?","M","R","E","M","T","E"],"items_purchased_type":["Card","Card","Card"],"build_version":"2020-12-22","purchased_purges":2,"victory":false,"max_hp_per_floor":[80,80,80,80,80,80,80,80,80,80,80,80,80,80,80,80,80,80,80,80,80,80,80,80,80,80,80,80],"card_choices":[{"not_picked":["Sword Boomerang","Rupture"],"picked":"Body Slam","floor":1},{"not_picked":["Perfected Strike","Sword Boomerang","Havoc"],"picked":"SKIP","floor":7},{"not_picked":["Perfected Strike","Heavy Blade"],"picked":"Battle Trance","floor":10},{"not_picked":["Twin Strike","Wild Strike","Infernal Blade"],"picked":"SKIP","floor":12},{"not_picked":["Blood for Blood","Hemokinesis"],"picked":"Shrug It Off","floor":13},{"not_picked":["Pommel Strike","Exhume","Warcry"],"picked":"SKIP","floor":14},{"not_picked":["Reaper","Fiend Fire"],"picked":"Berserk+1","floor":16},{"not_picked":["Dark Embrace+1","Anger","Carnage"],"picked":"SKIP","floor":18},{"not_picked":["Pommel Strike","Body Slam","Warcry"],"picked":"SKIP","floor":22},{"not_picked":["Whirlwind+1","Inflame+1","Burning Pact"],"picked":"SKIP","floor":24},{"not_picked":["Body Slam","Pommel Strike+1","Thunderclap"],"picked":"SKIP","floor":25}],"player_experience":378824,"relics_obtained":[{"floor":7,"key":"MawBank"},{"floor":9,"key":"White Beast Statue"},{"floor":13,"key":"Frozen Egg 2"},{"floor":21,"key":"Pantograph"},{"floor":24,"key":"Toy Ornithopter"},{"floor":26,"key":"Bag of Marbles"}],"event_choices":[{"cards_removed":["Strike_R"],"damage_healed":0,"gold_gain":0,"player_choice":"Card Removal","damage_taken":7,"max_hp_gain":0,"max_hp_loss":0,"event_name":"Golden Wing","floor":3,"gold_loss":0},{"damage_healed":0,"gold_gain":0,"player_choice":"Entered Light","damage_taken":16,"max_hp_gain":0,"max_hp_loss":0,"event_name":"Shining Light","floor":5,"gold_loss":0,"cards_upgraded":["Strike_R","Shrug It Off"]},{"damage_healed":0,"gold_gain":0,"cards_transformed":["Strike_R"],"player_choice":"Transformed","damage_taken":0,"max_hp_gain":0,"max_hp_loss":0,"event_name":"Transmorgrifier","floor":11,"gold_loss":0,"cards_obtained":["Blood for Blood"]},{"damage_healed":0,"gold_gain":0,"player_choice":"Bought 0 Potions","damage_taken":0,"max_hp_gain":0,"max_hp_loss":0,"event_name":"The Woman in Blue","floor":19,"gold_loss":0}],"is_beta":false,"boss_relics":[{"not_picked":["Cursed Key","SacredBark"],"picked":"Sozu"}],"items_purged_floors":[2,20],"is_endless":false,"potions_floor_spawned":[1,10,12,13,14,16,18,22,24,25],"killed_by":"Slavers","ascension_level":11}}