{"host":"tzwikg9s6mkzv6w0","time":1613536244,"event":{"mods":["BaseMod","Good Game Mod","Minty Spire (QoL Compilation)","Spicy Shops","StSLib"],"gold_per_floor":[111,111,128,128,153,153,189,189,189,189,233,233,246,171,171,300,300,315,315,1,21,46,90,114,114,168,25,25,41,86,113,113,232,232,255,276,300,309,333,371,392,431,440,440,464,502,502,523,523,523,523,523,75,116,116],"floor_reached":56,"language":"ZHS","playtime":2430,"items_purged":["Strike_G","Decay"],"score":2034,"play_id":"0b31a076-af84-4ab6-81c5-fbfe28775b99","local_time":"20210217123044","is_ascension_mode":true,"campfire_choices":[{"data":"Acrobatics","floor":6.0,"key":"SMITH"},{"floor":8.0,"key":"REST"},{"data":"Tactician","floor":12.0,"key":"SMITH"},{"data":"Blade Dance","floor":15.0,"key":"SMITH"},{"data":"Apotheosis","floor":25.0,"key":"SMITH"},{"floor":28.0,"key":"RECALL"},{"data":"Prepared","floor":32.0,"key":"SMITH"},{"floor":44.0,"key":"REST"},{"data":"Acrobatics","floor":47.0,"key":"SMITH"},{"data":"Accuracy","floor":49.0,"key":"SMITH"},{"floor":52.0,"key":"REST"}],"circlet_count":0,"master_deck":["AscendersBane","Survivor","Neutralize+1","Sadistic Nature","Acrobatics+1","Reflex","Underhanded Strike","Malaise","Tactician+1","Blade Dance+1","Acrobatics+1","Phantasmal Killer","PiercingWail","Malaise","Calculated Gamble","Dash+1","Venomology","Night Terror","Accuracy+1","Apotheosis+1","Concentrate","Grand Finale+1","Blur","Prepared+1","Terror","Flying Knee+1","Adrenaline"],"relics":["Ring of the Snake","REME:ComplimentaryCards","NeowsBlessing","Golden Idol","Kunai","Prayer Wheel","Matryoshka","Pandora\u0027s Box","Medical Kit","CeramicFish","Molten Egg 2","Oddly Smooth Stone","Cursed Key","Frozen Egg 2","Akabeko","Sundial","Whetstone","Letter Opener","Membership Card","Ninja Scroll","Sling","Snake Skull"],"acts_visited":["Exordium","TheCity","TheBeyond","TheEnding"],"potions_floor_usage":[55,55,55,55],"damage_taken":[{"damage":0.0,"enemies":"Small Slimes","floor":1.0,"turns":1.0},{"damage":0.0,"enemies":"2 Louse","floor":3.0,"turns":1.0},{"damage":0.0,"enemies":"Jaw Worm","floor":5.0,"turns":1.0},{"damage":55.0,"enemies":"Gremlin Nob","floor":7.0,"turns":6.0},{"damage":30.0,"enemies":"3 Sentries","floor":11.0,"turns":13.0},{"damage":6.0,"enemies":"Exordium Wildlife","floor":13.0,"turns":4.0},{"damage":2.0,"enemies":"Slime Boss","floor":16.0,"turns":8.0},{"damage":7.0,"enemies":"2 Thieves","floor":18.0,"turns":2.0},{"damage":0.0,"enemies":"Spheric Guardian","floor":21.0,"turns":3.0},{"damage":2.0,"enemies":"Snake Plant","floor":22.0,"turns":4.0},{"damage":0.0,"enemies":"Slavers","floor":23.0,"turns":3.0},{"damage":19.0,"enemies":"Snecko","floor":24.0,"turns":4.0},{"damage":0.0,"enemies":"3 Cultists","floor":29.0,"turns":3.0},{"damage":0.0,"enemies":"Book of Stabbing","floor":30.0,"turns":4.0},{"damage":0.0,"enemies":"Sentry and Sphere","floor":31.0,"turns":2.0},{"damage":14.0,"enemies":"Collector","floor":33.0,"turns":4.0},{"damage":12.0,"enemies":"3 Shapes","floor":35.0,"turns":4.0},{"damage":4.0,"enemies":"Orb Walker","floor":36.0,"turns":2.0},{"damage":0.0,"enemies":"3 Darklings","floor":37.0,"turns":1.0},{"damage":12.0,"enemies":"Spire Growth","floor":39.0,"turns":3.0},{"damage":0.0,"enemies":"Giant Head","floor":40.0,"turns":4.0},{"damage":0.0,"enemies":"Jaw Worm Horde","floor":41.0,"turns":3.0},{"damage":0.0,"enemies":"Nemesis","floor":42.0,"turns":1.0},{"damage":0.0,"enemies":"Transient","floor":45.0,"turns":5.0},{"damage":0.0,"enemies":"Reptomancer","floor":46.0,"turns":3.0},{"damage":7.0,"enemies":"Writhing Mass","floor":48.0,"turns":5.0},{"damage":18.0,"enemies":"Donu and Deca","floor":50.0,"turns":3.0},{"damage":16.0,"enemies":"Shield and Spear","floor":54.0,"turns":4.0},{"damage":23,"enemies":"The Heart","floor":55,"turns":7}],"seed_played":"-2248352869514646522","potions_obtained":[{"floor":5.0,"key":"FairyPotion"},{"floor":7.0,"key":"ColorlessPotion"},{"floor":11.0,"key":"Energy Potion"},{"floor":16.0,"key":"Block Potion"},{"floor":18.0,"key":"Energy Potion"},{"floor":23.0,"key":"SkillPotion"},{"floor":29.0,"key":"GamblersBrew"},{"floor":39.0,"key":"AttackPotion"},{"floor":40.0,"key":"ColorlessPotion"},{"floor":42.0,"key":"SteroidPotion"},{"floor":46.0,"key":"BlessingOfTheForge"},{"floor":48.0,"key":"AttackPotion"}],"is_trial":false,"path_per_floor":["M","?","M","?","M","R","E","R","T","?","E","R","M","$","R","B",null,"M","?","$","M","M","E","M","R","T","$","R","M","E","M","R","B",null,"M","M","M","?","M","E","M","E","T","R","M","E","R","M","R","B",null,"R","$","E","B",null],"character_chosen":"THE_SILENT","items_purchased":["Medical Kit","Apotheosis","Grand Finale+1","Membership Card","Ninja Scroll","Adrenaline","Dexterity Potion","Sling"],"campfire_rested":3,"item_purchase_floors":[20,20,27,53,53,53,53,53],"current_hp_per_floor":[63,63,63,63,63,63,8,27,27,27,19,19,13,13,13,11,52,45,65,65,65,63,63,44,44,44,44,44,44,44,44,44,30,56,44,40,40,40,28,28,28,28,28,47,47,47,47,40,40,22,54,65,65,49,26],"gold":116,"neow_bonus":"THREE_ENEMY_KILL","is_daily":false,"chose_seed":false,"campfire_upgraded":7,"win_rate":0.0,"timestamp":1613536244,"path_taken":["M","?","M","?","?","R","E","R","T","?","E","R","M","$","R","BOSS","M","?","$","M","M","E","M","R","T","$","R","?","E","M","R","BOSS","M","M","M","?","M","E","M","E","T","R","?","E","R","M","R","BOSS","R","$","E","BOSS"],"items_purchased_type":["Relic","Card","Card","Relic","Relic","Card","Potion","Relic"],"build_version":"2020-12-22","purchased_purges":2,"victory":true,"max_hp_per_floor":[70,70,70,65,65,65,65,65,65,65,65,65,65,65,65,65,65,65,65,65,65,65,65,65,65,65,65,65,65,65,65,65,65,65,65,65,65,65,65,65,65,65,65,65,65,65,65,65,65,65,65,65,65,65,65],"card_choices":[{"not_picked":["Dagger Throw","Endless Agony"],"picked":"Acrobatics","floor":1.0},{"not_picked":["Footwork","Acrobatics"],"picked":"Reflex","floor":3.0},{"not_picked":["Dagger Throw","Backflip"],"picked":"Underhanded Strike","floor":5.0},{"not_picked":["Riddle With Holes","Dash"],"picked":"Malaise","floor":7.0},{"not_picked":["Concentrate","Bouncing Flask"],"picked":"Tactician","floor":11.0},{"not_picked":["Slice","Predator"],"picked":"Blade Dance","floor":13.0},{"not_picked":["Dagger Throw","Caltrops"],"picked":"Acrobatics","floor":13.0},{"not_picked":["Unload","Corpse Explosion"],"picked":"Phantasmal Killer","floor":16.0},{"not_picked":["Setup","Masterful Stab+1"],"picked":"Accuracy","floor":18.0},{"not_picked":["Cloak And Dagger","Dash","Blade Dance"],"picked":"SKIP","floor":18.0},{"not_picked":["PiercingWail","Crippling Poison"],"picked":"Concentrate","floor":21.0},{"not_picked":["Acrobatics","Leg Sweep","Caltrops"],"picked":"SKIP","floor":21.0},{"not_picked":["Riddle With Holes","Poisoned Stab","Quick Slash"],"picked":"SKIP","floor":22.0},{"not_picked":["Heel Hook","Dodge and Roll","Tactician+1"],"picked":"SKIP","floor":22.0},{"not_picked":["Quick Slash","Cloak And Dagger","Caltrops"],"picked":"SKIP","floor":23.0},{"not_picked":["Flying Knee","PiercingWail","Outmaneuver"],"picked":"SKIP","floor":24.0},{"not_picked":["Acrobatics","Distraction","Catalyst+1"],"picked":"SKIP","floor":24.0},{"not_picked":["Calculated Gamble","Quick Slash+1","Poisoned Stab+1"],"picked":"SKIP","floor":29.0},{"not_picked":["Dodge and Roll","Cloak And Dagger","Slice+1"],"picked":"SKIP","floor":29.0},{"not_picked":["Leg Sweep","Accuracy"],"picked":"Blur","floor":30.0},{"not_picked":["Catalyst","Outmaneuver+1"],"picked":"Prepared","floor":31.0},{"not_picked":["Venomology","Underhanded Strike+1","Dodge and Roll"],"picked":"SKIP","floor":31.0},{"not_picked":["Deadly Poison","Tactician","Backflip"],"picked":"SKIP","floor":35.0},{"not_picked":["Prepared","Poisoned Stab+1","Dagger Throw+1"],"picked":"SKIP","floor":35.0},{"not_picked":["Noxious Fumes","Dodge and Roll","Dagger Throw+1"],"picked":"SKIP","floor":36.0},{"not_picked":["Slice+1","Reflex","Flying Knee+1"],"picked":"SKIP","floor":36.0},{"not_picked":["Backstab+1","Dagger Throw+1"],"picked":"Terror","floor":37.0},{"not_picked":["Deflect+1","Backflip","Sucker Punch+1"],"picked":"SKIP","floor":37.0},{"not_picked":["Finisher+1","Flying Knee+1","Underhanded Strike+1"],"picked":"SKIP","floor":39.0},{"not_picked":["Sucker Punch+1","Slice+1","Tactician"],"picked":"SKIP","floor":39.0},{"not_picked":["Wraith Form v2+1","Endless Agony+1","Deflect+1"],"picked":"SKIP","floor":40.0},{"not_picked":["Deflect+1","Dagger Spray+1","Riddle With Holes+1"],"picked":"SKIP","floor":41.0},{"not_picked":["Infinite Blades+1","Bane+1","Backflip"],"picked":"SKIP","floor":41.0},{"not_picked":["Leg Sweep","Skewer+1","Dodge and Roll"],"picked":"SKIP","floor":42.0},{"not_picked":["Slice+1","Skewer+1","Acrobatics"],"picked":"SKIP","floor":45.0},{"not_picked":["Bane+1","Well Laid Plans+1","Crippling Poison"],"picked":"SKIP","floor":45.0},{"not_picked":["All Out Attack+1","Noxious Fumes+1","Dagger Throw+1"],"picked":"SKIP","floor":46.0},{"not_picked":["Heel Hook+1","Acrobatics+1","Poisoned Stab+1"],"picked":"SKIP","floor":48.0},{"not_picked":["Predator+1","Deflect","Accuracy+1"],"picked":"SKIP","floor":48.0},{"not_picked":["Heel Hook+1","Acrobatics+1","Poisoned Stab+1"],"picked":"SKIP","floor":48.0},{"not_picked":["Predator+1","Deflect","Accuracy+1"],"picked":"SKIP","floor":48.0},{"not_picked":["Sucker Punch+1","Dodge and Roll+1","Night Terror"],"picked":"SKIP","floor":54.0}],"player_experience":111671,"relics_obtained":[{"floor":7.0,"key":"Kunai"},{"floor":9.0,"key":"Prayer Wheel"},{"floor":11.0,"key":"Matryoshka"},{"floor":23.0,"key":"CeramicFish"},{"floor":26.0,"key":"Molten Egg 2"},{"floor":30.0,"key":"Oddly Smooth Stone"},{"floor":40.0,"key":"Frozen Egg 2"},{"floor":42.0,"key":"Akabeko"},{"floor":43.0,"key":"Sundial"},{"floor":43.0,"key":"Whetstone"},{"floor":46.0,"key":"Letter Opener"},{"floor":54.0,"key":"Snake Skull"}],"event_choices":[{"damage_healed":0.0,"max_hp_gain":0.0,"max_hp_loss":0.0,"gold_gain":0.0,"event_name":"Shining Light","player_choice":"Ignored","floor":2.0,"gold_loss":0.0,"damage_taken":0.0},{"damage_healed":0.0,"max_hp_gain":0.0,"max_hp_loss":5.0,"gold_gain":0.0,"event_name":"Golden Idol","player_choice":"Lose Max HP","floor":4.0,"gold_loss":0.0,"damage_taken":0.0,"relics_obtained":["Golden Idol"]},{"cards_removed":["Strike_G"],"damage_healed":0.0,"max_hp_gain":0.0,"max_hp_loss":0.0,"gold_gain":0.0,"event_name":"Living Wall","player_choice":"Forget","floor":10.0,"gold_loss":0.0,"damage_taken":0.0},{"cards_removed":["All Out Attack"],"damage_healed":20.0,"max_hp_gain":0.0,"max_hp_loss":0.0,"gold_gain":0.0,"event_name":"Bonfire Elementals","player_choice":"Offered Uncommon","floor":19.0,"gold_loss":0.0,"damage_taken":0.0},{"damage_healed":0.0,"max_hp_gain":0.0,"max_hp_loss":0.0,"gold_gain":0.0,"cards_transformed":["Dagger Spray"],"event_name":"Transmorgrifier","player_choice":"Transformed","floor":38.0,"gold_loss":0.0,"damage_taken":0.0,"cards_obtained":["Flying Knee"]}],"is_beta":false,"boss_relics":[{"not_picked":["Velvet Choker","Tiny House"],"picked":"Pandora\u0027s Box"},{"not_picked":["Astrolabe","Coffee Dripper"],"picked":"Cursed Key"}],"items_purged_floors":[14,53],"is_endless":false,"potions_floor_spawned":[5,7,11,16,18,23,24,29,39,40,42,45,46,48],"ascension_level":10}}