{"host":"vxpz5y1vf9l3es5y","time":1613582097,"event":{"mods":["BaseMod","Colored Map","Duelist Mod","Hubris","Minty Spire (QoL Compilation)","Replay The Spire","StSLib","The Necromancer"],"gold_per_floor":[118,218,238,238,238,238,271,289,367,367,367,242,242,242,242,258,258,361,361,361,361],"floor_reached":20,"language":"ENG","playtime":1042,"items_purged":["Amnesia"],"score":193,"play_id":"2286d1cf-ed5b-4985-9b5a-15af7f74b03c","local_time":"20210217121457","is_ascension_mode":false,"campfire_choices":[{"data":"Blood_Whip","floor":6,"key":"SMITH"},{"data":"Bone_Spikes","floor":10,"key":"SMITH"},{"data":"Bone_Shift","floor":13,"key":"SMITH"}],"circlet_count":0,"master_deck":["Strike_W","Strike_W","Strike_W","Strike_W","Defend_W","Defend_W","Defend_W","Defend_W","Negative_Energy_Arrows","Bone_Wall","Blood_Whip+1","Blood_Is_Power+1","Death_March_Dance","Bone_Spikes+1","Bone_Shift+1","Bone_Bullets","Blood_Wake"],"relics":["Vampire_Amulet","NeowsBlessing","Boot","Replay:Ringing Soul","Ring of Peace","Black Star"],"acts_visited":["Exordium","TheCity"],"potions_floor_usage":[18,18,18],"damage_taken":[{"damage":0,"enemies":"Small Slimes","floor":1,"turns":1},{"damage":0,"enemies":"Cultist","floor":3,"turns":1},{"damage":2,"enemies":"3 Sentries","floor":7,"turns":2},{"damage":4,"enemies":"2 Louse","floor":8,"turns":2},{"damage":0,"enemies":"Blue Slaver","floor":16,"turns":4},{"damage":63,"enemies":"Hexaghost","floor":18,"turns":9},{"damage":0,"enemies":"Shell Parasite","floor":20,"turns":1}],"seed_played":"-563109396135852702","potions_obtained":[{"floor":8,"key":"Regen Potion"},{"floor":16,"key":"Fire Potion"},{"floor":17,"key":"AttackPotion"},{"floor":18,"key":"Strength Potion"}],"is_trial":false,"path_per_floor":["M","?","M","?","?","R","E","M","T","R","?","$","R","PTL","PTL","M","R_BF","B",null,"M"],"character_chosen":"NECROMANCER","items_purchased":["Bone_Shift"],"campfire_rested":0,"item_purchase_floors":[12],"current_hp_per_floor":[75,75,75,75,75,75,75,75,75,75,78,81,81,81,81,84,84,36,87,87,87],"gold":361,"neow_bonus":"THREE_ENEMY_KILL","is_daily":false,"chose_seed":false,"campfire_upgraded":3,"win_rate":0.0,"timestamp":1613582097,"path_taken":["M","?","?","?","?","R","E","?","T","R","?","$","R","PTL","PTL","M","R_BF","BOSS","M"],"items_purchased_type":["Card"],"build_version":"2020-12-22","purchased_purges":1,"victory":false,"max_hp_per_floor":[75,75,75,75,75,75,75,75,75,75,78,81,81,81,81,84,84,87,87,87,87],"card_choices":[{"not_picked":["Chill_Blood","Bone_Armor"],"picked":"Blood_Whip","floor":1},{"not_picked":["Negative_Energy_Sphere","Thousand_Bone_Knives"],"picked":"Blood_Is_Power","floor":3},{"not_picked":["Death_Coil","Blood_Is_Power"],"picked":"Death_March_Dance","floor":7},{"not_picked":["Toxic_Smoke_Screen","Negative_Energy_Javelin"],"picked":"Bone_Spikes","floor":8},{"not_picked":["Chill_Blood","Blood_Whip"],"picked":"Bone_Bullets","floor":16},{"not_picked":["Cloudkill","Grasp_Heart"],"picked":"Blood_Wake","floor":18}],"player_experience":155653,"relics_obtained":[{"floor":7,"key":"Boot"},{"floor":9,"key":"Replay:Ringing Soul"},{"floor":11,"key":"Ring of Peace"}],"event_choices":[{"damage_healed":0,"gold_gain":100,"player_choice":"Pray","damage_taken":0,"max_hp_gain":0,"max_hp_loss":0,"event_name":"Golden Shrine","floor":2,"gold_loss":0},{"damage_healed":0,"gold_gain":0,"player_choice":"Leave","damage_taken":0,"max_hp_gain":0,"max_hp_loss":0,"event_name":"The Cleric","floor":4,"gold_loss":0},{"damage_healed":0,"gold_gain":0,"player_choice":"Upgraded","damage_taken":0,"max_hp_gain":0,"max_hp_loss":0,"event_name":"Upgrade Shrine","floor":5,"gold_loss":0,"cards_upgraded":["Blood_Is_Power"]}],"is_beta":false,"boss_relics":[{"not_picked":["hubris:Stopwatch","SlaversCollar"],"picked":"Black Star"}],"items_purged_floors":[12],"is_endless":false,"potions_floor_spawned":[8,16,18],"killed_by":"Shell Parasite","ascension_level":0}}