{"host":"6pic12dj9p7186mz","time":1613553163,"event":{"mods":["BaseMod","Minty Spire (QoL Compilation)","Permanent Neow","Relic Stats","StSLib"],"gold_per_floor":[118,134,134,150,164,189,189,214,214,214,245,258,272,298,298,400,400,419,124,142,57,77,77,111,111,111,144,244,244,272,45,45,142,142,162,177,177,227,242,277,277,302,326,356,373,9,21,21,21,21],"floor_reached":51,"language":"ENG","playtime":2856,"items_purged":["Defend_R","Defend_R","Defend_R"],"score":1190,"play_id":"b35a6044-d087-493d-b223-ae97fd25707c","local_time":"20210217031243","is_ascension_mode":true,"campfire_choices":[{"data":"Pommel Strike","floor":7,"key":"SMITH"},{"data":"Inflame","floor":15,"key":"SMITH"},{"data":"Immolate","floor":23,"key":"SMITH"},{"floor":25,"key":"DIG"},{"floor":29,"key":"DIG"},{"floor":32,"key":"DIG"},{"data":"Juggernaut","floor":41,"key":"SMITH"},{"data":"Feel No Pain","floor":49,"key":"SMITH"}],"circlet_count":0,"master_deck":["Strike_R","Strike_R","Strike_R","Strike_R","Defend_R","Bash+1","Perfected Strike","Pommel Strike+1","Metallicize","Clothesline+1","Armaments+1","Shrug It Off+1","Inflame+1","Battle Trance+1","Shrug It Off+1","Immolate+1","Flame Barrier+1","Impervious+1","Twin Strike+1","Power Through+1","Warcry+1","Flex+1","Shockwave+1","Flex+1","Juggernaut+1","Shrug It Off+1","Headbutt+1","Shrug It Off+1","Infernal Blade+1","Corruption","Feel No Pain+1","Burning Pact+1","Finesse+1","Shrug It Off+1"],"relics":["Burning Blood","Pear","Lantern","Toxic Egg 2","Shuriken","Lizard Tail","Gremlin Horn","Snecko Eye","Medical Kit","Mercury Hourglass","Shovel","Anchor","Ancient Tea Set","Potion Belt","FossilizedHelix","Molten Egg 2","Red Skull","PreservedInsect","Juzu Bracelet","Coffee Dripper","Ice Cream","Peace Pipe","Omamori","Vajra","Happy Flower"],"acts_visited":["Exordium","TheCity","TheBeyond"],"potions_floor_usage":[5,18,27,28,50,50,50,50,50],"damage_taken":[{"damage":6,"enemies":"Cultist","floor":1,"turns":3},{"damage":10,"enemies":"Small Slimes","floor":2,"turns":3},{"damage":3,"enemies":"2 Louse","floor":4,"turns":3},{"damage":26,"enemies":"Exordium Wildlife","floor":5,"turns":4},{"damage":36,"enemies":"Lagavulin","floor":6,"turns":6},{"damage":12,"enemies":"Gremlin Nob","floor":8,"turns":3},{"damage":21,"enemies":"3 Sentries","floor":11,"turns":9},{"damage":0,"enemies":"Looter","floor":12,"turns":3},{"damage":0,"enemies":"2 Fungi Beasts","floor":13,"turns":2},{"damage":6,"enemies":"Gremlin Nob","floor":14,"turns":3},{"damage":2,"enemies":"The Guardian","floor":16,"turns":12},{"damage":1,"enemies":"2 Thieves","floor":18,"turns":3},{"damage":0,"enemies":"Chosen","floor":20,"turns":3},{"damage":8,"enemies":"Snake Plant","floor":22,"turns":2},{"damage":0,"enemies":"Gremlin Leader","floor":24,"turns":3},{"damage":13,"enemies":"Book of Stabbing","floor":27,"turns":4},{"damage":0,"enemies":"Colosseum Slavers","floor":28,"turns":2},{"damage":0,"enemies":"Colosseum Nobs","floor":28,"turns":3},{"damage":0,"enemies":"Slavers","floor":30,"turns":3},{"damage":40,"enemies":"Automaton","floor":33,"turns":8},{"damage":0,"enemies":"3 Shapes","floor":35,"turns":3},{"damage":0,"enemies":"Orb Walker","floor":36,"turns":2},{"damage":0,"enemies":"Mind Bloom Boss Battle","floor":38,"turns":6},{"damage":3,"enemies":"Spire Growth","floor":39,"turns":5},{"damage":0,"enemies":"Giant Head","floor":40,"turns":7},{"damage":0,"enemies":"Nemesis","floor":42,"turns":3},{"damage":0,"enemies":"Giant Head","floor":44,"turns":6},{"damage":0,"enemies":"Maw","floor":45,"turns":4},{"damage":0,"enemies":"Transient","floor":47,"turns":5},{"damage":0,"enemies":"Donu and Deca","floor":50,"turns":2}],"seed_played":"5816874789573064919","potions_obtained":[{"floor":2,"key":"SpeedPotion"},{"floor":4,"key":"GamblersBrew"},{"floor":11,"key":"AttackPotion"},{"floor":12,"key":"BlessingOfTheForge"},{"floor":14,"key":"LiquidBronze"},{"floor":18,"key":"GamblersBrew"},{"floor":27,"key":"CultistPotion"},{"floor":28,"key":"SpeedPotion"},{"floor":35,"key":"SpeedPotion"},{"floor":40,"key":"ColorlessPotion"},{"floor":42,"key":"Swift Potion"},{"floor":45,"key":"Strength Potion"}],"is_trial":false,"path_per_floor":["M","M","T","M","M","E","R","E","T","?","E","M","M","E","R","B",null,"M","$","M","?","M","R","E","R","T","E","?","R","E","$","R","B",null,"M","M","?","?","M","E","R","E","T","E","M","$","M","?","R","B",null],"character_chosen":"IRONCLAD","items_purchased":["Impervious+1","Medical Kit","Shockwave+1","Flex+1","Finesse+1","Shrug It Off+1","CultistPotion"],"campfire_rested":0,"item_purchase_floors":[19,19,31,31,46,46,46],"current_hp_per_floor":[80,76,86,89,69,39,39,33,33,33,18,24,30,30,30,34,90,90,90,90,90,88,88,90,90,90,83,90,90,90,90,90,56,90,90,90,90,90,90,90,90,90,90,90,90,90,90,85,85,85],"gold":21,"neow_bonus":"UPGRADE_CARD","is_daily":false,"chose_seed":false,"campfire_upgraded":5,"win_rate":0.0,"timestamp":1613553163,"path_taken":["M","M","?","M","M","E","R","E","T","?","E","M","?","E","R","BOSS","M","$","M","?","M","R","E","R","T","E","?","R","E","?","R","BOSS","M","M","?","?","M","E","R","E","T","E","M","$","M","?","R","BOSS"],"items_purchased_type":["Card","Relic","Card","Card","Card","Card","Potion"],"build_version":"2020-12-22","purchased_purges":3,"victory":true,"max_hp_per_floor":[80,80,90,90,90,90,90,90,90,90,90,90,90,90,90,90,90,90,90,90,90,90,90,90,90,90,90,90,90,90,90,90,90,90,90,90,90,90,90,90,90,90,90,90,90,90,90,85,85,85],"relic_stats":{"Gremlin Horn":[9,10],"Happy Flower":[3],"counters":[30,125],"PreservedInsect":297,"Juzu Bracelet":0,"Medical Kit":[21],"Burning Blood":97,"Mercury Hourglass":[262],"Peace Pipe":0,"Lizard Tail":0,"Shovel":3,"Shuriken":[31],"Snecko Eye":[171,170,162,157],"obtain_stats":[{"Ice Cream":38,"Lantern":6,"Gremlin Horn":14,"Vajra":43,"Juzu Bracelet":32,"Ancient Tea Set":26,"Burning Blood":0,"Lizard Tail":11,"Shovel":24,"Toxic Egg 2":8,"Red Skull":29,"Potion Belt":27,"Pear":3,"Happy Flower":44,"PreservedInsect":30,"Omamori":42,"Medical Kit":19,"Mercury Hourglass":21,"Peace Pipe":40,"Anchor":25,"Shuriken":9,"Snecko Eye":17,"Molten Egg 2":28,"Coffee Dripper":34,"FossilizedHelix":28},{"Ice Cream":23,"Lantern":5,"Gremlin Horn":10,"Vajra":26,"Juzu Bracelet":19,"Ancient Tea Set":15,"Burning Blood":0,"Lizard Tail":7,"Shovel":15,"Toxic Egg 2":6,"Red Skull":18,"Potion Belt":16,"Pear":2,"Happy Flower":27,"PreservedInsect":19,"Omamori":26,"Medical Kit":12,"Mercury Hourglass":13,"Peace Pipe":25,"Anchor":15,"Shuriken":6,"Snecko Eye":11,"Molten Egg 2":18,"Coffee Dripper":20,"FossilizedHelix":18},{"Ice Cream":93,"Lantern":19,"Gremlin Horn":39,"Vajra":108,"Juzu Bracelet":74,"Ancient Tea Set":62,"Burning Blood":0,"Lizard Tail":31,"Shovel":62,"Toxic Egg 2":22,"Red Skull":71,"Potion Belt":66,"Pear":6,"Happy Flower":114,"PreservedInsect":74,"Omamori":108,"Medical Kit":54,"Mercury Hourglass":57,"Peace Pipe":105,"Anchor":62,"Shuriken":22,"Snecko Eye":51,"Molten Egg 2":71,"Coffee Dripper":82,"FossilizedHelix":71}]},"card_choices":[{"not_picked":["Body Slam","Wild Strike"],"picked":"Perfected Strike","floor":1},{"not_picked":["Intimidate","Burning Pact"],"picked":"Pommel Strike","floor":2},{"not_picked":["Body Slam","Iron Wave","Blood for Blood"],"picked":"SKIP","floor":4},{"not_picked":["Second Wind","Heavy Blade"],"picked":"Metallicize","floor":5},{"not_picked":["Heavy Blade","Perfected Strike"],"picked":"Clothesline","floor":6},{"not_picked":["Demon Form","Clothesline"],"picked":"Armaments+1","floor":8},{"not_picked":["Clothesline","Body Slam"],"picked":"Shrug It Off+1","floor":11},{"not_picked":["Flame Barrier+1","Metallicize"],"picked":"Inflame","floor":12},{"not_picked":["Carnage","Second Wind+1"],"picked":"Battle Trance+1","floor":13},{"not_picked":["Reckless Charge","Anger"],"picked":"Shrug It Off+1","floor":14},{"not_picked":["Demon Form","Juggernaut"],"picked":"Immolate","floor":16},{"not_picked":["Anger","Inflame+1"],"picked":"Flame Barrier+1","floor":18},{"not_picked":["Iron Wave","Shrug It Off+1"],"picked":"Twin Strike+1","floor":20},{"not_picked":["Wild Strike","Anger","Evolve"],"picked":"SKIP","floor":22},{"not_picked":["Blood for Blood+1","Rage+1","Bludgeon"],"picked":"SKIP","floor":24},{"not_picked":["Cleave","Armaments+1"],"picked":"Power Through+1","floor":27},{"not_picked":["Rupture","Clash+1"],"picked":"Warcry+1","floor":28},{"not_picked":["Sword Boomerang+1","Pummel+1"],"picked":"Flex+1","floor":30},{"not_picked":["Double Tap+1","Brutality"],"picked":"Juggernaut","floor":33},{"not_picked":["Inflame","Flex+1"],"picked":"Shrug It Off+1","floor":35},{"not_picked":["Whirlwind+1","Rage+1"],"picked":"Headbutt+1","floor":36},{"not_picked":["Sword Boomerang+1","Clash+1"],"picked":"Shrug It Off+1","floor":38},{"not_picked":["True Grit+1","Blood for Blood+1","Wild Strike+1"],"picked":"SKIP","floor":39},{"not_picked":["Dark Embrace+1","Warcry+1"],"picked":"Infernal Blade+1","floor":40},{"not_picked":["Body Slam+1","Warcry+1"],"picked":"Corruption","floor":42},{"not_picked":["Headbutt+1","Wild Strike+1"],"picked":"Feel No Pain","floor":44},{"not_picked":["Headbutt+1","Carnage+1"],"picked":"Burning Pact+1","floor":45},{"not_picked":["Armaments+1","Sword Boomerang+1","Clash+1"],"picked":"SKIP","floor":47}],"player_experience":35429,"relics_obtained":[{"floor":3,"key":"Pear"},{"floor":6,"key":"Lantern"},{"floor":8,"key":"Toxic Egg 2"},{"floor":9,"key":"Shuriken"},{"floor":11,"key":"Lizard Tail"},{"floor":14,"key":"Gremlin Horn"},{"floor":24,"key":"Shovel"},{"floor":25,"key":"Anchor"},{"floor":26,"key":"Ancient Tea Set"},{"floor":27,"key":"Potion Belt"},{"floor":28,"key":"FossilizedHelix"},{"floor":28,"key":"Molten Egg 2"},{"floor":29,"key":"Red Skull"},{"floor":30,"key":"PreservedInsect"},{"floor":32,"key":"Juzu Bracelet"},{"floor":38,"key":"Ice Cream"},{"floor":40,"key":"Peace Pipe"},{"floor":42,"key":"Omamori"},{"floor":43,"key":"Vajra"},{"floor":44,"key":"Happy Flower"}],"event_choices":[{"damage_healed":0,"gold_gain":0,"player_choice":"Forge","damage_taken":0,"max_hp_gain":0,"max_hp_loss":0,"event_name":"Accursed Blacksmith","floor":10,"gold_loss":0,"cards_upgraded":["Clothesline"]},{"damage_healed":0,"gold_gain":0,"player_choice":"Obtained Relic","damage_taken":0,"relics_obtained":["Mercury Hourglass"],"max_hp_gain":0,"max_hp_loss":0,"event_name":"Addict","floor":21,"gold_loss":85},{"damage_healed":0,"gold_gain":0,"player_choice":"Fight","damage_taken":0,"max_hp_gain":0,"max_hp_loss":0,"event_name":"Colosseum","floor":28,"gold_loss":0},{"damage_healed":0,"gold_gain":0,"player_choice":"Fought Nobs","damage_taken":0,"max_hp_gain":0,"max_hp_loss":0,"event_name":"Colosseum","floor":28,"gold_loss":0},{"cards_removed":["Strike_R"],"damage_healed":0,"gold_gain":0,"player_choice":"Removed Attack","damage_taken":0,"max_hp_gain":0,"max_hp_loss":0,"event_name":"Falling","floor":37,"gold_loss":0},{"damage_healed":0,"gold_gain":0,"player_choice":"Fight","damage_taken":0,"max_hp_gain":0,"max_hp_loss":0,"event_name":"MindBloom","floor":38,"gold_loss":0},{"damage_healed":0,"gold_gain":0,"player_choice":"Max HP","damage_taken":0,"max_hp_gain":0,"max_hp_loss":5,"event_name":"Winding Halls","floor":48,"gold_loss":0}],"is_beta":false,"boss_relics":[{"not_picked":["Empty Cage","Cursed Key"],"picked":"Snecko Eye"},{"not_picked":["Velvet Choker","Black Star"],"picked":"Coffee Dripper"}],"items_purged_floors":[19,31,46],"is_endless":false,"potions_floor_spawned":[2,4,11,12,14,18,27,28,35,40,42,45,47],"ascension_level":3}}