{"host":"bq4pt811tk9yrmjl","time":1613568677,"event":{"mods":["AchievementEnabler","BaseMod","Colored Map","Colored Powertips","Defuse TimeMaze Blight","Minty Spire (QoL Compilation)","Smile Girya","StSLib","SuperFastMode"],"gold_per_floor":[109,28,38,38,138,168,181,181,208,208,221,221,241,94,94,191,241,254,254,303,318,331,331,331,359,359,359,359,378,378,392,392,493,493,507,507,507,102,102,102,122,151,199,213,245,295,295,312,312,312,312,312,58,92,92,92],"floor_reached":55,"language":"ENG","playtime":1856,"items_purged":[],"score":833,"play_id":"bfe216b8-04d4-49c5-aea5-3daec9eb4c1f","local_time":"20210217113117","is_ascension_mode":true,"campfire_choices":[{"data":"Blade Dance","floor":8.0,"key":"SMITH"},{"data":"Cloak And Dagger","floor":10.0,"key":"SMITH"},{"data":"Caltrops","floor":12.0,"key":"SMITH"},{"data":"Accuracy","floor":15.0,"key":"SMITH"},{"data":"A Thousand Cuts","floor":24.0,"key":"SMITH"},{"floor":27.0,"key":"REST"},{"floor":32.0,"key":"REST"},{"data":"Blade Dance","floor":40,"key":"SMITH"},{"floor":47,"key":"RECALL"},{"data":"Blade Dance","floor":49,"key":"SMITH"},{"data":"Deflect","floor":52,"key":"SMITH"}],"circlet_count":0,"master_deck":["Strike_G","Strike_G","Strike_G","Strike_G","Defend_G","Defend_G+1","Defend_G","Defend_G","Defend_G","Survivor","Neutralize+1","Dagger Spray","Cloak And Dagger+1","Caltrops+1","Blade Dance+1","Accuracy+1","A Thousand Cuts+1","Blade Dance+1","Catalyst+1","Deflect+1","Blade Dance+1","Good Instincts","Calculated Gamble+1","Infinite Blades+1","Slice+1","Bouncing Flask+1"],"relics":["Ring of the Snake","NeowsBlessing","Akabeko","Snake Skull","PreservedInsect","Tiny House","MutagenicStrength","Ninja Scroll","Bottled Flame","InkBottle","HoveringKite","Incense Burner","Ornamental Fan","Nunchaku","Calipers","Bird Faced Urn","Vajra","Happy Flower"],"acts_visited":["Exordium","TheCity","TheBeyond","TheEnding"],"potions_floor_usage":[33,33,42,45,50,55],"damage_taken":[{"damage":0.0,"enemies":"2 Louse","floor":1.0,"turns":1.0},{"damage":0.0,"enemies":"Cultist","floor":3.0,"turns":1.0},{"damage":0.0,"enemies":"Lagavulin","floor":6.0,"turns":1.0},{"damage":0.0,"enemies":"Jaw Worm","floor":7.0,"turns":3.0},{"damage":4.0,"enemies":"Red Slaver","floor":11.0,"turns":2.0},{"damage":0.0,"enemies":"3 Louse","floor":13.0,"turns":2.0},{"damage":23.0,"enemies":"Slime Boss","floor":16.0,"turns":6.0},{"damage":0.0,"enemies":"Shell Parasite","floor":18.0,"turns":3.0},{"damage":4.0,"enemies":"2 Thieves","floor":21.0,"turns":2.0},{"damage":19.0,"enemies":"Cultist and Chosen","floor":22.0,"turns":4.0},{"damage":22.0,"enemies":"Book of Stabbing","floor":25.0,"turns":4.0},{"damage":4.0,"enemies":"Chosen and Byrds","floor":29.0,"turns":3.0},{"damage":13.0,"enemies":"Centurion and Healer","floor":31.0,"turns":3.0},{"damage":35,"enemies":"Collector","floor":33,"turns":7},{"damage":0,"enemies":"Orb Walker","floor":35,"turns":1},{"damage":1,"enemies":"3 Shapes","floor":41,"turns":6},{"damage":0,"enemies":"Nemesis","floor":42,"turns":3},{"damage":0,"enemies":"3 Darklings","floor":44,"turns":2},{"damage":0,"enemies":"Reptomancer","floor":45,"turns":4},{"damage":0,"enemies":"Mind Bloom Boss Battle","floor":46,"turns":4},{"damage":0,"enemies":"Jaw Worm Horde","floor":48,"turns":2},{"damage":26,"enemies":"Awakened One","floor":50,"turns":12},{"damage":21,"enemies":"Shield and Spear","floor":54,"turns":3},{"damage":110,"enemies":"The Heart","floor":55,"turns":5}],"seed_played":"7737828064842045079","potions_obtained":[{"floor":1.0,"key":"SpeedPotion"},{"floor":11.0,"key":"LiquidMemories"},{"floor":16.0,"key":"Regen Potion"},{"floor":17.0,"key":"Block Potion"},{"floor":22.0,"key":"BlessingOfTheForge"},{"floor":25.0,"key":"GamblersBrew"},{"floor":31.0,"key":"Poison Potion"},{"floor":33,"key":"LiquidBronze"},{"floor":42,"key":"GhostInAJar"},{"floor":45,"key":"Swift Potion"},{"floor":46,"key":"ColorlessPotion"}],"is_trial":false,"path_per_floor":["M","$","M","?","?","E","M","R","T","R","M","R","M","$","R","B",null,"M","?","T","M","M","?","R","E","T","R","T","M","?","M","R","B",null,"M","?","?","$","?","R","M","E","T","M","E","?","R","M","R","B",null,"R","$","E","B"],"character_chosen":"THE_SILENT","items_purchased":["Cloak And Dagger","Caltrops","PreservedInsect","Incense Burner","FairyPotion","Vajra","FairyPotion"],"campfire_rested":2,"item_purchase_floors":[2,2,14,38,38,53,53],"current_hp_per_floor":[70,70,70,70,70,70,70,70,70,70,66,66,66,66,66,43,75,75,75,75,71,52,52,52,39,39,61,61,57,57,44,66,31,75,75,75,75,75,75,75,74,74,74,74,74,74,74,75,75,51,75,75,75,54,0,0],"gold":92,"neow_bonus":"THREE_ENEMY_KILL","is_daily":false,"chose_seed":false,"campfire_upgraded":8,"win_rate":0.0,"timestamp":1613568677,"path_taken":["M","$","M","?","?","E","M","R","T","R","?","R","M","$","R","BOSS","M","?","?","?","M","?","R","E","T","R","?","M","?","M","R","BOSS","M","?","?","$","?","R","?","E","T","M","E","?","R","M","R","BOSS","R","$","E","BOSS"],"items_purchased_type":["Card","Card","Relic","Relic","Potion","Relic","Potion"],"build_version":"2020-12-22","purchased_purges":0,"victory":false,"max_hp_per_floor":[70,70,70,70,70,70,70,70,70,70,70,70,70,70,70,70,75,75,75,75,75,75,75,75,75,75,75,75,75,75,75,75,75,75,75,75,75,75,75,75,75,75,75,75,75,75,75,75,75,75,75,75,75,75,75,75],"card_choices":[{"not_picked":["Dash","Concentrate"],"picked":"Dagger Spray","floor":1.0},{"not_picked":["Expertise","Flechettes","Outmaneuver"],"picked":"SKIP","floor":3.0},{"not_picked":["Endless Agony","Dodge and Roll"],"picked":"Blade Dance","floor":6.0},{"not_picked":["Eviscerate","Dagger Spray","Choke"],"picked":"SKIP","floor":7.0},{"not_picked":["Calculated Gamble","Outmaneuver","Dash"],"picked":"SKIP","floor":11.0},{"not_picked":["Doppelganger","Deflect"],"picked":"Accuracy","floor":13.0},{"not_picked":["Venomology","Doppelganger"],"picked":"A Thousand Cuts","floor":16.0},{"not_picked":["Cloak And Dagger","Endless Agony"],"picked":"Blade Dance","floor":17.0},{"not_picked":["Dagger Spray+1","Predator+1","Quick Slash+1"],"picked":"SKIP","floor":18.0},{"not_picked":["Poisoned Stab+1","Catalyst+1","Acrobatics"],"picked":"SKIP","floor":21.0},{"not_picked":["Poisoned Stab+1","Acrobatics"],"picked":"Catalyst+1","floor":21.0},{"not_picked":["Underhanded Strike","Quick Slash","Deflect"],"picked":"SKIP","floor":22.0},{"not_picked":["Doppelganger","Dagger Throw","Endless Agony"],"picked":"SKIP","floor":25.0},{"not_picked":["Cloak And Dagger","Reflex"],"picked":"Deflect","floor":29.0},{"not_picked":["Poisoned Stab","Flechettes"],"picked":"Blade Dance","floor":31.0},{"not_picked":["Heel Hook+1","Concentrate+1","Sucker Punch+1"],"picked":"SKIP","floor":35},{"not_picked":["Discovery","Trip"],"picked":"Good Instincts","floor":39},{"not_picked":["Deadly Poison","Dagger Throw+1"],"picked":"Calculated Gamble+1","floor":41},{"not_picked":["Backflip+1","Catalyst+1"],"picked":"Infinite Blades+1","floor":42},{"not_picked":["Dagger Spray+1","Deadly Poison+1","Flechettes"],"picked":"SKIP","floor":44},{"not_picked":["Bane","Predator"],"picked":"Slice+1","floor":45},{"not_picked":["Caltrops","Crippling Poison","Endless Agony"],"picked":"SKIP","floor":48},{"not_picked":["Sucker Punch","Endless Agony"],"picked":"Bouncing Flask+1","floor":54}],"player_experience":253490,"relics_obtained":[{"floor":6.0,"key":"Akabeko"},{"floor":9.0,"key":"Snake Skull"},{"floor":25.0,"key":"Ninja Scroll"},{"floor":26.0,"key":"Bottled Flame"},{"floor":28.0,"key":"InkBottle"},{"floor":42,"key":"Ornamental Fan"},{"floor":43,"key":"Nunchaku"},{"floor":45,"key":"Calipers"},{"floor":46,"key":"Bird Faced Urn"},{"floor":54,"key":"Happy Flower"}],"event_choices":[{"damage_healed":0.0,"max_hp_gain":0.0,"max_hp_loss":0.0,"gold_gain":0.0,"event_name":"Living Wall","player_choice":"Grow","floor":4.0,"gold_loss":0.0,"damage_taken":0.0,"cards_upgraded":["Neutralize"]},{"damage_healed":0.0,"max_hp_gain":0.0,"max_hp_loss":0.0,"gold_gain":100.0,"event_name":"Golden Shrine","player_choice":"Pray","floor":5.0,"gold_loss":0.0,"damage_taken":0.0},{"damage_healed":0.0,"max_hp_gain":0.0,"max_hp_loss":0.0,"gold_gain":0.0,"event_name":"Drug Dealer","player_choice":"Inject Mutagens","floor":19.0,"gold_loss":0.0,"damage_taken":0.0,"relics_obtained":["MutagenicStrength"]},{"damage_healed":0.0,"max_hp_gain":0.0,"max_hp_loss":0.0,"gold_gain":0.0,"event_name":"Vampires","player_choice":"Ignored","floor":23.0,"gold_loss":0.0,"damage_taken":0.0},{"damage_healed":0.0,"max_hp_gain":0.0,"max_hp_loss":0.0,"gold_gain":0.0,"event_name":"Ghosts","player_choice":"Ignored","floor":30.0,"gold_loss":0.0,"damage_taken":0.0},{"damage_healed":0,"gold_gain":0,"player_choice":"Ignored","damage_taken":0,"max_hp_gain":0,"max_hp_loss":0,"event_name":"Tomb of Lord Red Mask","floor":36,"gold_loss":0},{"cards_removed":["Strike_G"],"damage_healed":0,"gold_gain":0,"player_choice":"Removed Attack","damage_taken":0,"max_hp_gain":0,"max_hp_loss":0,"event_name":"Falling","floor":37,"gold_loss":0},{"damage_healed":0,"gold_gain":0,"player_choice":"Memory 1","damage_taken":0,"max_hp_gain":0,"max_hp_loss":0,"event_name":"SensoryStone","floor":39,"gold_loss":0},{"damage_healed":0,"gold_gain":0,"player_choice":"Fight","damage_taken":0,"max_hp_gain":0,"max_hp_loss":0,"event_name":"MindBloom","floor":46,"gold_loss":0}],"is_beta":false,"boss_relics":[{"not_picked":["Black Star","Runic Dome"],"picked":"Tiny House"},{"not_picked":["Velvet Choker","Cursed Key"],"picked":"HoveringKite"}],"items_purged_floors":[],"is_endless":false,"potions_floor_spawned":[1,11,16,22,25,31,33,42,45,46,54],"killed_by":"The Heart","ascension_level":1}}