{"host":"xz7n3qy1zq36rzpg","time":1613549662,"event":{"mods":["BaseMod","Colored Map","Colored Powertips","Highlight Path","Minty Spire (QoL Compilation)","Quick Restart","Shop Mod"],"gold_per_floor":[112,129,129,145,145,145,179,179,179,179,206,206,223,28,28,123,123,138,138,138,63,22,22,48,61,61,74,88,88,188,201,201,201,201],"floor_reached":33,"language":"ENG","playtime":2685,"items_purged":[],"score":325,"play_id":"a2d74843-ca99-45c9-bcf9-6900158dfebc","local_time":"20210217091422","is_ascension_mode":true,"campfire_choices":[{"data":"Consecrate","floor":6.0,"key":"SMITH"},{"data":"BowlingBash","floor":8.0,"key":"SMITH"},{"floor":10.0,"key":"REST"},{"data":"Eruption","floor":12.0,"key":"SMITH"},{"data":"EmptyBody","floor":15.0,"key":"SMITH"},{"data":"FollowUp","floor":23.0,"key":"SMITH"},{"data":"Ragnarok","floor":29,"key":"SMITH"},{"floor":32,"key":"REST"}],"circlet_count":0,"master_deck":["Strike_P","Strike_P","Strike_P","Defend_P","Defend_P","Defend_P","Defend_P","Eruption+1","Vigilance","BowlingBash+1","CutThroughFate","Consecrate+1","Judgement","EmptyBody+1","Protect","Ragnarok+1","FollowUp+1","Swivel","EmptyFist","ThirdEye","FollowUp+1","Protect+1","CutThroughFate"],"relics":["PureWater","NeowsBlessing","Meat on the Bone","Regal Pillow","Orichalcum","Happy Flower","Kunai","Lee\u0027s Waffle","Sozu","TeardropLocket","Bag of Marbles","Girya","Mango","Blue Candle"],"acts_visited":["Exordium","TheCity"],"potions_floor_usage":[],"damage_taken":[{"damage":0.0,"enemies":"Cultist","floor":1.0,"turns":1.0},{"damage":0.0,"enemies":"Jaw Worm","floor":2.0,"turns":1.0},{"damage":0.0,"enemies":"2 Louse","floor":4.0,"turns":1.0},{"damage":27.0,"enemies":"Gremlin Nob","floor":7.0,"turns":4.0},{"damage":27.0,"enemies":"Lagavulin","floor":11.0,"turns":7.0},{"damage":0.0,"enemies":"Blue Slaver","floor":13.0,"turns":3.0},{"damage":46.0,"enemies":"Hexaghost","floor":16.0,"turns":12.0},{"damage":0.0,"enemies":"Chosen","floor":18.0,"turns":3.0},{"damage":19.0,"enemies":"Book of Stabbing","floor":24.0,"turns":5.0},{"damage":8.0,"enemies":"Shell Parasite","floor":25.0,"turns":2.0},{"damage":0.0,"enemies":"Sentry and Sphere","floor":27.0,"turns":3.0},{"damage":1,"enemies":"Snecko","floor":28,"turns":3},{"damage":0,"enemies":"Colosseum Slavers","floor":30,"turns":2},{"damage":0,"enemies":"Colosseum Nobs","floor":30,"turns":4},{"damage":0,"enemies":"Cultist and Chosen","floor":31,"turns":4},{"damage":98,"enemies":"Champ","floor":33,"turns":16}],"seed_played":"-178893262998123359","potions_obtained":[{"floor":2.0,"key":"DuplicationPotion"},{"floor":4.0,"key":"Energy Potion"},{"floor":13.0,"key":"LiquidBronze"}],"is_trial":false,"path_per_floor":["M","M","T","M","?","R","E","R","T","R","E","R","M","$","R","B",null,"M","T","?","?","$","R","E","M","T","M","M","R","?","M","R","B"],"character_chosen":"WATCHER","items_purchased":["Lee\u0027s Waffle","Strength Potion","Swivel"],"campfire_rested":2,"item_purchase_floors":[14,14,22],"current_hp_per_floor":[72,72,72,72,65,65,38,38,38,72,45,45,45,79,79,45,79,79,79,79,79,79,79,60,52,52,52,51,51,65,65,93,0,0],"gold":201,"neow_bonus":"THREE_ENEMY_KILL","is_daily":false,"chose_seed":false,"campfire_upgraded":6,"win_rate":0.0,"timestamp":1613549662,"path_taken":["M","M","?","?","?","R","E","R","T","R","E","R","M","?","R","BOSS","M","?","?","?","?","R","E","?","T","M","M","R","?","M","R","BOSS"],"items_purchased_type":["Relic","Potion","Card"],"build_version":"2020-12-22","purchased_purges":0,"victory":false,"max_hp_per_floor":[72,72,72,72,72,72,72,72,72,72,72,72,72,79,79,79,79,79,79,79,79,79,79,79,79,79,79,79,79,93,93,93,93,93],"card_choices":[{"not_picked":["JustLucky","Evaluate"],"picked":"BowlingBash","floor":1.0},{"not_picked":["Collect","Swivel"],"picked":"CutThroughFate","floor":2.0},{"not_picked":["EmptyFist","PathToVictory"],"picked":"Consecrate","floor":4.0},{"not_picked":["ClearTheMind","WaveOfTheHand"],"picked":"Judgement","floor":7.0},{"not_picked":["FlyingSleeves","Swivel"],"picked":"EmptyBody","floor":11.0},{"not_picked":["SashWhip","TalkToTheHand"],"picked":"Protect","floor":13.0},{"not_picked":["Alpha","Brilliance"],"picked":"Ragnarok","floor":16.0},{"not_picked":["ReachHeaven","BowlingBash"],"picked":"FollowUp","floor":18.0},{"not_picked":["Crescendo","Evaluate+1"],"picked":"EmptyFist","floor":24.0},{"not_picked":["FlurryOfBlows+1","FlyingSleeves"],"picked":"ThirdEye","floor":25.0},{"not_picked":["Fasting2","JustLucky"],"picked":"FollowUp+1","floor":27.0},{"not_picked":["FlurryOfBlows","FlyingSleeves+1","Halt"],"picked":"SKIP","floor":28},{"not_picked":["EmptyBody","MasterReality"],"picked":"Protect+1","floor":30},{"not_picked":["Adaptation","FlyingSleeves"],"picked":"CutThroughFate","floor":31}],"player_experience":521815,"relics_obtained":[{"floor":3.0,"key":"Meat on the Bone"},{"floor":7.0,"key":"Orichalcum"},{"floor":9.0,"key":"Happy Flower"},{"floor":11.0,"key":"Kunai"},{"floor":19.0,"key":"TeardropLocket"},{"floor":24.0,"key":"Bag of Marbles"},{"floor":26.0,"key":"Girya"},{"floor":30,"key":"Mango"},{"floor":30,"key":"Blue Candle"}],"event_choices":[{"damage_healed":0.0,"max_hp_gain":0.0,"max_hp_loss":0.0,"gold_gain":0.0,"event_name":"Scrap Ooze","player_choice":"Success","floor":5.0,"gold_loss":0.0,"damage_taken":7.0,"relics_obtained":["Regal Pillow"]},{"damage_healed":0.0,"max_hp_gain":0.0,"max_hp_loss":0.0,"gold_gain":0.0,"event_name":"Ghosts","player_choice":"Ignored","floor":20.0,"gold_loss":0.0,"damage_taken":0.0},{"cards_removed":["Strike_P"],"damage_healed":0.0,"max_hp_gain":0.0,"max_hp_loss":0.0,"gold_gain":0.0,"event_name":"Beggar","player_choice":"Gave Gold","floor":21.0,"gold_loss":75.0,"damage_taken":0.0},{"damage_healed":0,"gold_gain":0,"player_choice":"Fight","damage_taken":0,"max_hp_gain":0,"max_hp_loss":0,"event_name":"Colosseum","floor":30,"gold_loss":0},{"damage_healed":0,"gold_gain":0,"player_choice":"Fought Nobs","damage_taken":0,"max_hp_gain":0,"max_hp_loss":0,"event_name":"Colosseum","floor":30,"gold_loss":0}],"is_beta":false,"boss_relics":[{"not_picked":["Black Star","Fusion Hammer"],"picked":"Sozu"}],"items_purged_floors":[],"is_endless":false,"potions_floor_spawned":[2,4,13,18,25,27,30],"killed_by":"Champ","ascension_level":2}}