{"host":"acw864156wjp8gcv","time":1613580138,"event":{"mods":["2.2 Compatiblity","AchievementEnabler","Aspiration","BaseMod","Beaked The Cultist","Better Altar","Better Match","Better Note","Better Sensory Stone","Better Silent Start","Better Skull","Better Third Choice","Better Vampires","BetterRewards","Challenge The Spire","Colored Map","Colored Powertips","Conspire","Curses Come First","Downfall","Energized Spire","GifTheSpireLib","Halation","Hubris","Infinite Spire","Ironclad Rager","Jedi Mod","Mimic Mod","Minty Spire (QoL Compilation)","Permanent Neow","Relic Sorter","Replay The Spire","Robot Space Explorer","Shop Mod","Spicy Shops","Spikes Relics","StSLib","Stuff the Spire","The Blue Laboratory","The Construct","The Jungle","The Marked","Wandering Minibosses","everything is the same but u backflip on backflip"],"gold_per_floor":[99,99,99,99,99,99],"floor_reached":8,"language":"ENG","playtime":100,"items_purged":[],"score":590,"play_id":"9e45ca19-f239-4e40-9441-988b3ca90882","local_time":"20210217104218","daily_mods":["Insanity","Green Cards","Binary"],"is_ascension_mode":false,"campfire_choices":[{"data":"Bouncing Flask","floor":5,"key":"SMITH"}],"circlet_count":0,"master_deck":["bronze:NullPointer","StuffTheSpire:Injection","StuffTheSpire:ClusterCrunch","bronze:Repulsor","bronze:DigitalCarnage","Bane","Flechettes","StuffTheSpire:BumpUp","bronze:Turbo","Cloak And Dagger","bronze:Shield","bronze:BitShift","bronze:FineTuning","Cloak And Dagger","Underhanded Strike","Terror","bronze:BugBarrage","Bouncing Flask+1","Crippling Poison","Sucker Punch","hubris:Counter","bronze:Safeguard","bronze:Optimize","Backflip","ShadowRift","bronze:FineTuning","bronze:Separator","jedi:poisonivy","ReplayTheSpireMod:Tripwire","bronze:Shield","bronze:WhirlingStrike","bronze:Frontload","Sucker Punch","StuffTheSpire:Sprint","bronze:DarkDash","bronze:BitShift","bronze:DelayedGuard","Crippling Poison","Dagger Throw","PiercingWail","StuffTheSpire:BrimstoneBlast","bronze:Turbo","jedi:acidrain","bronze:BitShift","bronze:CutThrough","Dagger Spray","Slice","Flying Knee","Dagger Throw","bronze:DelayedGuard"],"relics":["bronze:BronzeCore"],"acts_visited":["Exordium","TheEnding"],"potions_floor_usage":[],"damage_taken":[{"damage":0,"enemies":"downfall:CharBossMerchant","floor":3,"turns":1},{"damage":0,"enemies":"downfall:NeowBoss","floor":6,"turns":3},{"damage":0,"enemies":"downfall:NeowBossFinal","floor":7,"turns":2}],"seed_played":"6706742764168558924","potions_obtained":[],"is_trial":false,"path_per_floor":["E","$","R","B","B",null],"character_chosen":"THE_AUTOMATON","items_purchased":[],"campfire_rested":0,"item_purchase_floors":[],"current_hp_per_floor":[70,70,70,70,70,70],"gold":99,"neow_bonus":"","is_daily":true,"chose_seed":false,"campfire_upgraded":1,"win_rate":0.0,"timestamp":1613580138,"path_taken":["E","$","R","BOSS","BOSS"],"items_purchased_type":[],"build_version":"2020-12-22","purchased_purges":0,"victory":true,"max_hp_per_floor":[70,70,70,70,70,70],"card_choices":[{"not_picked":["Poisoned Stab","StuffTheSpire:FinalStruggle"],"picked":"SKIP","floor":3}],"player_experience":177911,"relics_obtained":[],"event_choices":[],"is_beta":false,"boss_relics":[],"items_purged_floors":[],"is_endless":false,"potions_floor_spawned":[3],"ascension_level":0}}