{"host":"9rxgn077cyjlend4","time":1613574769,"event":{"mods":["BaseMod","Minty Spire (QoL Compilation)","StSLib"],"gold_per_floor":[117,129,129,149,149,178,2,2,2,2,2,19,19,54,54,131,131,131,131,131,43,43,43,43,43,43,43,43,43,43,43,43,43,43],"floor_reached":33,"language":"ENG","playtime":2325,"items_purged":[],"score":513,"play_id":"660a60e0-8fbd-4abc-bc2d-806a9dc7a553","local_time":"20210217151249","is_ascension_mode":true,"campfire_choices":[{"data":"Dagger Spray","floor":8,"key":"SMITH"},{"data":"Neutralize","floor":10,"key":"SMITH"},{"data":"Deadly Poison","floor":13,"key":"SMITH"},{"data":"PiercingWail","floor":15,"key":"SMITH"},{"data":"Crippling Poison","floor":23,"key":"SMITH"},{"data":"Skewer","floor":27,"key":"SMITH"},{"floor":30,"key":"REST"},{"data":"Leg Sweep","floor":32,"key":"SMITH"}],"circlet_count":0,"master_deck":["AscendersBane","Strike_G","Strike_G","Strike_G","Strike_G","Defend_G","Defend_G","Defend_G","Defend_G","Defend_G","Survivor","Neutralize+1","Storm of Steel","Dagger Spray+1","Predator+1","PiercingWail+1","Calculated Gamble","Acrobatics","Deadly Poison+1","Adrenaline","Poisoned Stab+1","Backflip","Well Laid Plans","Skewer+1","Crippling Poison+1","Leg Sweep+1","Dagger Throw+1"],"relics":["Ring of the Snake","Blood Vial","Snake Skull","Mercury Hourglass","Bottled Lightning","Ectoplasm","Red Mask","Potion Belt","InkBottle"],"acts_visited":["Exordium","TheCity"],"potions_floor_usage":[6,12,14,33,33,33,33],"damage_taken":[{"damage":2.0,"enemies":"Jaw Worm","floor":1.0,"turns":5.0},{"damage":2.0,"enemies":"Small Slimes","floor":2.0,"turns":4.0},{"damage":0.0,"enemies":"2 Louse","floor":4.0,"turns":2.0},{"damage":12,"enemies":"3 Sentries","floor":6,"turns":6},{"damage":13,"enemies":"Large Slime","floor":12,"turns":5},{"damage":2,"enemies":"Gremlin Nob","floor":14,"turns":3},{"damage":30,"enemies":"Hexaghost","floor":16,"turns":11},{"damage":2,"enemies":"3 Byrds","floor":18,"turns":4},{"damage":4,"enemies":"Masked Bandits","floor":19,"turns":4},{"damage":0,"enemies":"Spheric Guardian","floor":20,"turns":3},{"damage":8,"enemies":"Snecko","floor":22,"turns":3},{"damage":15,"enemies":"Gremlin Leader","floor":24,"turns":4},{"damage":21,"enemies":"Slavers","floor":28,"turns":3},{"damage":2,"enemies":"Centurion and Healer","floor":29,"turns":4},{"damage":10,"enemies":"Sentry and Sphere","floor":31,"turns":4},{"damage":41,"enemies":"Automaton","floor":33,"turns":8}],"seed_played":"798048198715539241","potions_obtained":[{"floor":2.0,"key":"LiquidMemories"},{"floor":6,"key":"Regen Potion"},{"floor":12,"key":"ColorlessPotion"},{"floor":20,"key":"AttackPotion"},{"floor":28,"key":"Ancient Potion"},{"floor":29,"key":"AttackPotion"},{"floor":31,"key":"DistilledChaos"}],"is_trial":false,"path_per_floor":["M","M","?","M","?","E","$","R","T","R","?","M","R","E","R","B",null,"M","?","M","$","M","R","E","?","T","R","E","M","R","M","R","B"],"character_chosen":"THE_SILENT","items_purchased":["Snake Skull","Acrobatics","Skewer","PowerPotion"],"campfire_rested":1,"item_purchase_floors":[7,7,21,21],"current_hp_per_floor":[57,55,60,60,60,48,48,48,48,48,41,44,44,44,44,16,57,57,55,57,57,51,51,38,38,38,38,19,19,40,32,32,0,0],"gold":43,"neow_bonus":"ONE_RANDOM_RARE_CARD","is_daily":false,"chose_seed":false,"campfire_upgraded":7,"win_rate":0.0,"timestamp":1613574769,"path_taken":["M","M","?","M","?","E","$","R","T","R","?","M","R","E","R","BOSS","M","?","M","$","M","R","E","?","T","R","E","M","R","M","R","BOSS"],"items_purchased_type":["Relic","Card","Card","Potion"],"build_version":"2020-12-22","purchased_purges":0,"victory":false,"max_hp_per_floor":[66,66,71,71,71,71,71,71,71,71,71,71,71,71,71,71,71,71,71,71,71,71,71,71,71,71,71,71,71,71,71,71,71,71],"card_choices":[{"not_picked":["Deflect","Sucker Punch"],"picked":"Dagger Spray","floor":1.0},{"not_picked":["Accuracy","Expertise"],"picked":"Predator","floor":2.0},{"not_picked":["Dodge and Roll","Flechettes"],"picked":"PiercingWail","floor":4.0},{"not_picked":["Dagger Throw","Unload"],"picked":"Calculated Gamble","floor":6},{"not_picked":["Dagger Throw","Quick Slash"],"picked":"Deadly Poison","floor":12},{"not_picked":["Setup","Prepared","Slice"],"picked":"SKIP","floor":14},{"not_picked":["Grand Finale","Venomology"],"picked":"Adrenaline","floor":16},{"not_picked":["Acrobatics+1","Flying Knee"],"picked":"Poisoned Stab+1","floor":18},{"not_picked":["Underhanded Strike+1","Deflect"],"picked":"Backflip","floor":19},{"not_picked":["Choke","Flying Knee"],"picked":"Well Laid Plans","floor":20},{"not_picked":["Deflect","Dodge and Roll"],"picked":"Crippling Poison","floor":22},{"not_picked":["Riddle With Holes","Escape Plan","Deflect+1"],"picked":"SKIP","floor":24},{"not_picked":["Deflect","Heel Hook"],"picked":"Leg Sweep","floor":28},{"not_picked":["Glass Knife","Dodge and Roll"],"picked":"Dagger Throw+1","floor":29},{"not_picked":["Quick Slash+1","Reflex","Dodge and Roll"],"picked":"SKIP","floor":31}],"player_experience":671661,"relics_obtained":[{"floor":6,"key":"Blood Vial"},{"floor":9,"key":"Mercury Hourglass"},{"floor":14,"key":"Bottled Lightning"},{"floor":19,"key":"Red Mask"},{"floor":24,"key":"Potion Belt"},{"floor":28,"key":"InkBottle"}],"event_choices":[{"damage_healed":0.0,"max_hp_gain":5.0,"max_hp_loss":0.0,"gold_gain":0.0,"event_name":"Big Fish","player_choice":"Donut","floor":3.0,"gold_loss":0.0,"damage_taken":0.0},{"damage_healed":0.0,"max_hp_gain":0.0,"max_hp_loss":0.0,"gold_gain":0.0,"event_name":"Living Wall","player_choice":"Grow","floor":5.0,"gold_loss":0.0,"damage_taken":0.0,"cards_upgraded":["Predator"]},{"cards_removed":["Strike_G"],"damage_healed":0,"gold_gain":0,"player_choice":"Card Removal","damage_taken":7,"max_hp_gain":0,"max_hp_loss":0,"event_name":"Golden Wing","floor":11,"gold_loss":0},{"damage_healed":0,"gold_gain":0,"player_choice":"Fought Bandits","damage_taken":0,"max_hp_gain":0,"max_hp_loss":0,"event_name":"Masked Bandits","floor":19,"gold_loss":0},{"damage_healed":0,"gold_gain":0,"player_choice":"Ignored","damage_taken":0,"max_hp_gain":0,"max_hp_loss":0,"event_name":"Vampires","floor":25,"gold_loss":0}],"is_beta":false,"boss_relics":[{"not_picked":["Busted Crown","Black Star"],"picked":"Ectoplasm"}],"items_purged_floors":[],"is_endless":false,"potions_floor_spawned":[2,6,12,20,28,29,31],"killed_by":"Automaton","ascension_level":15}}