{"host":"2se5dq1do2gp0x9k","time":1613540680,"event":{"mods":["AchievementEnabler","BaseMod","Block Reminder","Colored Map","Colored Powertips","Minty Spire (QoL Compilation)","Relic Stats","StSLib","SuperFastMode"],"gold_per_floor":[110,110,124,141,152,152,167,196,222,222,297,312,331,256,256,331,331,347,347,366,382,100,100,133,183,207,218,245,245,278,292,292,363,363,380,400,121,121,121,121,121,121],"floor_reached":41,"language":"ENG","playtime":1571,"items_purged":["Defend_P","Defend_P","ConjureBlade"],"score":823,"play_id":"7bd633a8-67b6-41f2-ba7c-64125221e37e","local_time":"20210216214440","is_ascension_mode":true,"campfire_choices":[{"data":"SandsOfTime","floor":6.0,"key":"SMITH"},{"floor":10.0,"key":"REST"},{"floor":15.0,"key":"REST"},{"floor":23.0,"key":"REST"},{"floor":29.0,"key":"REST"},{"floor":32.0,"key":"REST"},{"floor":40,"key":"REST"}],"circlet_count":0,"master_deck":["AscendersBane","Eruption","Vigilance","Apotheosis+1","BowlingBash","CrushJoints","DeceiveReality","SandsOfTime+1","FlurryOfBlows","Meditate+1","CutThroughFate","Vault","Tantrum","Meditate","LikeWater","CutThroughFate","WaveOfTheHand","MentalFortress","Nirvana+1","Evaluate","JustLucky","JustLucky","Omniscience","BattleHymn","LessonLearned","FollowUp","Study","FlurryOfBlows","Evaluate","Nirvana","Weave","Dark Shackles","Master of Strategy","Bandage Up"],"relics":["PureWater","Sundial","SlaversCollar","Nloth\u0027s Gift","Toy Ornithopter","Bag of Marbles","Vajra","Happy Flower","Pandora\u0027s Box"],"acts_visited":["Exordium","TheCity","TheBeyond"],"potions_floor_usage":[33],"damage_taken":[{"damage":8.0,"enemies":"Small Slimes","floor":1.0,"turns":6.0},{"damage":0.0,"enemies":"Cultist","floor":3.0,"turns":3.0},{"damage":0.0,"enemies":"Jaw Worm","floor":4.0,"turns":2.0},{"damage":7.0,"enemies":"Lots of Slimes","floor":5.0,"turns":4.0},{"damage":0.0,"enemies":"Exordium Wildlife","floor":7.0,"turns":3.0},{"damage":1.0,"enemies":"Lagavulin","floor":8.0,"turns":7.0},{"damage":1.0,"enemies":"Blue Slaver","floor":12.0,"turns":3.0},{"damage":12.0,"enemies":"Gremlin Gang","floor":13.0,"turns":3.0},{"damage":21.0,"enemies":"The Guardian","floor":16.0,"turns":11.0},{"damage":0.0,"enemies":"Chosen","floor":18.0,"turns":3.0},{"damage":17.0,"enemies":"2 Thieves","floor":20.0,"turns":3.0},{"damage":8.0,"enemies":"3 Cultists","floor":21.0,"turns":6.0},{"damage":39.0,"enemies":"Slavers","floor":24.0,"turns":6.0},{"damage":18.0,"enemies":"Snecko","floor":27.0,"turns":4.0},{"damage":17.0,"enemies":"Gremlin Leader","floor":30.0,"turns":4.0},{"damage":15.0,"enemies":"Centurion and Healer","floor":31.0,"turns":5.0},{"damage":10,"enemies":"Automaton","floor":33,"turns":9},{"damage":8,"enemies":"Orb Walker","floor":35,"turns":5},{"damage":17,"enemies":"3 Shapes","floor":36,"turns":11},{"damage":42,"enemies":"3 Darklings","floor":41,"turns":4}],"seed_played":"-7257527939963100941","potions_obtained":[{"floor":7.0,"key":"Regen Potion"},{"floor":8.0,"key":"Strength Potion"},{"floor":30.0,"key":"BlessingOfTheForge"},{"floor":31.0,"key":"AttackPotion"}],"is_trial":false,"path_per_floor":["M","?","M","M","M","R","M","E","T","R","?","M","M","$","R","B",null,"M","?","M","M","$","R","E","?","T","M","T","R","E","M","R","B",null,"M","M","$","?","?","R","M"],"character_chosen":"WATCHER","items_purchased":["CutThroughFate","WaveOfTheHand","MentalFortress","Nirvana","Weave"],"campfire_rested":6,"item_purchase_floors":[22,22,22,37,37],"current_hp_per_floor":[53,53,53,53,46,46,46,45,45,62,51,50,38,38,56,35,55,55,55,38,30,30,48,24,24,24,6,6,24,12,2,20,15,50,42,25,25,25,15,33,0,0],"gold":121,"neow_bonus":"RANDOM_COLORLESS_2","is_daily":false,"chose_seed":false,"campfire_upgraded":1,"win_rate":0.0,"timestamp":1613540680,"path_taken":["M","?","M","?","M","R","M","E","T","R","?","M","M","$","R","BOSS","M","?","M","?","$","R","E","?","T","M","?","R","E","?","R","BOSS","M","M","$","?","?","R","?"],"items_purchased_type":["Card","Card","Card","Card","Card"],"build_version":"2020-12-22","purchased_purges":3,"victory":false,"max_hp_per_floor":[62,62,62,62,62,62,62,62,62,62,62,62,62,62,62,62,62,62,62,62,62,62,62,62,62,62,62,62,62,62,62,62,62,62,62,62,62,62,62,62,62,62],"relic_stats":{"Happy Flower":[11],"counters":[20,102],"Sundial":[6],"Pandora\u0027s Box":["BattleHymn","LessonLearned","FollowUp","ConjureBlade","Study","FlurryOfBlows"],"Nloth\u0027s Gift":2,"obtain_stats":[{"SlaversCollar":17,"Happy Flower":30,"Sundial":8,"Vajra":28,"Pandora\u0027s Box":34,"Nloth\u0027s Gift":19,"Bag of Marbles":26,"PureWater":0,"War Paint":9,"Toy Ornithopter":24},{"SlaversCollar":9,"Happy Flower":15,"Sundial":6,"Vajra":14,"Pandora\u0027s Box":17,"Nloth\u0027s Gift":10,"Bag of Marbles":13,"PureWater":0,"War Paint":6,"Toy Ornithopter":13},{"SlaversCollar":42,"Happy Flower":68,"Sundial":25,"Vajra":64,"Pandora\u0027s Box":82,"Nloth\u0027s Gift":45,"Bag of Marbles":60,"PureWater":0,"War Paint":25,"Toy Ornithopter":60}],"Toy Ornithopter":15},"card_choices":[{"not_picked":["Chrysalis","Transmutation"],"picked":"Apotheosis","floor":0.0},{"not_picked":["ThirdEye","Vengeance"],"picked":"BowlingBash","floor":1.0},{"not_picked":["FearNoEvil","Study"],"picked":"CrushJoints","floor":3.0},{"not_picked":["EmptyFist","EmptyBody"],"picked":"DeceiveReality","floor":4.0},{"not_picked":["BowlingBash","LikeWater"],"picked":"SandsOfTime","floor":5.0},{"not_picked":["EmptyBody","Swivel"],"picked":"FlurryOfBlows","floor":7.0},{"not_picked":["Collect","WreathOfFlame"],"picked":"Meditate","floor":8.0},{"not_picked":["SandsOfTime","Prostrate"],"picked":"CutThroughFate","floor":12.0},{"not_picked":["ClearTheMind","CrushJoints","PathToVictory"],"picked":"SKIP","floor":13.0},{"not_picked":["Wish","LessonLearned"],"picked":"Vault","floor":16.0},{"not_picked":["Study","Conclude"],"picked":"Tantrum","floor":18.0},{"not_picked":["Prostrate","Evaluate"],"picked":"Meditate","floor":20.0},{"not_picked":["ClearTheMind","BowlingBash"],"picked":"LikeWater","floor":21.0},{"not_picked":["ConjureBlade","Prostrate"],"picked":"Nirvana+1","floor":24.0},{"not_picked":["Protect","Conclude"],"picked":"Evaluate","floor":27.0},{"not_picked":["Judgement","DeceiveReality"],"picked":"JustLucky","floor":30.0},{"not_picked":["CutThroughFate","FearNoEvil"],"picked":"JustLucky","floor":31.0},{"not_picked":["Alpha","Vault"],"picked":"Omniscience","floor":33},{"not_picked":["SashWhip","Conclude"],"picked":"Evaluate","floor":35},{"not_picked":["FlyingSleeves","Sanctity","Protect"],"picked":"SKIP","floor":36},{"not_picked":["Dramatic Entrance","Trip"],"picked":"Dark Shackles","floor":39},{"not_picked":["Purity","Impatience"],"picked":"Master of Strategy","floor":39},{"not_picked":["Transmutation","Apotheosis"],"picked":"Bandage Up","floor":39}],"player_experience":4077438,"relics_obtained":[{"floor":8.0,"key":"Sundial"},{"floor":9.0,"key":"War Paint"},{"floor":24.0,"key":"Toy Ornithopter"},{"floor":26.0,"key":"Bag of Marbles"},{"floor":28.0,"key":"Vajra"},{"floor":30.0,"key":"Happy Flower"}],"event_choices":[{"damage_healed":0.0,"max_hp_gain":0.0,"max_hp_loss":0.0,"gold_gain":0.0,"event_name":"Upgrade Shrine","player_choice":"Upgraded","floor":2.0,"gold_loss":0.0,"damage_taken":0.0,"cards_upgraded":["Apotheosis"]},{"damage_healed":0.0,"max_hp_gain":0.0,"max_hp_loss":0.0,"gold_gain":75.0,"event_name":"World of Goop","player_choice":"Gather Gold","floor":11.0,"gold_loss":0.0,"damage_taken":11.0},{"damage_healed":0.0,"max_hp_gain":0.0,"max_hp_loss":0.0,"gold_gain":0.0,"event_name":"N\u0027loth","player_choice":"Traded Relic","floor":19.0,"relics_lost":["War Paint"],"gold_loss":0.0,"damage_taken":0.0,"relics_obtained":["Nloth\u0027s Gift"]},{"damage_healed":0.0,"max_hp_gain":0.0,"max_hp_loss":0.0,"gold_gain":50.0,"event_name":"Nest","player_choice":"Stole From Cult","floor":25.0,"gold_loss":0.0,"damage_taken":0.0},{"damage_healed":0,"gold_gain":0,"player_choice":"Ignored","damage_taken":0,"max_hp_gain":0,"max_hp_loss":0,"event_name":"Tomb of Lord Red Mask","floor":38,"gold_loss":0},{"damage_healed":0,"gold_gain":0,"player_choice":"Memory 3","damage_taken":10,"max_hp_gain":0,"max_hp_loss":0,"event_name":"SensoryStone","floor":39,"gold_loss":0}],"is_beta":false,"boss_relics":[{"not_picked":["Snecko Eye","Tiny House"],"picked":"SlaversCollar"},{"not_picked":["Busted Crown","Velvet Choker"],"picked":"Pandora\u0027s Box"}],"items_purged_floors":[14,22,37],"is_endless":false,"potions_floor_spawned":[7,8,13,18,21,30,31],"killed_by":"3 Darklings","ascension_level":18}}