{"host":"00f1p9ihhzi7hxfk","time":1613575729,"event":{"mods":["AchievementEnabler","BaseMod","Colored Map","Colored Powertips","Minty Spire (QoL Compilation)","Rare Cards Sparkle","Relic Stats"],"gold_per_floor":[109,129,129,129,147,147,161,186,186,206,107,127,165,165,165,165,165],"floor_reached":16,"language":"DEU","playtime":1065,"items_purged":[],"score":129,"play_id":"39fd84bd-ef94-4f45-86a8-9273269b993e","local_time":"20210217162849","is_ascension_mode":false,"campfire_choices":[{"data":"Eruption","floor":6,"key":"SMITH"},{"floor":15,"key":"REST"}],"circlet_count":0,"master_deck":["Strike_P","Strike_P","Strike_P","Strike_P","Defend_P","Defend_P","Defend_P","Defend_P","Eruption+1","Vigilance","FollowUp","FearNoEvil","Pray","PathToVictory","WaveOfTheHand","Halt","Perseverance","Consecrate"],"relics":["PureWater","Golden Idol","Pear","Mummified Hand"],"acts_visited":["Exordium"],"potions_floor_usage":[7,7,12],"damage_taken":[{"damage":0.0,"enemies":"Jaw Worm","floor":1.0,"turns":3.0},{"damage":0,"enemies":"Small Slimes","floor":2,"turns":3},{"damage":0,"enemies":"2 Louse","floor":5,"turns":2},{"damage":4,"enemies":"Looter","floor":7,"turns":3},{"damage":1,"enemies":"Exordium Wildlife","floor":8,"turns":3},{"damage":9,"enemies":"Blue Slaver","floor":10,"turns":4},{"damage":1,"enemies":"Exordium Thugs","floor":12,"turns":5},{"damage":73,"enemies":"Gremlin Nob","floor":13,"turns":5},{"damage":36,"enemies":"Slime Boss","floor":16,"turns":7}],"seed_played":"6521527914722805617","potions_obtained":[{"floor":2,"key":"Weak Potion"},{"floor":7,"key":"Fruit Juice"},{"floor":10,"key":"Block Potion"},{"floor":13,"key":"Dexterity Potion"}],"is_trial":false,"path_per_floor":["M","M","?","?","M","R","M","M","T","M","$","M","E","?","R","B"],"character_chosen":"WATCHER","items_purchased":["Halt","Perseverance"],"campfire_rested":1,"item_purchase_floors":[11,11],"current_hp_per_floor":[79,79,84,78,78,78,79,78,88,79,79,78,5,5,32,0,0],"gold":165,"neow_bonus":"TEN_PERCENT_HP_BONUS","is_daily":false,"chose_seed":false,"campfire_upgraded":1,"win_rate":0.0,"timestamp":1613575729,"path_taken":["M","M","?","?","M","R","M","M","T","M","$","?","E","?","R","BOSS"],"items_purchased_type":["Card","Card"],"build_version":"2020-12-22","purchased_purges":0,"victory":false,"max_hp_per_floor":[79,79,84,78,78,78,83,83,93,93,93,93,93,93,93,93,93],"relic_stats":{"counters":[9,35],"Golden Idol":28,"Mummified Hand":[0],"obtain_stats":[{"Pear":9,"Golden Idol":4,"Mummified Hand":13,"PureWater":0},{"Pear":5,"Golden Idol":2,"Mummified Hand":8,"PureWater":0},{"Pear":14,"Golden Idol":6,"Mummified Hand":28,"PureWater":0}]},"card_choices":[{"not_picked":["Halt","FlurryOfBlows"],"picked":"FollowUp","floor":1.0},{"not_picked":["EmptyBody","Tantrum"],"picked":"FearNoEvil","floor":2},{"not_picked":["CrushJoints","InnerPeace"],"picked":"Pray","floor":5},{"not_picked":["FlyingSleeves","ThirdEye"],"picked":"PathToVictory","floor":7},{"not_picked":["EmptyBody","Ragnarok"],"picked":"WaveOfTheHand","floor":8},{"not_picked":["ThirdEye","Protect","EmptyBody"],"picked":"SKIP","floor":10},{"not_picked":["ClearTheMind","EmptyBody","Protect"],"picked":"SKIP","floor":12},{"not_picked":["LikeWater","FlyingSleeves"],"picked":"Consecrate","floor":13}],"player_experience":106364,"relics_obtained":[{"floor":9,"key":"Pear"},{"floor":13,"key":"Mummified Hand"}],"event_choices":[{"damage_healed":0,"gold_gain":0,"player_choice":"Donut","damage_taken":0,"max_hp_gain":5,"max_hp_loss":0,"event_name":"Big Fish","floor":3,"gold_loss":0},{"damage_healed":0,"gold_gain":0,"player_choice":"Lose Max HP","damage_taken":0,"relics_obtained":["Golden Idol"],"max_hp_gain":0,"max_hp_loss":6,"event_name":"Golden Idol","floor":4,"gold_loss":0},{"damage_healed":0,"gold_gain":0,"player_choice":"Ignored","damage_taken":0,"max_hp_gain":0,"max_hp_loss":0,"event_name":"Liars Game","floor":14,"gold_loss":0}],"is_beta":false,"boss_relics":[],"items_purged_floors":[],"is_endless":false,"potions_floor_spawned":[2,7,10,13],"killed_by":"Slime Boss","ascension_level":0}}