{"host":"p7cjtxxrilhp4dw7","time":1613531029,"event":{"mods":["BaseMod","Block Reminder","Colored Map","Curses Come First","Downfall","Highlight Path","Minty Spire (QoL Compilation)","StSLib"],"gold_per_floor":[99,117,192,222,207,207,253,103,120,120,134,162,162,182,197,197,197,197],"floor_reached":16,"language":"ENG","playtime":1315,"items_purged":[],"score":190,"play_id":"71219b28-276b-487b-a9af-9319e4b51534","local_time":"20210216200349","is_ascension_mode":true,"campfire_choices":[{"data":"Slimebound:CorrosiveSpit","floor":1,"key":"SMITH"},{"data":"Slimebound:GoopSpray","floor":6,"key":"SMITH"},{"data":"Slimebound:Split","floor":10,"key":"SMITH"},{"data":"Slimebound:SlimeSpikes","floor":13,"key":"SMITH"}],"circlet_count":0,"master_deck":["AscendersBane","Slimebound:Strike_Slimebound","Slimebound:Strike_Slimebound","Slimebound:Tackle","Slimebound:Defend_Slimebound","Slimebound:Defend_Slimebound","Slimebound:Defend_Slimebound","Slimebound:Defend_Slimebound","Slimebound:Split+1","Slimebound:CorrosiveSpit+1","Slimebound:LeechLife","Slimebound:GoopSpray+1","Slimebound:SpikyOuterGoop","Slimebound:LivingWall","Slimebound:SlimeSpikes+1"],"relics":["Slimebound:AbsorbEndCombat","Strawberry","Singing Bowl"],"acts_visited":["Exordium"],"potions_floor_usage":[16,16],"damage_taken":[{"damage":0,"enemies":"2 Louse","floor":2,"turns":3},{"damage":5,"enemies":"downfall:FleeingMerchant","floor":5,"turns":4},{"damage":4,"enemies":"Small Slimes","floor":9,"turns":5},{"damage":0,"enemies":"Cultist","floor":11,"turns":4},{"damage":20,"enemies":"Lagavulin","floor":12,"turns":7},{"damage":26,"enemies":"Exordium Thugs","floor":14,"turns":5},{"damage":0,"enemies":"downfall:LooterAlt","floor":15,"turns":3},{"damage":97,"enemies":"IC_STATUS_ARCHETYPE","floor":16,"turns":15}],"seed_played":"-6849607354717931992","potions_obtained":[{"floor":12,"key":"FearPotion"},{"floor":14,"key":"sneckomod:MuddlingPotion"},{"floor":15,"key":"Block Potion"}],"is_trial":false,"path_per_floor":["R","M","?","?","$","R","T","?","M","R","M","E","R","M","M","B"],"character_chosen":"SLIMEBOUND","items_purchased":[],"campfire_rested":0,"item_purchase_floors":[],"current_hp_per_floor":[59,65,65,65,65,65,72,82,81,81,82,72,72,64,72,0,0,0],"gold":197,"neow_bonus":"TRANSFORM_CARD","is_daily":false,"chose_seed":false,"campfire_upgraded":4,"win_rate":0.0,"timestamp":1613531029,"path_taken":["R","M","?","?","$","R","T","?","M","R","M","E","R","M","M","BOSS"],"items_purchased_type":[],"build_version":"2020-12-22","purchased_purges":0,"victory":false,"max_hp_per_floor":[65,65,65,65,65,65,72,82,82,82,82,84,84,86,88,88,88,88],"card_choices":[{"not_picked":["Slimebound:SamplingLick","Slimebound:SpikyOuterGoop"],"picked":"Slimebound:GoopSpray","floor":2},{"not_picked":["Slimebound:ForwardTackle","Slimebound:Dissolve"],"picked":"Slimebound:SpikyOuterGoop","floor":5},{"not_picked":["Slimebound:SlimeBarrage","Slimebound:FormOfPuddle"],"picked":"Slimebound:LivingWall","floor":9},{"not_picked":["Slimebound:RollThrough","Slimebound:SamplingLick"],"picked":"Slimebound:SlimeSpikes","floor":11},{"not_picked":["Slimebound:SplitLeeching","Slimebound:LivingWall","Slimebound:BestDefense"],"picked":"Singing Bowl","floor":12},{"not_picked":["Slimebound:Chomp","Slimebound:GoopTackle","Slimebound:BestDefense"],"picked":"Singing Bowl","floor":14},{"not_picked":["Slimebound:LivingWall","Slimebound:HauntingLick","Slimebound:SplitBruiser"],"picked":"Singing Bowl","floor":15}],"player_experience":783514,"relics_obtained":[{"floor":7,"key":"Strawberry"},{"floor":12,"key":"Singing Bowl"}],"event_choices":[],"is_beta":false,"boss_relics":[],"items_purged_floors":[],"is_endless":false,"potions_floor_spawned":[12,14,15],"killed_by":"IC_STATUS_ARCHETYPE","ascension_level":13}}