{"host":"4i5my69dv6e41930","time":1613547871,"event":{"mods":["AchievementEnabler","BaseMod","Minty Spire (QoL Compilation)","Relic Stats"],"gold_per_floor":[217,237,237,255,266,297,297,314,392,426,32,32,32,45,45,140,140,156,106,119,134,59,59,95,120,167,167,167],"floor_reached":27,"language":"ENG","playtime":1612,"items_purged":[],"score":478,"play_id":"dbcdaa5d-8a03-4476-962f-c6e0b4beaa6b","local_time":"20210217024431","is_ascension_mode":true,"campfire_choices":[{"data":"Neutralize","floor":7.0,"key":"SMITH"},{"data":"Noxious Fumes","floor":15,"key":"SMITH"},{"data":"Malaise","floor":23,"key":"SMITH"}],"circlet_count":0,"master_deck":["AscendersBane","Strike_G+1","Strike_G","Strike_G","Strike_G","Strike_G","Defend_G","Defend_G","Defend_G","Defend_G","Defend_G","Survivor","Neutralize+1","Poisoned Stab","Predator+1","Quick Slash+1","Die Die Die","Cloak And Dagger","Noxious Fumes+1","Malaise+1","Master of Strategy","Corpse Explosion","Bouncing Flask","Backflip"],"relics":["Ring of the Snake","Bronze Scales","Pantograph","FossilizedHelix","Golden Idol","Snecko Eye","Whetstone","Lantern"],"acts_visited":["Exordium","TheCity"],"potions_floor_usage":[10,14,25,27],"damage_taken":[{"damage":4.0,"enemies":"Small Slimes","floor":1.0,"turns":7.0},{"damage":0.0,"enemies":"2 Louse","floor":2.0,"turns":2.0},{"damage":0.0,"enemies":"Jaw Worm","floor":4.0,"turns":4.0},{"damage":14.0,"enemies":"Red Slaver","floor":5.0,"turns":4.0},{"damage":8.0,"enemies":"Gremlin Nob","floor":6.0,"turns":3.0},{"damage":9,"enemies":"Lots of Slimes","floor":8,"turns":3},{"damage":15,"enemies":"Lagavulin","floor":10,"turns":7},{"damage":6,"enemies":"Gremlin Gang","floor":14,"turns":3},{"damage":15,"enemies":"Hexaghost","floor":16,"turns":11},{"damage":11,"enemies":"2 Thieves","floor":18,"turns":2},{"damage":11,"enemies":"Spheric Guardian","floor":20,"turns":4},{"damage":0,"enemies":"3 Cultists","floor":21,"turns":2},{"damage":19,"enemies":"Book of Stabbing","floor":24,"turns":6},{"damage":2,"enemies":"Centurion and Healer","floor":25,"turns":5},{"damage":12,"enemies":"Snake Plant","floor":27,"turns":1}],"seed_played":"930259532858790417","potions_obtained":[{"floor":4.0,"key":"SpeedPotion"},{"floor":5.0,"key":"SneckoOil"},{"floor":8,"key":"EssenceOfSteel"},{"floor":10,"key":"CultistPotion"},{"floor":24,"key":"Fruit Juice"},{"floor":25,"key":"Weak Potion"}],"is_trial":false,"path_per_floor":["M","M","?","M","M","E","R","M","T","E","$","?","?","M","R","B",null,"M","?","M","M","$","R","E","M","T","M"],"character_chosen":"THE_SILENT","items_purchased":["Noxious Fumes","Malaise","Master of Strategy","Bouncing Flask"],"campfire_rested":0,"item_purchase_floors":[11,11,11,22],"current_hp_per_floor":[55,55,55,55,41,33,33,24,24,9,9,9,9,3,3,13,48,37,37,26,26,26,26,7,10,10,0,0],"gold":167,"neow_bonus":"HUNDRED_GOLD","is_daily":false,"chose_seed":false,"campfire_upgraded":3,"win_rate":0.0,"timestamp":1613547871,"path_taken":["M","M","?","M","M","E","R","M","T","E","$","?","?","?","R","BOSS","M","?","?","?","$","R","E","M","T","M"],"items_purchased_type":["Card","Card","Card","Card"],"build_version":"2020-12-22","purchased_purges":0,"victory":false,"max_hp_per_floor":[66,66,66,66,66,66,66,66,66,66,66,60,60,60,60,60,60,60,60,60,60,60,60,60,65,65,65,65],"relic_stats":{"counters":[15,64],"Golden Idol":43,"Bronze Scales":[157],"Pantograph":25,"Snecko Eye":[39,45,45,36],"Whetstone":["Quick Slash","Strike_G"],"obtain_stats":[{"Lantern":26,"Golden Idol":12,"Bronze Scales":6,"Pantograph":9,"Snecko Eye":17,"Whetstone":24,"FossilizedHelix":10,"Ring of the Snake":0},{"Lantern":14,"Golden Idol":7,"Bronze Scales":5,"Pantograph":6,"Snecko Eye":9,"Whetstone":13,"FossilizedHelix":7,"Ring of the Snake":0},{"Lantern":63,"Golden Idol":30,"Bronze Scales":20,"Pantograph":23,"Snecko Eye":44,"Whetstone":58,"FossilizedHelix":30,"Ring of the Snake":0}],"Ring of the Snake":[30]},"card_choices":[{"not_picked":["Outmaneuver","Slice"],"picked":"Poisoned Stab","floor":1.0},{"not_picked":["Concentrate","Acrobatics"],"picked":"Predator","floor":2.0},{"not_picked":["Tactician","Setup"],"picked":"Quick Slash","floor":4.0},{"not_picked":["Bane","Dodge and Roll","Outmaneuver"],"picked":"SKIP","floor":5.0},{"not_picked":["Poisoned Stab","Predator"],"picked":"Die Die Die","floor":6.0},{"not_picked":["Flechettes","Deflect","Flying Knee"],"picked":"SKIP","floor":8},{"not_picked":["Heel Hook","Dodge and Roll"],"picked":"Cloak And Dagger","floor":10},{"not_picked":["Bane","Calculated Gamble","Acrobatics"],"picked":"SKIP","floor":14},{"not_picked":["After Image","Unload"],"picked":"Corpse Explosion","floor":16},{"not_picked":["Flying Knee","Accuracy","Outmaneuver"],"picked":"SKIP","floor":18},{"not_picked":["All Out Attack","Dagger Throw","Slice"],"picked":"SKIP","floor":20},{"not_picked":["Outmaneuver","Dagger Spray","Dagger Throw"],"picked":"SKIP","floor":21},{"not_picked":["Expertise+1","Deadly Poison","Backstab"],"picked":"SKIP","floor":24},{"not_picked":["Endless Agony","Infinite Blades"],"picked":"Backflip","floor":25}],"player_experience":20355,"relics_obtained":[{"floor":6.0,"key":"Bronze Scales"},{"floor":9,"key":"Pantograph"},{"floor":10,"key":"FossilizedHelix"},{"floor":24,"key":"Whetstone"},{"floor":26,"key":"Lantern"}],"event_choices":[{"damage_healed":0.0,"max_hp_gain":0.0,"max_hp_loss":0.0,"gold_gain":0.0,"event_name":"Living Wall","player_choice":"Grow","floor":3.0,"gold_loss":0.0,"damage_taken":0.0,"cards_upgraded":["Predator"]},{"damage_healed":0,"gold_gain":0,"player_choice":"Lose Max HP","damage_taken":0,"relics_obtained":["Golden Idol"],"max_hp_gain":0,"max_hp_loss":6,"event_name":"Golden Idol","floor":12,"gold_loss":0},{"damage_healed":0,"gold_gain":0,"player_choice":"Fled","damage_taken":0,"max_hp_gain":0,"max_hp_loss":0,"event_name":"Scrap Ooze","floor":13,"gold_loss":0},{"damage_healed":0,"gold_gain":0,"player_choice":"Bet on Owner","damage_taken":0,"max_hp_gain":0,"max_hp_loss":0,"event_name":"The Joust","floor":19,"gold_loss":50}],"is_beta":false,"boss_relics":[{"not_picked":["Tiny House","WristBlade"],"picked":"Snecko Eye"}],"items_purged_floors":[],"is_endless":false,"potions_floor_spawned":[4,5,8,10,24,25],"killed_by":"Snake Plant","ascension_level":19}}