{"host":"13o02hya6v6rzuva","time":1613569152,"event":{"mods":["BaseMod","Minty Spire (QoL Compilation)","Relic Stats"],"gold_per_floor":[212,212,60,60,84,120,138,138,138,138,165,165,18,43,43,132,132,152,9,108,108,129,129,129,129],"floor_reached":24,"language":"ENG","playtime":702,"items_purged":[],"score":317,"play_id":"db92b352-e1f9-428e-a684-b5bafefc248d","local_time":"20210217143912","is_ascension_mode":true,"campfire_choices":[{"floor":10.0,"key":"REST"},{"data":"Disarm","floor":12.0,"key":"SMITH"},{"data":"Bash","floor":15.0,"key":"SMITH"},{"floor":23,"key":"REST"}],"circlet_count":0,"master_deck":["AscendersBane","Strike_R","Strike_R","Strike_R","Strike_R","Defend_R","Defend_R","Defend_R","Defend_R","Bash+1","Disarm+1","Dual Wield","Pommel Strike","Flex","Shrug It Off","Thunderclap","Juggernaut","Sword Boomerang","Fire Breathing"],"relics":["Burning Blood","Golden Idol","Tiny Chest","Ice Cream","Red Skull","Shuriken","Potion Belt","Mark of Pain","Regal Pillow"],"acts_visited":["Exordium","TheCity"],"potions_floor_usage":[22,24],"damage_taken":[{"damage":12.0,"enemies":"Jaw Worm","floor":1.0,"turns":6.0},{"damage":7.0,"enemies":"2 Louse","floor":5.0,"turns":4.0},{"damage":49.0,"enemies":"Lagavulin","floor":6.0,"turns":7.0},{"damage":8.0,"enemies":"Cultist","floor":7.0,"turns":4.0},{"damage":14.0,"enemies":"3 Louse","floor":14.0,"turns":5.0},{"damage":15.0,"enemies":"Hexaghost","floor":16.0,"turns":9.0},{"damage":7,"enemies":"Shell Parasite","floor":18,"turns":5},{"damage":23,"enemies":"2 Thieves","floor":22,"turns":5},{"damage":74,"enemies":"Slavers","floor":24,"turns":3}],"seed_played":"-2977331144102549532","potions_obtained":[{"floor":1.0,"key":"LiquidMemories"},{"floor":7.0,"key":"LiquidBronze"},{"floor":14.0,"key":"Weak Potion"},{"floor":22,"key":"Dexterity Potion"}],"is_trial":false,"path_per_floor":["M","?","$","?","M","E","M","?","T","R","T","R","$","M","R","B",null,"M","$","?","?","M","R","E"],"character_chosen":"IRONCLAD","items_purchased":["Tiny Chest","Potion Belt","Regal Pillow"],"campfire_rested":2,"item_purchase_floors":[3,13,19],"current_hp_per_floor":[66,66,66,66,65,22,20,20,20,42,42,42,42,34,34,25,62,61,61,61,61,44,74,0,0],"gold":129,"neow_bonus":"HUNDRED_GOLD","is_daily":false,"chose_seed":false,"campfire_upgraded":2,"win_rate":0.0,"timestamp":1613569152,"path_taken":["M","?","$","?","?","E","M","?","T","R","?","R","?","M","R","BOSS","M","$","?","?","M","R","E"],"items_purchased_type":["Relic","Relic","Relic"],"build_version":"2020-12-22","purchased_purges":0,"victory":false,"max_hp_per_floor":[80,74,74,74,74,74,74,74,74,74,74,74,74,74,74,74,74,74,74,74,74,74,74,74,74],"relic_stats":{"Regal Pillow":8,"counters":[9,48],"Golden Idol":47,"Shuriken":[5],"Tiny Chest":1,"obtain_stats":[{"Ice Cream":6,"Potion Belt":13,"Regal Pillow":19,"Golden Idol":2,"Shuriken":9,"Tiny Chest":3,"Mark of Pain":17,"Burning Blood":0,"Red Skull":8},{"Ice Cream":3,"Potion Belt":4,"Regal Pillow":7,"Golden Idol":1,"Shuriken":4,"Tiny Chest":1,"Mark of Pain":6,"Burning Blood":0,"Red Skull":4},{"Ice Cream":17,"Potion Belt":21,"Regal Pillow":40,"Golden Idol":6,"Shuriken":21,"Tiny Chest":6,"Mark of Pain":35,"Burning Blood":0,"Red Skull":21}],"Burning Blood":48},"card_choices":[{"not_picked":["Pommel Strike","Havoc"],"picked":"Disarm","floor":1.0},{"not_picked":["Warcry","Uppercut"],"picked":"Pommel Strike","floor":5.0},{"not_picked":["Iron Wave","Heavy Blade"],"picked":"Flex","floor":6.0},{"not_picked":["Havoc","Warcry"],"picked":"Shrug It Off","floor":7.0},{"not_picked":["Warcry","Iron Wave"],"picked":"Thunderclap","floor":14.0},{"not_picked":["Double Tap","Corruption"],"picked":"Juggernaut","floor":16.0},{"not_picked":["Ghostly Armor","Rampage"],"picked":"Sword Boomerang","floor":18},{"not_picked":["Heavy Blade","Hemokinesis+1"],"picked":"Fire Breathing","floor":22}],"player_experience":1228600,"relics_obtained":[{"floor":6.0,"key":"Ice Cream"},{"floor":9.0,"key":"Shuriken"}],"event_choices":[{"damage_healed":0.0,"max_hp_gain":0.0,"max_hp_loss":6.0,"gold_gain":0.0,"event_name":"Golden Idol","player_choice":"Lose Max HP","floor":2.0,"gold_loss":0.0,"damage_taken":0.0,"relics_obtained":["Golden Idol"]},{"damage_healed":0.0,"max_hp_gain":0.0,"max_hp_loss":0.0,"gold_gain":0.0,"cards_transformed":["Strike_R"],"event_name":"Transmorgrifier","player_choice":"Transformed","floor":4.0,"gold_loss":0.0,"damage_taken":0.0,"cards_obtained":["Dual Wield"]},{"damage_healed":0.0,"max_hp_gain":0.0,"max_hp_loss":0.0,"gold_gain":0.0,"event_name":"WeMeetAgain","player_choice":"Gave Potion","floor":8.0,"gold_loss":0.0,"damage_taken":0.0,"relics_obtained":["Red Skull"]},{"damage_healed":0,"gold_gain":99,"player_choice":"Stole From Cult","damage_taken":0,"max_hp_gain":0,"max_hp_loss":0,"event_name":"Nest","floor":20,"gold_loss":0},{"damage_healed":0,"gold_gain":0,"player_choice":"Ignored","damage_taken":0,"max_hp_gain":0,"max_hp_loss":0,"event_name":"Vampires","floor":21,"gold_loss":0}],"is_beta":false,"boss_relics":[{"not_picked":["Ectoplasm","Black Star"],"picked":"Mark of Pain"}],"items_purged_floors":[],"is_endless":false,"potions_floor_spawned":[1,7,14,22],"killed_by":"Slavers","ascension_level":13}}