{"host":"y76clbnovzmw9ubx","time":1613523281,"event":{"mods":["AchievementEnabler","BaseMod","Minty Spire (QoL Compilation)","Permanent Neow","Relic Stats"],"gold_per_floor":[114,125,142,155,174,174,203,278,329,329,9,40,51,51,51,146,146,160,181,205,205,221,244,244,289,289,298,328,357,357,357],"floor_reached":30,"language":"ENG","playtime":1691,"items_purged":["Strike_G"],"score":532,"play_id":"e450a830-0e4d-4158-b877-1d0eeee2377d","local_time":"20210216195441","is_ascension_mode":true,"campfire_choices":[{"data":"Bouncing Flask","floor":6,"key":"SMITH"},{"data":"Finisher","floor":10,"key":"SMITH"},{"data":"Leg Sweep","floor":15,"key":"SMITH"},{"floor":24,"key":"REST"},{"floor":27,"key":"REST"}],"circlet_count":0,"master_deck":["AscendersBane","Strike_G","Strike_G","Strike_G","Strike_G","Defend_G+1","Defend_G","Defend_G","Defend_G","Defend_G+1","Survivor","Neutralize","Sucker Punch","Dagger Spray","Bouncing Flask+1","Finisher+1","Leg Sweep+1","Slice","Burst","Dodge and Roll","Backflip+1","Blade Dance","Night Terror","Cloak And Dagger","Cloak And Dagger","Catalyst","Doppelganger"],"relics":["Ring of the Snake","Dream Catcher","Orichalcum","Ninja Scroll","War Paint","Bronze Scales","Calipers","Golden Idol","Fusion Hammer","CeramicFish","Paper Crane"],"acts_visited":["Exordium","TheCity"],"potions_floor_usage":[7,19,22,25,28,29],"damage_taken":[{"damage":3,"enemies":"Cultist","floor":1,"turns":5},{"damage":3,"enemies":"2 Louse","floor":2,"turns":4},{"damage":0,"enemies":"Jaw Worm","floor":3,"turns":5},{"damage":10,"enemies":"Gremlin Gang","floor":4,"turns":6},{"damage":1,"enemies":"2 Fungi Beasts","floor":5,"turns":4},{"damage":3,"enemies":"Gremlin Nob","floor":7,"turns":3},{"damage":4,"enemies":"Lagavulin","floor":12,"turns":5},{"damage":2,"enemies":"Large Slime","floor":13,"turns":4},{"damage":9,"enemies":"Hexaghost","floor":16,"turns":9},{"damage":0,"enemies":"3 Byrds","floor":18,"turns":4},{"damage":0,"enemies":"Chosen","floor":19,"turns":5},{"damage":14,"enemies":"3 Cultists","floor":20,"turns":7},{"damage":0,"enemies":"Centurion and Healer","floor":22,"turns":1},{"damage":0,"enemies":"Snecko","floor":23,"turns":1},{"damage":23,"enemies":"Book of Stabbing","floor":25,"turns":6},{"damage":0,"enemies":"Cultist and Chosen","floor":28,"turns":4},{"damage":31,"enemies":"Centurion and Healer","floor":29,"turns":8},{"damage":20,"enemies":"Shelled Parasite and Fungi","floor":30,"turns":4}],"seed_played":"888924945347094163","potions_obtained":[{"floor":2,"key":"DistilledChaos"},{"floor":4,"key":"SpeedPotion"},{"floor":13,"key":"GhostInAJar"},{"floor":20,"key":"SteroidPotion"},{"floor":21,"key":"PowerPotion"},{"floor":23,"key":"DuplicationPotion"},{"floor":25,"key":"Poison Potion"}],"is_trial":false,"path_per_floor":["M","M","M","M","M","R","E","T","T","R","$","E","M","?","R","B",null,"M","M","M","?","M","M","R","E","T","R","M","M","M"],"character_chosen":"THE_SILENT","items_purchased":["Bronze Scales","Leg Sweep"],"campfire_rested":2,"item_purchase_floors":[11,11],"current_hp_per_floor":[56,53,53,43,42,42,39,39,39,39,39,35,33,33,33,24,51,51,51,37,37,37,37,55,32,32,50,50,19,0,0],"gold":357,"neow_bonus":"RANDOM_COMMON_RELIC","is_daily":false,"chose_seed":false,"campfire_upgraded":3,"win_rate":0.0,"timestamp":1613523281,"path_taken":["M","M","M","M","M","R","E","?","T","R","$","E","M","?","R","BOSS","M","M","M","?","M","M","R","E","T","R","M","M","?"],"items_purchased_type":["Relic","Card"],"build_version":"2020-12-22","purchased_purges":1,"victory":false,"max_hp_per_floor":[66,66,66,66,66,66,66,66,66,66,66,66,66,60,60,60,60,60,60,60,60,60,60,60,60,60,60,60,60,60,60],"relic_stats":{"Dream Catcher":2,"counters":[18,85],"Golden Idol":54,"Bronze Scales":[191],"CeramicFish":36,"Orichalcum":[66],"War Paint":["Defend_G","Defend_G"],"obtain_stats":[{"Dream Catcher":0,"Calipers":12,"Ninja Scroll":8,"Golden Idol":14,"Bronze Scales":11,"CeramicFish":25,"Fusion Hammer":17,"Orichalcum":7,"War Paint":9,"Paper Crane":26,"Ring of the Snake":0},{"Dream Catcher":0,"Calipers":7,"Ninja Scroll":6,"Golden Idol":8,"Bronze Scales":6,"CeramicFish":15,"Fusion Hammer":9,"Orichalcum":6,"War Paint":6,"Paper Crane":15,"Ring of the Snake":0},{"Dream Catcher":0,"Calipers":32,"Ninja Scroll":27,"Golden Idol":36,"Bronze Scales":27,"CeramicFish":69,"Fusion Hammer":45,"Orichalcum":27,"War Paint":27,"Paper Crane":69,"Ring of the Snake":0}],"Ring of the Snake":[36]},"card_choices":[{"not_picked":["Blade Dance","Expertise"],"picked":"Sucker Punch","floor":1},{"not_picked":["Prepared","Dodge and Roll","Cloak And Dagger"],"picked":"SKIP","floor":2},{"not_picked":["Deflect","Bane"],"picked":"Dagger Spray","floor":3},{"not_picked":["Sucker Punch","Flying Knee","Blade Dance"],"picked":"SKIP","floor":4},{"not_picked":["Quick Slash","Sucker Punch"],"picked":"Bouncing Flask","floor":5},{"not_picked":["Expertise","Setup"],"picked":"Finisher","floor":7},{"not_picked":["Unload","Flying Knee"],"picked":"Slice","floor":12},{"not_picked":["Dagger Throw","Outmaneuver","Expertise"],"picked":"SKIP","floor":13},{"not_picked":["Venomology","Die Die Die"],"picked":"Burst","floor":16},{"not_picked":["Deflect","Riddle With Holes"],"picked":"Dodge and Roll","floor":18},{"not_picked":["Dagger Throw","Infinite Blades"],"picked":"Backflip+1","floor":19},{"not_picked":["Finisher","Dagger Spray"],"picked":"Blade Dance","floor":20},{"not_picked":["Flying Knee","Quick Slash","Backflip"],"picked":"SKIP","floor":22},{"not_picked":["Backflip","Dodge and Roll"],"picked":"Night Terror","floor":23},{"not_picked":["PiercingWail","Prepared"],"picked":"Cloak And Dagger","floor":25},{"not_picked":["Underhanded Strike","Outmaneuver"],"picked":"Cloak And Dagger","floor":27},{"not_picked":["Bane","All Out Attack"],"picked":"Catalyst","floor":28},{"not_picked":["Dagger Throw","Acrobatics"],"picked":"Doppelganger","floor":29}],"player_experience":3253184,"relics_obtained":[{"floor":7,"key":"Orichalcum"},{"floor":8,"key":"Ninja Scroll"},{"floor":9,"key":"War Paint"},{"floor":12,"key":"Calipers"},{"floor":25,"key":"CeramicFish"},{"floor":26,"key":"Paper Crane"}],"event_choices":[{"damage_healed":0,"gold_gain":0,"player_choice":"Lose Max HP","damage_taken":0,"relics_obtained":["Golden Idol"],"max_hp_gain":0,"max_hp_loss":6,"event_name":"Golden Idol","floor":14,"gold_loss":0},{"damage_healed":0,"gold_gain":0,"player_choice":"Got Potions","damage_taken":0,"max_hp_gain":0,"max_hp_loss":0,"event_name":"Lab","floor":21,"gold_loss":0}],"is_beta":false,"boss_relics":[{"not_picked":["Empty Cage","Black Star"],"picked":"Fusion Hammer"}],"items_purged_floors":[11],"is_endless":false,"potions_floor_spawned":[2,4,13,18,20,23,25],"killed_by":"Shelled Parasite and Fungi","ascension_level":20}}