{"host":"3z9xbwjeimmg738z","time":1613538755,"event":{"mods":["100% Spire Juice","2.2 Compatiblity","Act Like it!","AlwaysNeverKeys","Bard","BaseMod","Beaked The Cultist","Better Altar","Better Match","Better Note","Better Sensory Stone","Better Skull","Better Synergies","Better Third Choice","CapriCore","Colored Powertips","Defuse TimeMaze Blight","Dio Mod","Displayed Cursed Tome","Emptier Cage","Faster Ascension Climbing","GifTheSpireLib","Minty Spire (QoL Compilation)","Permanent Neow","Replay The Spire","Ruina","StSLib","The Showman","TheBandit","Uncapped"],"gold_per_floor":[110,127,137,155,172,200,200,217,294,323,335,335,361,361,361,461,461,475,475,490,490,490,490],"floor_reached":22,"language":"ENG","playtime":1900,"items_purged":[],"score":218,"play_id":"8d1eb19b-0784-4d5b-a490-d9d68cb82149","local_time":"20210216211235","daily_mods":["ControlledChaos"],"is_ascension_mode":true,"campfire_choices":[{"data":"dioMod:Regeneration","floor":7,"key":"SMITH"},{"data":"dioMod:SecretPlan","floor":12,"key":"SMITH"},{"data":"Bite","floor":15,"key":"SMITH"}],"circlet_count":0,"master_deck":["dioMod:Strike","dioMod:Strike","dioMod:Strike","dioMod:Strike+1","Bite+1","dioMod:Defend+1","dioMod:Defend+1","dioMod:Defend","dioMod:Defend","dioMod:Regeneration+1","dioMod:SecretPlan+1","dioMod:CoffinBath+1"],"relics":["dioMod:VampireBlood","Frozen Eye","War Paint","Replay:Bottled Eggs","Ginger","Ice Cream","SacredBark","ruina:Prescript","Vajra"],"acts_visited":["Exordium","ruina:Briah"],"potions_floor_usage":[6,13,13,18,18],"damage_taken":[{"damage":0,"enemies":"Cultist","floor":1,"turns":3},{"damage":2,"enemies":"Small Slimes","floor":2,"turns":4},{"damage":7,"enemies":"Jaw Worm","floor":3,"turns":5},{"damage":13,"enemies":"Gremlin Gang","floor":4,"turns":8},{"damage":14,"enemies":"3 Louse","floor":5,"turns":4},{"damage":47,"enemies":"3 Sentries","floor":6,"turns":11},{"damage":18,"enemies":"Large Slime","floor":8,"turns":9},{"damage":41,"enemies":"Lagavulin","floor":10,"turns":9},{"damage":7,"enemies":"Exordium Thugs","floor":11,"turns":5},{"damage":26,"enemies":"Gremlin Nob","floor":13,"turns":5},{"damage":47,"enemies":"Slime Boss","floor":16,"turns":11},{"damage":0,"enemies":"ruina:3_Bats","floor":18,"turns":3},{"damage":32,"enemies":"ruina:Nosferatu","floor":20,"turns":5},{"damage":97,"enemies":"ruina:KnightOfDespair","floor":22,"turns":6}],"seed_played":"-5901125891587293763","potions_obtained":[{"floor":1,"key":"SpeedPotion"},{"floor":4,"key":"LiquidMemories"},{"floor":6,"key":"Fruit Juice"},{"floor":10,"key":"Fire Potion"},{"floor":13,"key":"AttackPotion"}],"is_trial":true,"path_per_floor":["M","M","M","M","M","E","R","M","T","E","M","R","E","?","R","B",null,"M","?","M","?","M"],"character_chosen":"THE_DEFAULT","items_purchased":[],"campfire_rested":0,"item_purchase_floors":[],"current_hp_per_floor":[75,75,71,75,75,80,80,80,80,57,72,72,54,54,54,60,80,80,80,54,24,0,0],"gold":490,"neow_bonus":"","is_daily":false,"chose_seed":false,"campfire_upgraded":3,"win_rate":0.0,"timestamp":1613538755,"path_taken":["M","?","M","M","M","E","R","M","T","E","M","R","E","?","R","BOSS","M","?","M","?","?"],"items_purchased_type":[],"build_version":"2020-12-22","purchased_purges":0,"victory":false,"max_hp_per_floor":[75,75,75,75,75,80,80,80,80,80,80,80,80,80,80,80,80,80,80,80,80,80,80],"card_choices":[{"not_picked":["dioMod:GoodbyeJojo","dioMod:CautiousMuda","dioMod:Roundabout"],"picked":"SKIP","floor":1},{"not_picked":["dioMod:BloodShield","dioMod:VengefulMuda","dioMod:LaserVision"],"picked":"SKIP","floor":2},{"not_picked":["dioMod:StreetSign","dioMod:DaggerToss","dioMod:Muda"],"picked":"SKIP","floor":3},{"not_picked":["dioMod:FlyAway","dioMod:CautiousMuda"],"picked":"dioMod:Regeneration","floor":4},{"not_picked":["dioMod:DaggerToss","dioMod:ComposedMuda","dioMod:WRYYY"],"picked":"SKIP","floor":5},{"not_picked":["dioMod:Muda","dioMod:GoodbyeJojo","dioMod:DaggerToss"],"picked":"SKIP","floor":6},{"not_picked":["dioMod:Diversion","dioMod:Muda","dioMod:BloodSplash"],"picked":"SKIP","floor":8},{"not_picked":["dioMod:CautiousMuda","dioMod:WRYYY"],"picked":"dioMod:SecretPlan","floor":10},{"not_picked":["dioMod:BloodShield","dioMod:DoubleTime","dioMod:LaserVision"],"picked":"SKIP","floor":11},{"not_picked":["dioMod:DaggerToss","dioMod:LaserVision"],"picked":"dioMod:CoffinBath","floor":13},{"not_picked":["dioMod:Pluck","dioMod:Roundabout+1","dioMod:SadisticLaugh"],"picked":"SKIP","floor":18},{"not_picked":["dioMod:FlyAway","dioMod:Roundabout","dioMod:SecretPlan"],"picked":"SKIP","floor":20}],"player_experience":191778,"relics_obtained":[{"floor":6,"key":"War Paint"},{"floor":9,"key":"Replay:Bottled Eggs"},{"floor":10,"key":"Ginger"},{"floor":13,"key":"Ice Cream"}],"event_choices":[{"damage_healed":0,"gold_gain":0,"player_choice":"Grow","damage_taken":0,"max_hp_gain":0,"max_hp_loss":0,"event_name":"Living Wall","floor":14,"gold_loss":0,"cards_upgraded":["dioMod:CoffinBath"]},{"damage_healed":0,"gold_gain":0,"player_choice":"UP RE ","damage_taken":34,"relics_obtained":["Vajra"],"max_hp_gain":0,"max_hp_loss":0,"event_name":"betterSkull:BetterSkull","floor":21,"gold_loss":0,"cards_upgraded":["dioMod:Strike"]}],"is_beta":false,"boss_relics":[{"not_picked":["Astrolabe","ReplayTheSpireMod:DimensionalGlitch"],"picked":"SacredBark"}],"items_purged_floors":[],"is_endless":false,"potions_floor_spawned":[1,4,6,10,13],"killed_by":"ruina:KnightOfDespair","ascension_level":1}}