{"host":"8d3fefv2347kqkpz","time":1613560627,"event":{"mods":["AchievementEnabler","Aspiration","BaseMod","Better Vampires","BetterRewards","Colored Map","Colored Powertips","Downfall","Emptier Cage","Highlight Path","Marked Mod","Minty Spire (QoL Compilation)","Permanent Neow","Quick Restart","Rare Cards Sparkle","Relic Stats","Say the Spire","Spicy Shops","StSLib","Waifu the Spire"],"gold_per_floor":[110,128,53,53,63,63,50,50,50,50,50,64,64,90,90,193,193,203,203,203,103,123,140,140,140],"floor_reached":24,"language":"ZHS","playtime":756,"items_purged":["Strike_P","LikeWater"],"score":196,"play_id":"595fd806-ba8e-4d53-9f44-2cb5d24316b4","local_time":"20210217191707","is_ascension_mode":false,"campfire_choices":[{"data":"Eruption","floor":6.0,"key":"SMITH"},{"data":"Adaptation","floor":8.0,"key":"SMITH"},{"data":"Vigilance","floor":10.0,"key":"SMITH"},{"floor":15.0,"key":"REST"}],"circlet_count":0,"master_deck":["Strike_P","Strike_P","Defend_P","Defend_P","Eruption+1","Vigilance+1","Adaptation+1","Indignation","Ragnarok"],"relics":["PureWater","Centennial Puzzle","Shuriken"],"acts_visited":["Exordium","TheCity"],"potions_floor_usage":[],"damage_taken":[{"damage":0.0,"enemies":"Jaw Worm","floor":1.0,"turns":6.0},{"damage":6.0,"enemies":"Small Slimes","floor":2.0,"turns":3.0},{"damage":1.0,"enemies":"Cultist","floor":5.0,"turns":4.0},{"damage":13.0,"enemies":"Exordium Thugs","floor":7.0,"turns":4.0},{"damage":5.0,"enemies":"Looter","floor":12.0,"turns":3.0},{"damage":19.0,"enemies":"3 Sentries","floor":14.0,"turns":8.0},{"damage":25.0,"enemies":"Slime Boss","floor":16.0,"turns":8.0},{"damage":16.0,"enemies":"3 Byrds","floor":18.0,"turns":4.0},{"damage":6.0,"enemies":"Shell Parasite","floor":22.0,"turns":5.0},{"damage":25.0,"enemies":"Snecko","floor":23.0,"turns":5.0},{"damage":37,"enemies":"3 Cultists","floor":24,"turns":4}],"seed_played":"2288198720676343628","potions_obtained":[{"floor":1.0,"key":"ColorlessPotion"},{"floor":14.0,"key":"SpeedPotion"}],"is_trial":false,"path_per_floor":["M","M","$","?","M","R","M","R","T","R","?","M","T","E","R","B",null,"M","?","?","$","M","M","M"],"character_chosen":"WATCHER","items_purchased":[],"campfire_rested":1,"item_purchase_floors":[],"current_hp_per_floor":[65,59,59,64,63,63,50,50,50,50,50,45,45,26,47,22,70,54,54,54,54,48,23,0,0],"gold":140,"neow_bonus":"TRANSFORM_TWO_CARDS","is_daily":false,"chose_seed":false,"campfire_upgraded":3,"win_rate":0.0,"timestamp":1613560627,"path_taken":["M","M","$","?","M","R","M","R","T","R","?","?","?","E","R","BOSS","M","?","?","$","?","M","M"],"items_purchased_type":[],"build_version":"2020-12-22","purchased_purges":2,"victory":false,"max_hp_per_floor":[65,65,65,70,70,70,70,70,70,70,70,70,70,70,70,70,70,70,70,70,70,70,70,70,70],"relic_stats":{"Centennial Puzzle":[18],"counters":[11,54],"Shuriken":[5],"obtain_stats":[{"Centennial Puzzle":13,"Shuriken":14,"PureWater":0},{"Centennial Puzzle":5,"Shuriken":6,"PureWater":0},{"Centennial Puzzle":20,"Shuriken":28,"PureWater":0}]},"card_choices":[{"not_picked":["Wallop","Crescendo","JustLucky"],"picked":"SKIP","floor":1.0},{"not_picked":["FlyingSleeves","EmptyBody","Meditate"],"picked":"SKIP","floor":2.0},{"not_picked":["EmptyBody","PathToVictory","WaveOfTheHand"],"picked":"SKIP","floor":5.0},{"not_picked":["BowlingBash","ClearTheMind","Consecrate"],"picked":"SKIP","floor":7.0},{"not_picked":["Meditate","Halt"],"picked":"Indignation","floor":12.0},{"not_picked":["Crescendo","ForeignInfluence","MarkedMod:FirstStrike"],"picked":"SKIP","floor":14.0},{"not_picked":["Scrawl","Vault"],"picked":"Ragnarok","floor":16.0},{"not_picked":["EmptyFist","PathToVictory+1","SignatureMove+1"],"picked":"SKIP","floor":18.0},{"not_picked":["ForeignInfluence","FlurryOfBlows+1","SashWhip"],"picked":"SKIP","floor":22.0},{"not_picked":["FlyingSleeves","Conclude","ThirdEye+1"],"picked":"SKIP","floor":23.0}],"player_experience":446010,"relics_obtained":[{"floor":13.0,"key":"Centennial Puzzle"},{"floor":14.0,"key":"Shuriken"}],"event_choices":[{"damage_healed":0.0,"max_hp_gain":5.0,"max_hp_loss":0.0,"gold_gain":0.0,"event_name":"Big Fish","player_choice":"Donut","floor":4.0,"gold_loss":0.0,"damage_taken":0.0},{"cards_removed":["Defend_P"],"damage_healed":0.0,"max_hp_gain":0.0,"max_hp_loss":0.0,"gold_gain":0.0,"event_name":"Purifier","player_choice":"Purged","floor":11.0,"gold_loss":0.0,"damage_taken":0.0},{"damage_healed":0.0,"max_hp_gain":0.0,"max_hp_loss":0.0,"gold_gain":0.0,"event_name":"Cursed Tome","player_choice":"Ignored","floor":19.0,"gold_loss":0.0,"damage_taken":0.0},{"damage_healed":0.0,"max_hp_gain":0.0,"max_hp_loss":0.0,"gold_gain":0.0,"event_name":"The Mausoleum","player_choice":"Ignored","floor":20.0,"gold_loss":0.0,"damage_taken":0.0}],"is_beta":false,"boss_relics":[{"not_picked":["Velvet Choker","aspiration:FutureDiary","Snecko Eye"]}],"items_purged_floors":[3,21],"is_endless":false,"potions_floor_spawned":[1,14,16,22],"killed_by":"3 Cultists","ascension_level":0}}