{"host":"uxjsgyia3bdyayt0","time":1613562243,"event":{"mods":["AchievementEnabler","Act Like it!","BaseMod","Downfall","Elementarium","Gensokyo","Hallownest","KinomotoSakuraMod(木之本?)","Koishi","Lobotomy","Marisa（霧雨　魔理沙）","Menagerie","Minty Spire (QoL Compilation)","Pale of the Ancients","Prisma Mod","Reimu（博??梦）","Remilia（蕾米莉?）","Replay The Spire","Ruina","StSLib","The Bug Knight","The Jungle","The Senshi","The Servant 0.9.4","Yakumo Yukari mod","Yuyuko"],"gold_per_floor":[112,112,132,381,394,394,394,394],"floor_reached":7,"language":"ENG","playtime":415,"items_purged":[],"score":41,"play_id":"aeab6857-f523-4284-a59b-179e1ab7b6eb","local_time":"20210217114403","is_ascension_mode":false,"campfire_choices":[{"floor":6,"key":"REST"}],"circlet_count":0,"master_deck":["PrismaMod:ChloeCommonAttack","PrismaMod:ChloeCommonAttack","PrismaMod:ChloeCommonAttack","PrismaMod:ChloeCommonAttack","PrismaMod:ChloeCommonAttack","PrismaMod:ChloeCommonDefend","PrismaMod:ChloeCommonDefend","PrismaMod:ChloeCommonDefend","PrismaMod:ChloeCommonDefend","PrismaMod:ChloeCommonDefend","PrismaMod:ChloeCheapAttack","PrismaMod:ChloeCheapDefend","HeroicMonk","PrismaMod:ChloeRhongomyniad","GreedKing","PrismaMod:ChloeExhaustOne","PrismaMod:ChloeUnlimitedBladeWorks","Bloodbath","PrismaMod:ChloeCheapAttack"],"relics":["PrismaMod:PrismaTraceOn","CogitoBucket","Golden Idol"],"acts_visited":["Exordium"],"potions_floor_usage":[7],"damage_taken":[{"damage":1,"enemies":"Small Slimes","floor":1,"turns":3},{"damage":8,"enemies":"Jaw Worm","floor":3,"turns":4},{"damage":0,"enemies":"Cultist","floor":5,"turns":3},{"damage":54,"enemies":"3 Sentries","floor":7,"turns":8}],"seed_played":"7667614482538214644","potions_obtained":[{"floor":5,"key":"champ:CounterPotion"}],"is_trial":false,"path_per_floor":["M","?","M","?","M","R","E"],"character_chosen":"CHLOE","items_purchased":[],"campfire_rested":1,"item_purchase_floors":[],"current_hp_per_floor":[74,56,48,30,30,52,0,0],"gold":394,"neow_bonus":"","is_daily":false,"chose_seed":false,"campfire_upgraded":0,"win_rate":0.0,"timestamp":1613562243,"path_taken":["M","?","M","?","M","R","E"],"items_purchased_type":[],"build_version":"2020-12-22","purchased_purges":0,"victory":false,"max_hp_per_floor":[75,75,75,75,75,75,75,75],"card_choices":[{"not_picked":["BigBadWolf","Woodsman"],"picked":"HeroicMonk","floor":1},{"not_picked":["PrismaMod:ChloeCheapAttack","PrismaMod:ChloeCheapAttackTwo"],"picked":"PrismaMod:ChloeRhongomyniad","floor":1},{"not_picked":["Bloodbath","Alriune"],"picked":"GreedKing","floor":3},{"not_picked":["PrismaMod:ChloeRuleBreaker","PrismaMod:ChloeDiscardRecovery"],"picked":"PrismaMod:ChloeExhaustOne","floor":3},{"not_picked":["PrismaMod:ChloeCommonAOEAttack","PrismaMod:ChloeExhaustTwo"],"picked":"PrismaMod:ChloeUnlimitedBladeWorks","floor":4},{"not_picked":["OldLady","CrumblingArmor"],"picked":"Bloodbath","floor":5},{"not_picked":["PrismaMod:ChloeExhaustOne","PrismaMod:ChloeCheapDefend"],"picked":"PrismaMod:ChloeCheapAttack","floor":5}],"player_experience":37226,"relics_obtained":[],"event_choices":[{"damage_healed":0,"gold_gain":0,"player_choice":"Take Damage","damage_taken":18,"relics_obtained":["Golden Idol"],"max_hp_gain":0,"max_hp_loss":0,"event_name":"Golden Idol","floor":2,"gold_loss":0}],"is_beta":false,"boss_relics":[],"items_purged_floors":[],"is_endless":false,"potions_floor_spawned":[5],"killed_by":"3 Sentries","ascension_level":0}}