{"host":"y4fuci1jk2rsxnep","time":1613521535,"event":{"mods":["AchievementEnabler","BaseMod","Colored Powertips","Custom Start","Defuse TimeMaze Blight","Dio Mod","Downfall","Hermit","Hero for Fun","Hubris","Hunter ??","Infinite Spire","Minty Spire (QoL Compilation)","Quick Restart","Reliquary","Remove Card Discount Mod","Replay The Spire","StSLib","The Blackbeard","The Bug Knight","The Mystic","The Runesmith"],"gold_per_floor":[139,139,139,139,139,170,213,213,213,231,231,89,89,107,107,107,107],"floor_reached":16,"language":"ENG","playtime":613,"items_purged":[],"score":148,"play_id":"21223d32-6eb8-4107-8ad4-e13f6eb07582","local_time":"20210217012535","is_ascension_mode":false,"campfire_choices":[{"data":"GremlinNobPetCall","floor":11,"key":"SMITH"},{"data":"CultistPetCall","floor":13,"key":"SMITH"},{"data":"CultistPetCall","floor":15,"key":"SMITH"}],"circlet_count":0,"master_deck":["Strike_Giant","Strike_Giant","Defend_Giant","Defend_Giant","Defend_Giant","Defend_Giant","CultistPetCall+1","EagleFirst","EagleFirst","EagleSecond","Trace_Giant","Injury","CultistPetCall+1","GremlinNobPetCall+1","hubris:NaturalOne","HPGrowth_Giant","Double Mana","Drunk Grant"],"relics":["GiantSoulBox","NeowsBlessing","hubris:Icosahedron","Golden Idol","Gambling Chip","reliquary:PrincelyHelmet"],"acts_visited":["Exordium"],"potions_floor_usage":[],"damage_taken":[{"damage":0,"enemies":"Jaw Worm","floor":1,"turns":1},{"damage":0,"enemies":"Lagavulin","floor":6,"turns":1},{"damage":0,"enemies":"Small Slimes","floor":7,"turns":1},{"damage":6,"enemies":"2 Louse","floor":10,"turns":3},{"damage":6,"enemies":"2 Fungi Beasts","floor":14,"turns":3},{"damage":68,"enemies":"Slime Boss","floor":16,"turns":8}],"seed_played":"7650871153062008824","potions_obtained":[{"floor":1,"key":"Swift Potion"},{"floor":10,"key":"Adrenaline Potion"},{"floor":14,"key":"Guardian:BlockOnCardUsePotion"}],"is_trial":false,"path_per_floor":["M","?","?","?","?","E","M","?","T","M","R","$","R","M","R","B"],"character_chosen":"Giant","items_purchased":["Double Mana"],"campfire_rested":0,"item_purchase_floors":[12],"current_hp_per_floor":[65,65,70,70,70,70,75,75,75,69,69,69,69,63,63,0,0],"gold":107,"neow_bonus":"THREE_ENEMY_KILL","is_daily":false,"chose_seed":false,"campfire_upgraded":3,"win_rate":0.0,"timestamp":1613521535,"path_taken":["M","?","?","?","?","E","M","?","T","?","R","$","R","M","R","BOSS"],"items_purchased_type":["Card"],"build_version":"2020-12-22","purchased_purges":0,"victory":false,"max_hp_per_floor":[65,65,70,70,70,70,75,75,75,75,75,75,75,75,75,75,75],"card_choices":[{"not_picked":["Combo Recycle","Fanatic Cultist"],"picked":"Trace_Giant","floor":1},{"not_picked":["Blood Defend","Combo Recycle","GremlinTsunderePetCall"],"picked":"SKIP","floor":6},{"not_picked":["GremlinTsunderePetCall","Trace_Giant"],"picked":"CultistPetCall","floor":7},{"not_picked":["Echo Defend Giant","Combo Recycle"],"picked":"HPGrowth_Giant","floor":10},{"not_picked":["Seek Pet","Clone Minion"],"picked":"Drunk Grant","floor":14}],"player_experience":626580,"relics_obtained":[{"floor":6,"key":"Gambling Chip"},{"floor":9,"key":"reliquary:PrincelyHelmet"}],"event_choices":[{"damage_healed":0,"gold_gain":0,"player_choice":"Donut","damage_taken":0,"max_hp_gain":5,"max_hp_loss":0,"event_name":"Big Fish","floor":3,"gold_loss":0},{"damage_healed":0,"gold_gain":0,"player_choice":"Leave","damage_taken":0,"max_hp_gain":0,"max_hp_loss":0,"event_name":"The Cleric","floor":4,"gold_loss":0},{"damage_healed":0,"gold_gain":0,"player_choice":"Take Wound","damage_taken":0,"relics_obtained":["Golden Idol"],"max_hp_gain":0,"max_hp_loss":0,"event_name":"Golden Idol","floor":5,"gold_loss":0,"cards_obtained":["Injury"]},{"damage_healed":0,"gold_gain":0,"player_choice":"1 cards matched","damage_taken":0,"max_hp_gain":0,"max_hp_loss":0,"event_name":"Match and Keep!","floor":8,"gold_loss":0,"cards_obtained":["GremlinNobPetCall"]},{"damage_healed":0,"gold_gain":0,"player_choice":"1 cards matched","damage_taken":0,"max_hp_gain":0,"max_hp_loss":0,"event_name":"Match and Keep!","floor":8,"gold_loss":0,"cards_obtained":["GremlinNobPetCall"]}],"is_beta":false,"boss_relics":[],"items_purged_floors":[],"is_endless":false,"potions_floor_spawned":[1,10,14],"killed_by":"Slime Boss","ascension_level":0}}