{"host":"uiabnm26t0ss3jkq","time":1613595858,"event":{"mods":["BaseMod","Better Note","Better Skull","Better Third Choice","Bossed Relics","Colored Powertips","Curses Come First","Minty Spire (QoL Compilation)","Relic Stats","Reliquary","StSLib","SuperFastMode","Waifu the Spire"],"gold_per_floor":[115,290,240,251,326,354,364,364,435,435,454,470,495,495,495,599,599,610,610,628,628,117,117,117,117],"floor_reached":24,"language":"ENG","playtime":1544,"items_purged":[],"score":332,"play_id":"f54dfe96-8d39-47ed-a27b-53ed4f02c485","local_time":"20210218000418","is_ascension_mode":true,"campfire_choices":[{"data":"Infinite Blades","floor":8,"key":"SMITH"},{"data":"Well Laid Plans","floor":15,"key":"SMITH"},{"floor":23,"key":"REST"}],"circlet_count":0,"master_deck":["Strike_G","Strike_G","Strike_G","Strike_G","Strike_G","Defend_G","Defend_G","Defend_G","Defend_G","Defend_G","Survivor","Neutralize","Accuracy","Well Laid Plans+1","Infinite Blades+1","All Out Attack","Calculated Gamble","Glass Knife","Deflect+1"],"relics":["Ring of the Snake","NeowsBlessing","reliquary:TuningFork","Matryoshka","Mango","Regal Pillow","Black Star","White Beast Statue","Pantograph"],"acts_visited":["Exordium","TheCity"],"potions_floor_usage":[11,16,16,16,20,24],"damage_taken":[{"damage":0,"enemies":"Cultist","floor":1,"turns":1},{"damage":0,"enemies":"2 Louse","floor":4,"turns":1},{"damage":0,"enemies":"Gremlin Nob","floor":6,"turns":1},{"damage":9,"enemies":"Small Slimes","floor":7,"turns":5},{"damage":6,"enemies":"3 Louse","floor":11,"turns":5},{"damage":9,"enemies":"Looter","floor":12,"turns":5},{"damage":22,"enemies":"Lagavulin","floor":13,"turns":8},{"damage":22,"enemies":"Hexaghost","floor":16,"turns":11},{"damage":16,"enemies":"Chosen","floor":18,"turns":6},{"damage":30,"enemies":"Shell Parasite","floor":20,"turns":6},{"damage":58,"enemies":"Slavers","floor":24,"turns":4}],"seed_played":"-1494897398117983768","potions_obtained":[{"floor":6,"key":"Energy Potion"},{"floor":11,"key":"Poison Potion"},{"floor":12,"key":"Dexterity Potion"},{"floor":13,"key":"Poison Potion"},{"floor":18,"key":"SteroidPotion"},{"floor":20,"key":"Weak Potion"}],"is_trial":false,"path_per_floor":["M","?","?","M","?","E","M","R","T","?","M","M","E","?","R","B",null,"M","?","M","?","$","R","E"],"character_chosen":"THE_SILENT","items_purchased":["White Beast Statue","Pantograph"],"campfire_rested":1,"item_purchase_floors":[22,22],"current_hp_per_floor":[63,63,63,63,56,56,47,47,47,47,41,32,24,24,24,2,64,48,48,18,18,18,58,0,0],"gold":117,"neow_bonus":"THREE_ENEMY_KILL","is_daily":false,"chose_seed":false,"campfire_upgraded":2,"win_rate":0.0,"timestamp":1613595858,"path_taken":["M","?","?","M","?","E","?","R","T","?","M","M","E","?","R","BOSS","M","?","M","?","$","R","E"],"items_purchased_type":["Relic","Relic"],"build_version":"2020-12-22","purchased_purges":0,"victory":false,"max_hp_per_floor":[70,70,70,70,70,70,70,70,70,70,70,70,84,84,84,84,84,84,84,84,84,84,84,84,84],"relic_stats":{"Regal Pillow":15,"counters":[11,53],"Pantograph":0,"Black Star":0,"obtain_stats":[{"Regal Pillow":14,"Matryoshka":9,"NeowsBlessing":0,"Pantograph":22,"Mango":13,"reliquary:TuningFork":6,"Black Star":17,"White Beast Statue":22,"Ring of the Snake":0},{"Regal Pillow":7,"Matryoshka":4,"NeowsBlessing":0,"Pantograph":10,"Mango":7,"reliquary:TuningFork":3,"Black Star":8,"White Beast Statue":10,"Ring of the Snake":0},{"Regal Pillow":26,"Matryoshka":8,"NeowsBlessing":0,"Pantograph":49,"Mango":26,"reliquary:TuningFork":3,"Black Star":37,"White Beast Statue":49,"Ring of the Snake":0}],"Ring of the Snake":[22]},"card_choices":[{"not_picked":["Flying Knee","Slice"],"picked":"Accuracy","floor":1},{"not_picked":["Flying Knee","Quick Slash"],"picked":"Well Laid Plans","floor":4},{"not_picked":["Unload","Slice","Masterful Stab"],"picked":"SKIP","floor":6},{"not_picked":["Backstab","Bane"],"picked":"Infinite Blades","floor":7},{"not_picked":["Flying Knee","Quick Slash","Deadly Poison"],"picked":"SKIP","floor":11},{"not_picked":["Venomology","Deflect"],"picked":"All Out Attack","floor":12},{"not_picked":["PiercingWail","Tools of the Trade"],"picked":"Calculated Gamble","floor":13},{"not_picked":["Grand Finale","Envenom"],"picked":"Glass Knife","floor":16},{"not_picked":["Bane","Slice"],"picked":"Deflect+1","floor":18},{"not_picked":["Bane","Flying Knee","Underhanded Strike"],"picked":"SKIP","floor":20}],"player_experience":419821,"relics_obtained":[{"floor":6,"key":"reliquary:TuningFork"},{"floor":9,"key":"Matryoshka"},{"floor":13,"key":"Mango"}],"event_choices":[{"damage_healed":0,"gold_gain":175,"player_choice":"AGREE","damage_taken":115,"max_hp_gain":0,"max_hp_loss":0,"event_name":"betterThird:BetterSerpent","floor":2,"gold_loss":0},{"cards_removed":["Doubt"],"damage_healed":0,"gold_gain":0,"player_choice":"Card Removal","damage_taken":0,"max_hp_gain":0,"max_hp_loss":0,"event_name":"The Cleric","floor":3,"gold_loss":50},{"damage_healed":0,"gold_gain":75,"player_choice":"Touch","damage_taken":7,"max_hp_gain":0,"max_hp_loss":0,"event_name":"FaceTrader","floor":5,"gold_loss":0},{"damage_healed":47,"gold_gain":0,"player_choice":"Embrace Burn","damage_taken":0,"max_hp_gain":0,"max_hp_loss":70,"event_name":"betterThird:BetterShining","floor":10,"gold_loss":0},{"cards_removed":["Burn"],"damage_healed":0,"gold_gain":0,"player_choice":"Gave Card","damage_taken":0,"relics_obtained":["Regal Pillow"],"max_hp_gain":0,"max_hp_loss":0,"event_name":"WeMeetAgain","floor":14,"gold_loss":0},{"damage_healed":0,"gold_gain":0,"player_choice":"Ignored","damage_taken":0,"max_hp_gain":0,"max_hp_loss":0,"event_name":"Ghosts","floor":19,"gold_loss":0}],"is_beta":false,"boss_relics":[{"not_picked":["Cursed Key","reliquary:RedPaperclip"],"picked":"Black Star"}],"items_purged_floors":[],"is_endless":false,"potions_floor_spawned":[6,11,12,13,18,20],"killed_by":"Slavers","ascension_level":9}}