{"host":"ymmeoa1x24ihslbm","time":1613559745,"event":{"mods":["AchievementEnabler","BaseMod","Colored Map","Colored Powertips","Defuse TimeMaze Blight","Highlight Path","Marisa????????","Minty Spire (QoL Compilation)","Permanent Neow","Quick Restart","StSLib","Unceasing Turn Reminder"],"gold_per_floor":[114,129,140,315,327,327,327,327,376,392,392,73,73,152,152,256,256,273,285,285,285,299,299,299],"floor_reached":23,"language":"ENG","playtime":1626,"items_purged":["Doubt"],"score":181,"play_id":"367b2b95-3a2a-48fc-9374-9138e6dfbd73","local_time":"20210217120225","is_ascension_mode":false,"campfire_choices":[{"data":"MasterSpark","floor":6,"key":"SMITH"},{"data":"UpSweep","floor":11,"key":"SMITH"},{"data":"Defend_MRS","floor":13,"key":"SMITH"},{"data":"Strike_MRS","floor":15,"key":"SMITH"}],"circlet_count":0,"master_deck":["Strike_MRS+1","Strike_MRS+1","Strike_MRS+1","Strike_MRS+1","Defend_MRS+1","Defend_MRS+1","Defend_MRS+1","Defend_MRS+1","MasterSpark+1","UpSweep+1","SatelliteIllusion","DoubleSpark+1","PropBag","TreasureHunter","DoubleSpark","DarkMatter+1","Occultation"],"relics":["MiniHakkero","Nunchaku","Bronze Scales","HandDrill","SlaversCollar","Nilry\u0027s Codex","Meat on the Bone"],"acts_visited":["Exordium","TheCity"],"potions_floor_usage":[12,16,19],"damage_taken":[{"damage":0,"enemies":"2 Louse","floor":1,"turns":3},{"damage":2,"enemies":"Small Slimes","floor":2,"turns":4},{"damage":0,"enemies":"Cultist","floor":3,"turns":3},{"damage":15,"enemies":"Red Slaver","floor":5,"turns":5},{"damage":3,"enemies":"3 Louse","floor":10,"turns":3},{"damage":43,"enemies":"The Guardian","floor":16,"turns":9},{"damage":6,"enemies":"Shell Parasite","floor":18,"turns":4},{"damage":3,"enemies":"3 Byrds","floor":19,"turns":4},{"damage":20,"enemies":"Shelled Parasite and Fungi","floor":22,"turns":4},{"damage":45,"enemies":"Gremlin Leader","floor":23,"turns":5}],"seed_played":"-4607317717601428484","potions_obtained":[{"floor":3,"key":"LiquidBronze"},{"floor":5,"key":"Weak Potion"},{"floor":10,"key":"SteroidPotion"},{"floor":18,"key":"ShroomBrew"}],"is_trial":false,"path_per_floor":["M","M","M","?","M","R","?","?","T","M","R","$","R","?","R","B",null,"M","M","?","?","M","E"],"character_chosen":"MARISA","items_purchased":["HandDrill","Fruit Juice"],"campfire_rested":0,"item_purchase_floors":[12,12],"current_hp_per_floor":[75,73,73,73,58,58,58,58,58,55,55,60,60,60,60,17,80,74,71,71,55,35,0,0],"gold":299,"neow_bonus":"ONE_RANDOM_RARE_CARD","is_daily":false,"chose_seed":false,"campfire_upgraded":4,"win_rate":0.0,"timestamp":1613559745,"path_taken":["M","M","M","?","M","R","?","?","T","?","R","?","R","?","R","BOSS","M","M","?","?","M","E"],"items_purchased_type":["Relic","Potion"],"build_version":"2020-12-22","purchased_purges":1,"victory":false,"max_hp_per_floor":[75,75,75,75,75,75,75,75,75,75,75,80,80,80,80,80,80,80,80,80,80,80,80,80],"card_choices":[{"not_picked":["GrandCross","SporeBomb"],"picked":"DoubleSpark","floor":1},{"not_picked":["OpenUniverse","MysteriousBeam"],"picked":"PropBag","floor":2},{"not_picked":["DC","OpenUniverse","LuminesStrike"],"picked":"SKIP","floor":3},{"not_picked":["CollectingQuirk","WitchOfGreed","6A"],"picked":"SKIP","floor":5},{"not_picked":["DC","UnstableBomb","RefractionSpark"],"picked":"SKIP","floor":10},{"not_picked":["BlazingStar","MaximisePower"],"picked":"TreasureHunter","floor":16},{"not_picked":["GrandCross","DC"],"picked":"DoubleSpark","floor":18},{"not_picked":["ChargingUp","DarkSpark"],"picked":"DarkMatter+1","floor":19},{"not_picked":["OneTimeOff","ChargingUp"],"picked":"Occultation","floor":22}],"player_experience":664516,"relics_obtained":[{"floor":8,"key":"Nunchaku"},{"floor":9,"key":"Bronze Scales"},{"floor":21,"key":"Nilry\u0027s Codex"}],"event_choices":[{"damage_healed":0,"gold_gain":175,"player_choice":"AGREE","damage_taken":0,"max_hp_gain":0,"max_hp_loss":0,"event_name":"Liars Game","floor":4,"gold_loss":0,"cards_obtained":["Doubt"]},{"damage_healed":0,"gold_gain":0,"player_choice":"Grow","damage_taken":0,"max_hp_gain":0,"max_hp_loss":0,"event_name":"Living Wall","floor":7,"gold_loss":0,"cards_upgraded":["DoubleSpark"]},{"damage_healed":0,"gold_gain":0,"player_choice":"Relic","damage_taken":0,"max_hp_gain":0,"max_hp_loss":0,"event_name":"Wheel of Change","floor":8,"gold_loss":0},{"damage_healed":0,"gold_gain":79,"player_choice":"Gained Gold","damage_taken":0,"max_hp_gain":0,"max_hp_loss":0,"event_name":"Golden Wing","floor":14,"gold_loss":0},{"damage_healed":0,"gold_gain":0,"player_choice":"Simplicity","damage_taken":0,"max_hp_gain":0,"max_hp_loss":0,"event_name":"Back to Basics","floor":20,"gold_loss":0,"cards_upgraded":["Strike_MRS","Strike_MRS","Strike_MRS","Defend_MRS","Defend_MRS","Defend_MRS"]},{"damage_healed":0,"gold_gain":0,"player_choice":"Obtained Book","damage_taken":16,"max_hp_gain":0,"max_hp_loss":0,"event_name":"Cursed Tome","floor":21,"gold_loss":0}],"is_beta":false,"boss_relics":[{"not_picked":["Snecko Eye","Runic Dome"],"picked":"SlaversCollar"}],"items_purged_floors":[12],"is_endless":false,"potions_floor_spawned":[3,5,10,18],"killed_by":"Gremlin Leader","ascension_level":0}}