{"host":"bf5upntvbdompq33","time":1613546436,"event":{"mods":["BaseMod","Bestiary","Colored Map","Colored Powertips","Curses Come First","Highlight Path","Minty Spire (QoL Compilation)","StSLib","ojb\u0027s Info Mod"],"gold_per_floor":[116,126,141,161,181,181,181],"floor_reached":6,"language":"ENG","playtime":2387,"items_purged":[],"score":62,"play_id":"498f607d-32d9-461c-8209-e873f75c56dd","local_time":"20210217002036","is_ascension_mode":true,"campfire_choices":[],"circlet_count":0,"master_deck":["AscendersBane","Strike_G","Strike_G","Strike_G","Strike_G","Strike_G","Defend_G","Defend_G","Defend_G","Defend_G","Defend_G","Survivor","Neutralize","Night Terror","Prepared","Blur","Flying Knee","Dagger Throw","Backflip"],"relics":["Ring of the Snake"],"acts_visited":["Exordium"],"potions_floor_usage":[6,6],"damage_taken":[{"damage":7.0,"enemies":"2 Louse","floor":1.0,"turns":5.0},{"damage":7.0,"enemies":"Jaw Worm","floor":2.0,"turns":7.0},{"damage":6.0,"enemies":"Cultist","floor":3.0,"turns":5.0},{"damage":1,"enemies":"3 Louse","floor":4,"turns":5},{"damage":16,"enemies":"Exordium Thugs","floor":5,"turns":8},{"damage":17,"enemies":"3 Sentries","floor":6,"turns":4}],"seed_played":"-8467569253139024611","potions_obtained":[{"floor":2.0,"key":"GamblersBrew"},{"floor":3,"key":"CultistPotion"}],"is_trial":false,"path_per_floor":["M","M","M","M","M","E"],"character_chosen":"THE_SILENT","items_purchased":[],"campfire_rested":0,"item_purchase_floors":[],"current_hp_per_floor":[38,31,25,24,8,0,0],"gold":181,"neow_bonus":"THREE_RARE_CARDS","is_daily":false,"chose_seed":false,"campfire_upgraded":0,"win_rate":0.0,"timestamp":1613546436,"path_taken":["M","M","M","M","M","E"],"items_purchased_type":[],"build_version":"2020-12-22","purchased_purges":0,"victory":false,"max_hp_per_floor":[70,70,70,70,70,70,70],"card_choices":[{"not_picked":["Malaise","A Thousand Cuts"],"picked":"Night Terror","floor":0.0},{"not_picked":["Underhanded Strike","Finisher"],"picked":"Prepared","floor":1.0},{"not_picked":["Distraction","Underhanded Strike"],"picked":"Blur","floor":2.0},{"not_picked":["PiercingWail","Slice"],"picked":"Flying Knee","floor":3},{"not_picked":["Phantasmal Killer","Endless Agony"],"picked":"Dagger Throw","floor":4},{"not_picked":["Cloak And Dagger","Eviscerate"],"picked":"Backflip","floor":5}],"player_experience":1605048,"relics_obtained":[],"event_choices":[],"is_beta":false,"boss_relics":[],"items_purged_floors":[],"is_endless":false,"potions_floor_spawned":[2,3],"killed_by":"3 Sentries","ascension_level":11}}