{"host":"9bpu4b55i5by5k62","time":1613591656,"event":{"mods":["Aspiration","BaseMod","Better Altar","Better Match","Better Note","Better Sensory Stone","Better Skull","Better Third Choice","BetterRewards","Downfall","Marked Mod","Minty Spire (QoL Compilation)","Reliquary","StSLib"],"gold_per_floor":[115,215,227,227,152,187,187,199,199,210,210,239,239,189,189,290,290,310,224,236,4,4,39,39,67,67,97,97,97,116,129,129,224,224,238,238,0,20,20,20,30,63,63,96,115,115,0,0,0,0,0,0,0,26,26],"floor_reached":56,"language":"ENG","playtime":3452,"items_purged":["Strike_P"],"score":1571,"play_id":"6866e846-0798-44fb-be33-bf6976b1d4c7","local_time":"20210217195416","is_ascension_mode":false,"campfire_choices":[{"data":"Vigilance","floor":7,"key":"SMITH"},{"data":"PathToVictory","floor":11,"key":"SMITH"},{"data":"BattleHymn","floor":15,"key":"SMITH"},{"data":"Study","floor":24,"key":"SMITH"},{"floor":28,"key":"REST"},{"data":"Defend_P","floor":32,"key":"SMITH"},{"data":"LikeWater","floor":40,"key":"SMITH"},{"data":"Establishment","floor":46,"key":"SMITH"},{"floor":49,"key":"RECALL"},{"data":"Good Instincts","floor":52,"key":"SMITH"}],"circlet_count":0,"master_deck":["Vigilance+1","PathToVictory+1","MasterReality+1","EmptyFist+1","BattleHymn+1","MarkedMod:GentlePulse","PathToVictory+1","MarkedMod:ChiBlock","MarkedMod:GentlePulse","PathToVictory+1","Study+1","MarkedMod:FirstStrike","MarkedMod:FirstStrike+1","Establishment+1","MarkedMod:NorthStar","Vault","LikeWater+1","MentalFortress","Metamorphosis","Good Instincts+1","Good Instincts","WaveOfTheHand+1","MarkedMod:PinPointDefense","WaveOfTheHand+1"],"relics":["PureWater","Astrolabe","Girya","Ancient Tea Set","reliquary:JackalopeAntler","reliquary:BoilingFlask","bronze:MakeshiftBattery","reliquary:TatteredRug","Oddly Smooth Stone","reliquary:WeakTea","aspiration:HiddenCompartment","Eternal Feather","Bird Faced Urn","Pandora\u0027s Box","Orichalcum","Potion Belt","Juzu Bracelet","Red Mask","Vajra"],"acts_visited":["Exordium","TheCity","TheBeyond","TheEnding"],"potions_floor_usage":[13,20,25,27,31,44,45,45,54,55],"damage_taken":[{"damage":6,"enemies":"Jaw Worm","floor":1,"turns":3},{"damage":1,"enemies":"Cultist","floor":3,"turns":3},{"damage":14,"enemies":"3 Sentries","floor":6,"turns":6},{"damage":0,"enemies":"Small Slimes","floor":8,"turns":4},{"damage":4,"enemies":"Exordium Wildlife","floor":10,"turns":3},{"damage":1,"enemies":"Lagavulin","floor":12,"turns":3},{"damage":0,"enemies":"Lots of Slimes","floor":13,"turns":1},{"damage":0,"enemies":"Slime Boss","floor":16,"turns":4},{"damage":2,"enemies":"3 Byrds","floor":18,"turns":4},{"damage":0,"enemies":"Shell Parasite","floor":20,"turns":2},{"damage":16,"enemies":"Slavers","floor":23,"turns":5},{"damage":30,"enemies":"Gremlin Leader","floor":25,"turns":3},{"damage":9,"enemies":"Book of Stabbing","floor":27,"turns":3},{"damage":17,"enemies":"Snake Plant","floor":30,"turns":3},{"damage":0,"enemies":"Centurion and Healer","floor":31,"turns":5},{"damage":28,"enemies":"Automaton","floor":33,"turns":7},{"damage":10,"enemies":"Orb Walker","floor":35,"turns":3},{"damage":1,"enemies":"3 Shapes","floor":38,"turns":3},{"damage":14,"enemies":"Spire Growth","floor":41,"turns":3},{"damage":14,"enemies":"Giant Head","floor":42,"turns":6},{"damage":40,"enemies":"Reptomancer","floor":44,"turns":5},{"damage":23,"enemies":"Sphere and 2 Shapes","floor":45,"turns":4},{"damage":26,"enemies":"Awakened One","floor":50,"turns":9},{"damage":25,"enemies":"Shield and Spear","floor":54,"turns":5},{"damage":53,"enemies":"The Heart","floor":55,"turns":8}],"seed_played":"-5102584893637378610","potions_obtained":[{"floor":3,"key":"Guardian:BlockOnCardUsePotion"},{"floor":6,"key":"Swift Potion"},{"floor":10,"key":"SmokeBomb"},{"floor":18,"key":"Explosive Potion"},{"floor":23,"key":"LiquidBronze"},{"floor":27,"key":"PowerPotion"},{"floor":33,"key":"LiquidBronze"},{"floor":35,"key":"hexamod:SoulburnPotion"},{"floor":38,"key":"PowerPotion"},{"floor":39,"key":"AttackPotion"},{"floor":39,"key":"Guardian:BlockOnCardUsePotion"},{"floor":44,"key":"LiquidMemories"},{"floor":45,"key":"bronze:BurnAndBuffPotion"}],"is_trial":false,"path_per_floor":["M","?","M","?","$","E","R","M","T","M","R","E","M","?","R","B",null,"M","?","M","$","?","E","R","E","T","E","R","?","M","M","R","B",null,"M","?","$","M","?","R","M","E","T","E","M","R","?","?","R","B",null,"R","$","E","B",null],"character_chosen":"WATCHER","items_purchased":["BattleHymn","Study","Oddly Smooth Stone","Orichalcum","Good Instincts"],"campfire_rested":1,"item_purchase_floors":[0,21,21,37,37],"current_hp_per_floor":[66,66,65,62,62,48,48,48,48,44,44,43,43,43,43,43,72,70,70,70,70,63,47,47,17,17,8,38,43,32,40,49,27,72,66,66,66,72,72,72,58,58,58,28,15,27,27,27,39,27,72,72,72,54,15],"gold":26,"neow_bonus":"","is_daily":false,"chose_seed":false,"campfire_upgraded":8,"win_rate":0.0,"timestamp":1613591656,"path_taken":["M","?","?","?","?","E","R","M","T","?","R","E","M","?","R","BOSS","M","?","?","$","?","E","R","E","T","E","R","?","M","M","R","BOSS","M","?","$","M","?","R","?","E","T","E","M","R","?","?","R","BOSS","R","$","E","BOSS"],"items_purchased_type":["Card","Card","Relic","Relic","Card"],"build_version":"2020-12-22","purchased_purges":1,"victory":true,"max_hp_per_floor":[72,72,72,72,72,72,72,72,72,72,72,72,72,72,72,72,72,72,72,72,72,72,72,72,72,72,72,72,72,72,72,72,72,72,72,72,72,72,72,72,72,72,72,72,72,72,72,72,72,72,72,72,72,72,72],"card_choices":[{"not_picked":["WheelKick","BowlingBash","Swivel"],"picked":"SKIP","floor":1},{"not_picked":["Fasting2","Halt"],"picked":"MarkedMod:Acupuncture","floor":3},{"not_picked":["Conclude","ClearTheMind"],"picked":"MarkedMod:GentlePulse","floor":6},{"not_picked":["Vengeance","FollowUp","Vault"],"picked":"SKIP","floor":8},{"not_picked":["CrushJoints","DeceiveReality"],"picked":"PathToVictory","floor":10},{"not_picked":["Swivel","EmptyFist","FollowUp"],"picked":"SKIP","floor":12},{"not_picked":["Scrawl","MarkedMod:SlowDance"],"picked":"MarkedMod:ChiBlock","floor":16},{"not_picked":["EmptyFist","FlurryOfBlows"],"picked":"MarkedMod:GentlePulse","floor":18},{"not_picked":["MarkedMod:GentlePulse","Halt"],"picked":"PathToVictory+1","floor":20},{"not_picked":["WindmillStrike","EmptyFist","JustLucky"],"picked":"SKIP","floor":23},{"not_picked":["Consecrate","EmptyFist","Halt"],"picked":"SKIP","floor":25},{"not_picked":["FlurryOfBlows","Perseverance"],"picked":"MarkedMod:FirstStrike","floor":27},{"not_picked":["InnerPeace","WheelKick"],"picked":"MarkedMod:FirstStrike+1","floor":30},{"not_picked":["FearNoEvil+1","Consecrate","MarkedMod:FirstStrike"],"picked":"SKIP","floor":31},{"not_picked":["ConjureBlade","Brilliance"],"picked":"Establishment","floor":33},{"not_picked":["FollowUp","TalkToTheHand","CutThroughFate+1"],"picked":"SKIP","floor":35},{"not_picked":["Apotheosis","Swift Strike"],"picked":"Metamorphosis","floor":36},{"not_picked":["Magnetism","Apotheosis"],"picked":"Good Instincts","floor":36},{"not_picked":["BattleHymn","Fasting2"],"picked":"WaveOfTheHand+1","floor":38},{"not_picked":["MarkedMod:OneThousandNeedles","Fasting2","CrushJoints+1"],"picked":"SKIP","floor":41},{"not_picked":["WheelKick","SignatureMove+1"],"picked":"MarkedMod:PinPointDefense","floor":42},{"not_picked":["Indignation","Consecrate","Swivel"],"picked":"SKIP","floor":44},{"not_picked":["ForeignInfluence+1","MarkedMod:Acupuncture","Judgement"],"picked":"SKIP","floor":45},{"not_picked":["Tantrum","BowlingBash+1"],"picked":"WaveOfTheHand+1","floor":54}],"player_experience":190272,"relics_obtained":[{"floor":6,"key":"Ancient Tea Set"},{"floor":9,"key":"reliquary:JackalopeAntler"},{"floor":12,"key":"reliquary:BoilingFlask"},{"floor":23,"key":"reliquary:WeakTea"},{"floor":25,"key":"aspiration:HiddenCompartment"},{"floor":26,"key":"Eternal Feather"},{"floor":27,"key":"Bird Faced Urn"},{"floor":42,"key":"Potion Belt"},{"floor":44,"key":"Juzu Bracelet"},{"floor":54,"key":"Vajra"}],"event_choices":[{"damage_healed":0,"gold_gain":100,"player_choice":"Pray","damage_taken":0,"max_hp_gain":0,"max_hp_loss":0,"event_name":"Golden Shrine","floor":2,"gold_loss":0},{"damage_healed":0,"gold_gain":0,"player_choice":"Relic ","damage_taken":3,"max_hp_gain":0,"max_hp_loss":0,"event_name":"betterThird:BetterScrap","floor":4,"gold_loss":0,"cards_obtained":["Dark Embrace"]},{"cards_removed":["Strike_P"],"damage_healed":0,"gold_gain":0,"player_choice":"Card Removal","damage_taken":0,"max_hp_gain":0,"max_hp_loss":0,"event_name":"The Cleric","floor":14,"gold_loss":50},{"damage_healed":0,"gold_gain":0,"player_choice":"Paid Gold","damage_taken":0,"relics_obtained":["reliquary:TatteredRug"],"max_hp_gain":0,"max_hp_loss":0,"event_name":"WeMeetAgain","floor":19,"gold_loss":86},{"damage_healed":0,"gold_gain":0,"player_choice":"Damaged","damage_taken":7,"max_hp_gain":0,"max_hp_loss":0,"event_name":"Wheel of Change","floor":22,"gold_loss":0},{"cards_removed":["MarkedMod:Acupuncture"],"damage_healed":5,"gold_gain":0,"player_choice":"Offered Common","damage_taken":0,"max_hp_gain":0,"max_hp_loss":0,"event_name":"Bonfire Elementals","floor":29,"gold_loss":0},{"cards_removed":["MarkedMod:Acupuncture"],"damage_healed":5,"gold_gain":0,"player_choice":"Offered Special","damage_taken":0,"max_hp_gain":0,"max_hp_loss":0,"event_name":"Bonfire Elementals","floor":29,"gold_loss":0},{"damage_healed":0,"gold_gain":3,"player_choice":"1","damage_taken":0,"max_hp_gain":0,"max_hp_loss":0,"event_name":"betterStone:BetterStone","floor":36,"gold_loss":0},{"damage_healed":0,"gold_gain":0,"player_choice":"Got Potions","damage_taken":0,"max_hp_gain":0,"max_hp_loss":0,"event_name":"Lab","floor":39,"gold_loss":0},{"damage_healed":0,"gold_gain":0,"player_choice":"Paid","damage_taken":0,"relics_obtained":["Red Mask"],"max_hp_gain":0,"max_hp_loss":0,"event_name":"Tomb of Lord Red Mask","floor":47,"gold_loss":115},{"damage_healed":0,"gold_gain":0,"player_choice":"Ignored","damage_taken":0,"max_hp_gain":0,"max_hp_loss":0,"event_name":"Mysterious Sphere","floor":48,"gold_loss":0}],"is_beta":false,"boss_relics":[{"not_picked":["aspiration:RitualDagger","Fusion Hammer"],"picked":"bronze:MakeshiftBattery"},{"not_picked":["Velvet Choker","aspiration:RunicSpoon"],"picked":"Pandora\u0027s Box"}],"items_purged_floors":[5],"is_endless":false,"potions_floor_spawned":[3,6,10,12,18,23,27,33,35,38,41,44,45],"ascension_level":0}}