{"host":"5h6e4l6hpn0p5lap","time":1613595146,"event":{"mods":["AchievementEnabler","BaseMod","Better Altar","Better Match","Better Sensory Stone","Better Skull","Better Third Choice","Colored Map","Filter the Spire","Minty Spire (QoL Compilation)","StSLib"],"gold_per_floor":[367,384,384,403,205,236,236,274,274,274,274,274],"floor_reached":11,"language":"ENG","playtime":328,"items_purged":["Defend_R"],"score":113,"play_id":"1a1f5f82-a7da-43c8-84ec-f0355068a128","local_time":"20210217155226","is_ascension_mode":true,"campfire_choices":[{"data":"Fire Breathing","floor":7,"key":"SMITH"},{"floor":10,"key":"REST"}],"circlet_count":0,"master_deck":["Strike_R","Strike_R","Strike_R","Strike_R","Strike_R","Defend_R","Defend_R","Defend_R","Bash","Anger","Ghostly Armor","Shrug It Off","Heavy Blade","Flex","Pommel Strike","Fire Breathing+1","Brutality"],"relics":["Burning Blood","Golden Idol","Gambling Chip","HornCleat"],"acts_visited":["Exordium"],"potions_floor_usage":[],"damage_taken":[{"damage":7,"enemies":"2 Louse","floor":1,"turns":4},{"damage":1,"enemies":"Cultist","floor":2,"turns":3},{"damage":8,"enemies":"Jaw Worm","floor":4,"turns":5},{"damage":24,"enemies":"Gremlin Nob","floor":6,"turns":4},{"damage":30,"enemies":"Lagavulin","floor":8,"turns":5},{"damage":38,"enemies":"Gremlin Nob","floor":11,"turns":5}],"seed_played":"4038532971543331334","potions_obtained":[],"is_trial":false,"path_per_floor":["M","M","?","M","$","E","R","E","T","R","E"],"character_chosen":"IRONCLAD","items_purchased":["Heavy Blade","Flex","Pommel Strike"],"campfire_rested":1,"item_purchase_floors":[5,5,5],"current_hp_per_floor":[71,72,67,65,65,47,47,23,23,43,5,5],"gold":274,"neow_bonus":"TWO_FIFTY_GOLD","is_daily":false,"chose_seed":false,"campfire_upgraded":1,"win_rate":0.0,"timestamp":1613595146,"path_taken":["M","M","?","M","$","E","R","E","T","R","E"],"items_purchased_type":["Card","Card","Card"],"build_version":"2020-12-22","purchased_purges":1,"victory":false,"max_hp_per_floor":[72,72,67,67,67,67,67,67,67,67,67,67],"card_choices":[{"not_picked":["Clash","Rupture"],"picked":"Anger","floor":1},{"not_picked":["Headbutt","Perfected Strike"],"picked":"Ghostly Armor","floor":2},{"not_picked":["Evolve","Dual Wield"],"picked":"Shrug It Off","floor":4},{"not_picked":["Pommel Strike","Clash"],"picked":"Fire Breathing","floor":6},{"not_picked":["Flex","Armaments"],"picked":"Brutality","floor":8}],"player_experience":1139863,"relics_obtained":[{"floor":6,"key":"Gambling Chip"},{"floor":8,"key":"HornCleat"}],"event_choices":[{"damage_healed":0,"gold_gain":0,"player_choice":"Lose Max HP","damage_taken":0,"relics_obtained":["Golden Idol"],"max_hp_gain":0,"max_hp_loss":5,"event_name":"Golden Idol","floor":3,"gold_loss":0}],"is_beta":false,"boss_relics":[],"items_purged_floors":[5],"is_endless":false,"potions_floor_spawned":[],"killed_by":"Gremlin Nob","ascension_level":8}}