{"host":"684z1xpuwaoqmmh1","time":1613560037,"event":{"mods":["A Magickal Journey","BaseMod","Downfall","Hermit","Jorbs\u0027s Wanderer Trilogy","Marisa????????","Minty Spire (QoL Compilation)","Robot Space Explorer","Shade Mod","StSLib","The Bug Knight","The Dragon Tamer","The Elementalist","The Hayseed","The Hierophant","The Marked","The Mystic","The Runesmith","The Saiyan","The Senshi","The Spell Scribe","The Vixen","TheBandit","TheFirefly"],"gold_per_floor":[116,133,144,160,241,241,276,296,296,309,339,339,374,424,424,523,523,523,255,255,255,255,255,255,255,255,255,255,255,255,255,255,255,255],"floor_reached":33,"language":"ENG","playtime":1651,"items_purged":["Runesmith:Strike_RS"],"score":528,"play_id":"80e7b20e-0094-4703-8f39-9283ecd99276","local_time":"20210217130717","is_ascension_mode":true,"campfire_choices":[{"data":"Runesmith:CraftFirestone","floor":6,"key":"SMITH"},{"data":"Runesmith:Firestorm","floor":12,"key":"SMITH"},{"data":"Runesmith:CraftProtectio","floor":15,"key":"SMITH"},{"floor":23,"key":"REST"},{"floor":25,"key":"REST"},{"floor":32,"key":"REST"}],"circlet_count":0,"master_deck":["AscendersBane","Runesmith:Strike_RS+1","Runesmith:Strike_RS+1","Runesmith:Strike_RS","Runesmith:Defend_RS","Runesmith:Defend_RS","Runesmith:Defend_RS+1","Runesmith:Defend_RS+1","Runesmith:CraftFirestone+1","Runesmith:Fortify","Runesmith:CraftProtectio+1","Runesmith:UnstableHammer","Runesmith:HammerTime","Runesmith:GoWithTheFlow","Runesmith:RuneHurl","Runesmith:Firestorm+1","Runesmith:DuctTape","Runesmith:ReplicatingBarrier","Runesmith:CraftVitae","Runesmith:ChargedHammer","Runesmith:DoubleUp","Runesmith:HeatedChisel","Runesmith:EarthShield","Runesmith:HammerThrow","Runesmith:FissionHammer"],"relics":["Runesmith:BrokenRuby","hexamod:CandleOfCauterizing","hexamod:BolsterEngine","War Paint","Pen Nib","Ectoplasm","Sling","Incense Burner","Anchor","Whetstone","StoneCalendar"],"acts_visited":["Exordium","TheCity"],"potions_floor_usage":[10,24,27,30,30,30,33],"damage_taken":[{"damage":1,"enemies":"Cultist","floor":1,"turns":4},{"damage":0,"enemies":"Jaw Worm","floor":2,"turns":5},{"damage":0,"enemies":"2 Louse","floor":3,"turns":3},{"damage":3,"enemies":"2 Fungi Beasts","floor":4,"turns":5},{"damage":11,"enemies":"Lagavulin","floor":7,"turns":8},{"damage":7,"enemies":"Exordium Wildlife","floor":8,"turns":4},{"damage":3,"enemies":"3 Louse","floor":10,"turns":3},{"damage":11,"enemies":"3 Sentries","floor":11,"turns":6},{"damage":5,"enemies":"Lagavulin","floor":13,"turns":6},{"damage":18,"enemies":"Slime Boss","floor":16,"turns":7},{"damage":15,"enemies":"Spheric Guardian","floor":18,"turns":4},{"damage":10,"enemies":"Shell Parasite","floor":22,"turns":5},{"damage":39,"enemies":"Slavers","floor":24,"turns":7},{"damage":32,"enemies":"Gremlin Leader","floor":27,"turns":7},{"damage":0,"enemies":"Chosen and Byrds","floor":28,"turns":4},{"damage":22,"enemies":"Sentry and Sphere","floor":29,"turns":6},{"damage":0,"enemies":"HollowMod:Nosk","floor":30,"turns":5},{"damage":0,"enemies":"Centurion and Healer","floor":31,"turns":7},{"damage":40,"enemies":"Collector","floor":33,"turns":15}],"seed_played":"-3534525409229268668","potions_obtained":[{"floor":1,"key":"SneckoOil"},{"floor":7,"key":"bronze:BurnAndBuffPotion"},{"floor":8,"key":"FairyPotion"},{"floor":10,"key":"SmokeBomb"},{"floor":18,"key":"Strength Potion"},{"floor":24,"key":"Explosive Potion"},{"floor":29,"key":"EntropicBrew"},{"floor":31,"key":"BlessingOfTheForge"}],"is_trial":false,"path_per_floor":["M","M","M","M","T","R","E","M","T","M","E","R","E","?","R","B",null,"M","$","?","?","M","R","E","R","T","E","M","M","E","M","R","B"],"character_chosen":"RUNESMITH_CLASS","items_purchased":["Sling","Runesmith:CraftVitae"],"campfire_rested":3,"item_purchase_floors":[19,19],"current_hp_per_floor":[69,69,69,66,66,66,55,48,48,45,34,34,29,29,29,11,61,46,46,46,46,36,59,20,43,43,11,11,12,12,12,35,0,0],"gold":255,"neow_bonus":"TEN_PERCENT_HP_BONUS","is_daily":false,"chose_seed":false,"campfire_upgraded":3,"win_rate":0.0,"timestamp":1613560037,"path_taken":["M","M","M","M","?","R","E","M","T","M","E","R","E","?","R","BOSS","M","$","?","?","M","R","E","R","T","E","M","M","E","M","R","BOSS"],"items_purchased_type":["Relic","Card"],"build_version":"2020-12-22","purchased_purges":1,"victory":false,"max_hp_per_floor":[77,77,77,77,77,77,77,77,77,77,77,77,77,77,77,77,77,77,77,77,77,77,77,77,77,77,77,77,77,77,77,77,77,77],"card_choices":[{"not_picked":["Runesmith:Superposition","Runesmith:ShiftingStrike"],"picked":"Runesmith:CraftProtectio","floor":1},{"not_picked":["Runesmith:WhiteBalance","Runesmith:ShiftingStrike","Runesmith:CraftMagma"],"picked":"SKIP","floor":2},{"not_picked":["Runesmith:BackupBattery","Runesmith:ShiftingStrike"],"picked":"Runesmith:UnstableHammer","floor":3},{"not_picked":["Runesmith:CraftReservo","Runesmith:Grindstone","Runesmith:UnstableHammer"],"picked":"SKIP","floor":4},{"not_picked":["Runesmith:NegativeSpace","Runesmith:Retool"],"picked":"Runesmith:HammerTime","floor":7},{"not_picked":["Runesmith:BackupBattery","Runesmith:Overpower"],"picked":"Runesmith:GoWithTheFlow","floor":8},{"not_picked":["Runesmith:Terraform","Runesmith:DoubleUp"],"picked":"Runesmith:RuneHurl","floor":10},{"not_picked":["Runesmith:PoweredAnvil","Runesmith:StaticCage"],"picked":"Runesmith:Firestorm","floor":11},{"not_picked":["Runesmith:StaticCage","Runesmith:HeatedChisel"],"picked":"Runesmith:DuctTape","floor":13},{"not_picked":["Runesmith:MetallurgicalResearch","Runesmith:DuctTape"],"picked":"Runesmith:ReplicatingBarrier","floor":16},{"not_picked":["Runesmith:Grindstone","Runesmith:Repurpose","Runesmith:ShiftingStrike+1"],"picked":"SKIP","floor":18},{"not_picked":["Runesmith:Terraform","Runesmith:CraftIncendium"],"picked":"Runesmith:DoubleUp","floor":22},{"not_picked":["Runesmith:WhiteBalance+1","Runesmith:ShiftingStrike"],"picked":"Runesmith:HeatedChisel","floor":24},{"not_picked":["Runesmith:MakeshiftArmor","Runesmith:FrozenChisel"],"picked":"Runesmith:EarthShield","floor":27},{"not_picked":["Runesmith:Duplicate","Runesmith:ChiselStab"],"picked":"Runesmith:HammerThrow","floor":28},{"not_picked":["Runesmith:ShiftingStrike","Runesmith:Grindstone","Runesmith:MakeshiftArmor+1"],"picked":"SKIP","floor":29},{"not_picked":["Runesmith:NegativeSpace","Runesmith:ShiftingStrike"],"picked":"Runesmith:FissionHammer","floor":30},{"not_picked":["Runesmith:Superposition","Runesmith:UnstableHammer","Runesmith:CraftProtectio+1"],"picked":"SKIP","floor":31}],"player_experience":3323113,"relics_obtained":[{"floor":5,"key":"hexamod:CandleOfCauterizing"},{"floor":7,"key":"hexamod:BolsterEngine"},{"floor":11,"key":"War Paint"},{"floor":13,"key":"Pen Nib"},{"floor":24,"key":"Incense Burner"},{"floor":26,"key":"Anchor"},{"floor":27,"key":"Whetstone"},{"floor":30,"key":"StoneCalendar"}],"event_choices":[{"damage_healed":0,"gold_gain":99,"player_choice":"Stole From Cult","damage_taken":0,"max_hp_gain":0,"max_hp_loss":0,"event_name":"Nest","floor":20,"gold_loss":0},{"damage_healed":0,"gold_gain":0,"player_choice":"Read","damage_taken":0,"max_hp_gain":0,"max_hp_loss":0,"event_name":"The Library","floor":21,"gold_loss":0,"cards_obtained":["Runesmith:ChargedHammer"]}],"is_beta":false,"boss_relics":[{"not_picked":["Calling Bell","theSenshi:MoonKaleidoScopeRelic"],"picked":"Ectoplasm"}],"items_purged_floors":[19],"is_endless":false,"potions_floor_spawned":[1,7,8,10,18,24,29,31],"killed_by":"Collector","ascension_level":10}}