{"host":"pqs17sqrgflf4eqa","time":1613537935,"event":{"mods":["AchievementEnabler","BaseMod","Bestiary","Better Altar","Better Match","Better Skull","Block Reminder","Bossed Relics","Colored Map","Colored Powertips","Curses Come First","Dark Map","DeckTracker","Defective Defect","Displayed Cursed Tome","Emptier Cage","Googly Eyes","Highlight Path","Minty Spire (QoL Compilation)","Quick Restart","Slay-I","StSLib","SuperFastMode","Synergy Search","Thieving Mod","Transform Curses","everything is the same but u backflip on backflip","slay the spire mod where everything is the same but ironclad has a cowboy hat"],"gold_per_floor":[117,127,146,146,159,187,187,222,293,321,337,337,337],"floor_reached":12,"language":"ENG","playtime":225,"items_purged":[],"score":130,"play_id":"c0f74415-bfa6-46b1-898f-edae267d3918","local_time":"20210216235855","is_ascension_mode":true,"campfire_choices":[{"floor":7,"key":"REST"}],"circlet_count":0,"master_deck":["Strike_B","Strike_B","Strike_B","Strike_B","Defend_B","Defend_B+1","Defend_B","Defend_B","Zap","Dualcast+1","Barrage+1","BootSequence","Cold Snap+1","Leap","Amplify","Defragment","Skim","Steam"],"relics":["Cracked Core","NeowsBlessing","Mummified Hand","Girya","Whetstone","Cables","War Paint"],"acts_visited":["Exordium"],"potions_floor_usage":[10,11],"damage_taken":[{"damage":0,"enemies":"Small Slimes","floor":1,"turns":1},{"damage":0,"enemies":"2 Louse","floor":2,"turns":1},{"damage":0,"enemies":"Jaw Worm","floor":3,"turns":1},{"damage":12,"enemies":"2 Fungi Beasts","floor":5,"turns":3},{"damage":19,"enemies":"3 Sentries","floor":6,"turns":7},{"damage":15,"enemies":"Gremlin Nob","floor":8,"turns":4},{"damage":17,"enemies":"Lagavulin","floor":10,"turns":4},{"damage":0,"enemies":"Red Slaver","floor":11,"turns":3},{"damage":17,"enemies":"Gremlin Nob","floor":12,"turns":3}],"seed_played":"-2846979339488180753","potions_obtained":[{"floor":3,"key":"PotionOfCapacity"},{"floor":8,"key":"Fire Potion"},{"floor":10,"key":"AttackPotion"}],"is_trial":false,"path_per_floor":["M","M","M","?","M","E","R","E","T","E","M","E"],"character_chosen":"DEFECT","items_purchased":[],"campfire_rested":1,"item_purchase_floors":[],"current_hp_per_floor":[68,68,68,50,38,19,41,26,26,9,9,0,0],"gold":337,"neow_bonus":"THREE_ENEMY_KILL","is_daily":false,"chose_seed":false,"campfire_upgraded":0,"win_rate":0.0,"timestamp":1613537935,"path_taken":["M","M","M","?","M","E","R","E","T","E","M","E"],"items_purchased_type":[],"build_version":"2020-12-22","purchased_purges":0,"victory":false,"max_hp_per_floor":[75,75,75,75,75,75,75,75,75,75,75,75,75],"card_choices":[{"not_picked":["Stack","Tempest"],"picked":"Barrage","floor":1},{"not_picked":["Chaos","Turbo"],"picked":"BootSequence","floor":2},{"not_picked":["Stack","Steam"],"picked":"Cold Snap","floor":3},{"not_picked":["Reinforced Body","Compile Driver"],"picked":"Leap","floor":5},{"not_picked":["Redo","Beam Cell"],"picked":"Amplify","floor":6},{"not_picked":["Hologram","Machine Learning"],"picked":"Defragment","floor":8},{"not_picked":["Gash","Rebound"],"picked":"Skim","floor":10},{"not_picked":["Chill","Chaos"],"picked":"Steam","floor":11}],"player_experience":220313,"relics_obtained":[{"floor":6,"key":"Girya"},{"floor":8,"key":"Whetstone"},{"floor":9,"key":"Cables"},{"floor":10,"key":"War Paint"}],"event_choices":[{"damage_healed":0,"gold_gain":0,"player_choice":"Success","damage_taken":18,"relics_obtained":["Mummified Hand"],"max_hp_gain":0,"max_hp_loss":0,"event_name":"Scrap Ooze","floor":4,"gold_loss":0}],"is_beta":false,"boss_relics":[],"items_purged_floors":[],"is_endless":false,"potions_floor_spawned":[3,8,10],"killed_by":"Gremlin Nob","ascension_level":6}}