{"host":"4i5my69dv6e41930","time":1613534095,"event":{"mods":["AchievementEnabler","BaseMod","Minty Spire (QoL Compilation)","Relic Stats"],"gold_per_floor":[118,118,135,51,51,51,63,63,63,90,105,137,62,74,74,148,148,158,158,111,111,127,127,162,162,162,193,205,255,290,390,390,462,462,472,488,488,332,349,349,362,17,42,59,94,94,119,133,133,133],"floor_reached":51,"language":"ENG","playtime":3886,"items_purged":["Strike_G","Strike_G"],"score":1510,"play_id":"138e22d5-b894-4a9c-8d68-5825dc6e2b0a","local_time":"20210216225455","is_ascension_mode":true,"campfire_choices":[{"data":"Noxious Fumes","floor":6.0,"key":"SMITH"},{"data":"Neutralize","floor":8.0,"key":"SMITH"},{"data":"Catalyst","floor":15.0,"key":"SMITH"},{"data":"Deadly Poison","floor":23.0,"key":"SMITH"},{"floor":25.0,"key":"REST"},{"data":"Bouncing Flask","floor":32.0,"key":"SMITH"},{"data":"Catalyst","floor":40.0,"key":"SMITH"},{"data":"Catalyst","floor":46,"key":"SMITH"},{"data":"Footwork","floor":49,"key":"SMITH"}],"circlet_count":0,"master_deck":["AscendersBane","Strike_G","Defend_G","Defend_G","Defend_G","Defend_G","Defend_G","Survivor","Neutralize+1","Burst","Noxious Fumes+1","Catalyst+1","Dash","Flying Knee","Deadly Poison+1","Backflip","Backflip","Burst","Caltrops","Ghostly","Ghostly","Ghostly","Bouncing Flask+1","PiercingWail","Crippling Poison+1","Deflect+1","Backflip","Catalyst+1","Catalyst+1","Footwork","Malaise","Bandage Up","PiercingWail","Footwork+1"],"relics":["Ring of the Snake","Paper Crane","Pear","Velvet Choker","Oddly Smooth Stone","Lantern","Bronze Scales","Red Mask","Ginger","Gremlin Horn","Black Star","Boot","Bag of Preparation","Bag of Marbles","The Courier","Mercury Hourglass"],"acts_visited":["Exordium","TheCity","TheBeyond"],"potions_floor_usage":[],"damage_taken":[{"damage":0.0,"enemies":"2 Louse","floor":1.0,"turns":3.0},{"damage":3.0,"enemies":"Cultist","floor":3.0,"turns":5.0},{"damage":9.0,"enemies":"Jaw Worm","floor":7.0,"turns":4.0},{"damage":15.0,"enemies":"3 Sentries","floor":10.0,"turns":8.0},{"damage":10.0,"enemies":"Blue Slaver","floor":11.0,"turns":4.0},{"damage":13.0,"enemies":"Lagavulin","floor":12.0,"turns":6.0},{"damage":0.0,"enemies":"Large Slime","floor":14.0,"turns":7.0},{"damage":26.0,"enemies":"Slime Boss","floor":16.0,"turns":7.0},{"damage":15.0,"enemies":"3 Byrds","floor":18.0,"turns":6.0},{"damage":17.0,"enemies":"2 Thieves","floor":20.0,"turns":5.0},{"damage":0.0,"enemies":"Centurion and Healer","floor":22.0,"turns":7.0},{"damage":17.0,"enemies":"Slavers","floor":24.0,"turns":7.0},{"damage":1.0,"enemies":"Book of Stabbing","floor":27.0,"turns":5.0},{"damage":0.0,"enemies":"Snecko","floor":28.0,"turns":3.0},{"damage":10.0,"enemies":"Masked Bandits","floor":30.0,"turns":5.0},{"damage":0.0,"enemies":"Colosseum Slavers","floor":31.0,"turns":4.0},{"damage":0.0,"enemies":"Colosseum Nobs","floor":31.0,"turns":5.0},{"damage":2.0,"enemies":"Champ","floor":33.0,"turns":8.0},{"damage":9.0,"enemies":"3 Shapes","floor":35.0,"turns":7.0},{"damage":3.0,"enemies":"3 Darklings","floor":36.0,"turns":4.0},{"damage":7.0,"enemies":"Transient","floor":39.0,"turns":6.0},{"damage":0.0,"enemies":"4 Shapes","floor":41.0,"turns":5.0},{"damage":0.0,"enemies":"Jaw Worm Horde","floor":44.0,"turns":3.0},{"damage":5,"enemies":"Giant Head","floor":45,"turns":7},{"damage":0,"enemies":"Reptomancer","floor":47,"turns":4},{"damage":0,"enemies":"Maw","floor":48,"turns":5},{"damage":7,"enemies":"Awakened One","floor":50,"turns":16}],"seed_played":"7410358721510102548","potions_obtained":[{"floor":1.0,"key":"CultistPotion"},{"floor":5.0,"key":"CunningPotion"},{"floor":12.0,"key":"Regen Potion"},{"floor":14.0,"key":"PowerPotion"},{"floor":16.0,"key":"DistilledChaos"},{"floor":22.0,"key":"Weak Potion"},{"floor":28.0,"key":"Energy Potion"},{"floor":30.0,"key":"Poison Potion"},{"floor":31.0,"key":"Poison Potion"},{"floor":33.0,"key":"Explosive Potion"},{"floor":41.0,"key":"CunningPotion"},{"floor":44.0,"key":"Energy Potion"},{"floor":45,"key":"SteroidPotion"},{"floor":48,"key":"PowerPotion"}],"is_trial":false,"path_per_floor":["M","?","M","$","?","R","M","R","T","E","M","E","$","M","R","B",null,"M","?","M","?","M","R","E","R","T","E","M","?","?","?","R","B",null,"M","M","?","$","M","R","M","$","T","M","E","R","E","M","R","B",null],"character_chosen":"THE_SILENT","items_purchased":["Dash","Backflip","Footwork","Malaise","Bandage Up"],"campfire_rested":1,"item_purchase_floors":[4,38,42,42,42],"current_hp_per_floor":[59,59,56,56,56,56,47,47,47,32,22,19,19,34,34,8,59,44,44,27,27,27,27,10,21,21,20,20,20,10,10,10,8,31,22,19,19,19,12,12,12,12,12,12,15,15,19,27,27,24],"gold":133,"neow_bonus":"ONE_RANDOM_RARE_CARD","is_daily":false,"chose_seed":false,"campfire_upgraded":8,"win_rate":0.0,"timestamp":1613534095,"path_taken":["M","?","M","$","?","R","M","R","T","E","?","E","$","M","R","BOSS","M","?","M","?","M","R","E","R","T","E","M","?","?","?","R","BOSS","M","M","?","$","M","R","M","$","T","?","E","R","E","M","R","BOSS"],"items_purchased_type":["Card","Card","Card","Card","Card"],"build_version":"2020-12-22","purchased_purges":2,"victory":true,"max_hp_per_floor":[66,66,66,66,66,66,66,66,66,66,66,76,76,76,76,76,76,76,76,76,38,38,38,38,38,38,38,38,38,38,38,38,38,38,38,38,38,38,38,38,38,38,38,38,38,38,38,38,38,38],"relic_stats":{"Gremlin Horn":[14,14],"counters":[27,156],"Bronze Scales":[281],"Black Star":2,"Bag of Preparation":[6],"Ginger":[9],"Boot":[9],"obtain_stats":[{"Lantern":26,"Pear":12,"Gremlin Horn":31,"Velvet Choker":17,"Oddly Smooth Stone":24,"The Courier":47,"Bag of Preparation":45,"Ginger":31,"Paper Crane":10,"Boot":43,"Mercury Hourglass":47,"Bronze Scales":27,"Red Mask":30,"Black Star":34,"Bag of Marbles":45,"Ring of the Snake":0},{"Lantern":12,"Pear":6,"Gremlin Horn":17,"Velvet Choker":8,"Oddly Smooth Stone":12,"The Courier":25,"Bag of Preparation":24,"Ginger":17,"Paper Crane":4,"Boot":22,"Mercury Hourglass":25,"Bronze Scales":13,"Red Mask":15,"Black Star":18,"Bag of Marbles":24,"Ring of the Snake":0},{"Lantern":69,"Pear":30,"Gremlin Horn":91,"Velvet Choker":44,"Oddly Smooth Stone":69,"The Courier":135,"Bag of Preparation":131,"Ginger":91,"Paper Crane":20,"Boot":121,"Mercury Hourglass":135,"Bronze Scales":74,"Red Mask":82,"Black Star":99,"Bag of Marbles":131,"Ring of the Snake":0}],"Ring of the Snake":[54],"Mercury Hourglass":[88]},"card_choices":[{"not_picked":["Sucker Punch","Quick Slash"],"picked":"Noxious Fumes","floor":1.0},{"not_picked":["Concentrate","Sucker Punch"],"picked":"Catalyst","floor":3.0},{"not_picked":["Infinite Blades","Slice"],"picked":"Flying Knee","floor":7.0},{"not_picked":["Terror","Outmaneuver"],"picked":"Deadly Poison","floor":10.0},{"not_picked":["Distraction","Predator"],"picked":"Backflip","floor":11.0},{"not_picked":["Endless Agony","Finisher","Flechettes"],"picked":"SKIP","floor":12.0},{"not_picked":["Calculated Gamble","Tactician"],"picked":"Backflip","floor":14.0},{"not_picked":["Deflect","Underhanded Strike","Outmaneuver"],"picked":"SKIP","floor":18.0},{"not_picked":["Dagger Spray","Cloak And Dagger","Concentrate"],"picked":"SKIP","floor":20.0},{"not_picked":["Slice+1","Quick Slash","Cloak And Dagger"],"picked":"SKIP","floor":22.0},{"not_picked":["Cloak And Dagger+1","Infinite Blades"],"picked":"Bouncing Flask","floor":24.0},{"not_picked":["Deadly Poison","Flying Knee","Dash"],"picked":"SKIP","floor":27.0},{"not_picked":["Deadly Poison","Underhanded Strike","Phantasmal Killer"],"picked":"SKIP","floor":28.0},{"not_picked":["Sucker Punch","Bouncing Flask"],"picked":"PiercingWail","floor":30.0},{"not_picked":["Underhanded Strike","Blur"],"picked":"Crippling Poison","floor":31.0},{"not_picked":["Poisoned Stab","Deflect","Bane+1"],"picked":"SKIP","floor":35.0},{"not_picked":["Masterful Stab+1","Infinite Blades"],"picked":"Deflect+1","floor":36.0},{"not_picked":["Sucker Punch","Masterful Stab"],"picked":"Catalyst","floor":39.0},{"not_picked":["Bane","Bouncing Flask"],"picked":"Catalyst","floor":41.0},{"not_picked":["Backflip+1","Flying Knee"],"picked":"PiercingWail","floor":44.0},{"not_picked":["Outmaneuver","Deflect","Dagger Spray+1"],"picked":"SKIP","floor":45},{"not_picked":["Outmaneuver","Deflect","Dagger Spray+1"],"picked":"SKIP","floor":45},{"not_picked":["Bouncing Flask","Dagger Spray","Deadly Poison"],"picked":"SKIP","floor":47},{"not_picked":["Riddle With Holes","Deflect+1"],"picked":"Footwork","floor":48}],"player_experience":5392,"relics_obtained":[{"floor":10.0,"key":"Paper Crane"},{"floor":12.0,"key":"Pear"},{"floor":24.0,"key":"Oddly Smooth Stone"},{"floor":26.0,"key":"Lantern"},{"floor":27.0,"key":"Bronze Scales"},{"floor":30.0,"key":"Red Mask"},{"floor":31.0,"key":"Ginger"},{"floor":31.0,"key":"Gremlin Horn"},{"floor":43.0,"key":"Boot"},{"floor":45,"key":"Bag of Preparation"},{"floor":45,"key":"Bag of Marbles"},{"floor":47,"key":"The Courier"},{"floor":47,"key":"Mercury Hourglass"}],"event_choices":[{"damage_healed":0.0,"max_hp_gain":0.0,"max_hp_loss":0.0,"gold_gain":0.0,"event_name":"Golden Wing","player_choice":"Ignored","floor":2.0,"gold_loss":0.0,"damage_taken":0.0},{"damage_healed":0.0,"max_hp_gain":0.0,"max_hp_loss":0.0,"gold_gain":0.0,"event_name":"Lab","player_choice":"Got Potions","floor":5.0,"gold_loss":0.0,"damage_taken":0.0},{"damage_healed":0.0,"max_hp_gain":0.0,"max_hp_loss":0.0,"gold_gain":0.0,"cards_transformed":["Strike_G","Strike_G"],"event_name":"Drug Dealer","player_choice":"Became Test Subject","floor":19.0,"gold_loss":0.0,"damage_taken":0.0,"cards_obtained":["Burst","Caltrops"]},{"damage_healed":0.0,"max_hp_gain":0.0,"max_hp_loss":38.0,"gold_gain":0.0,"event_name":"Ghosts","player_choice":"Became a Ghost","floor":21.0,"gold_loss":0.0,"damage_taken":0.0,"cards_obtained":["Ghostly","Ghostly","Ghostly"]},{"damage_healed":0.0,"max_hp_gain":0.0,"max_hp_loss":0.0,"gold_gain":50.0,"event_name":"Nest","player_choice":"Stole From Cult","floor":29.0,"gold_loss":0.0,"damage_taken":0.0},{"damage_healed":0.0,"max_hp_gain":0.0,"max_hp_loss":0.0,"gold_gain":0.0,"event_name":"Masked Bandits","player_choice":"Fought Bandits","floor":30.0,"gold_loss":0.0,"damage_taken":0.0},{"damage_healed":0.0,"max_hp_gain":0.0,"max_hp_loss":0.0,"gold_gain":0.0,"event_name":"Colosseum","player_choice":"Fight","floor":31.0,"gold_loss":0.0,"damage_taken":0.0},{"damage_healed":0.0,"max_hp_gain":0.0,"max_hp_loss":0.0,"gold_gain":0.0,"event_name":"Colosseum","player_choice":"Fought Nobs","floor":31.0,"gold_loss":0.0,"damage_taken":0.0},{"damage_healed":0.0,"max_hp_gain":0.0,"max_hp_loss":0.0,"gold_gain":0.0,"event_name":"Upgrade Shrine","player_choice":"Upgraded","floor":37.0,"gold_loss":0.0,"damage_taken":0.0,"cards_upgraded":["Crippling Poison"]}],"is_beta":false,"boss_relics":[{"not_picked":["Tiny House","Empty Cage"],"picked":"Velvet Choker"},{"not_picked":["Cursed Key","Philosopher\u0027s Stone"],"picked":"Black Star"}],"items_purged_floors":[13,38],"is_endless":false,"potions_floor_spawned":[1,12,14,16,22,28,30,31,33,41,44,45,47,48],"ascension_level":20}}