{"host":"4ojbxe11utoi7geq","time":1613542477,"event":{"mods":["2.2 Compatiblity","Act Like it!","Aspiration","Astrologer","Bard","BaseMod","Challenge The Spire","ChefMod","Colored Map","Colored Powertips","Conspire","Elementarium","Energized Spire","Gensokyo","GifTheSpireLib","Halation","Hallownest","Hermit","Hubris","Infinite Spire","Jedi Mod","Jorbs\u0027s Wanderer Trilogy","Marisa（霧雨　魔理沙）","Marked Mod","Menagerie","Minty Spire (QoL Compilation)","Permanent Neow","Reliquary","Replay The Spire","Robot Space Explorer","Ruina","Spicy Shops","Spire Arcade","StSLib","Stuff the Spire","The Blue Laboratory","The Bug Knight","The Construct","The Disciple","The Hayseed","The Hierophant","The Marked","The Runesmith","The Sage","TheFirefly"],"gold_per_floor":[219,229,249,265,277,277,303,318,342,342,342,362,375,375,375,476,476,490,52,52,52,72,72,85,111,181,192,192,41,72,91,91,200,200,224,224,224,88,88,126,126,153,199,247,274,274,274,329,329,329],"floor_reached":51,"language":"ENG","playtime":4020,"items_purged":["Strike_R","Strike_R"],"score":772,"play_id":"543b9724-2030-4886-bd54-98b6602bb58b","local_time":"20210217011437","is_ascension_mode":false,"campfire_choices":[{"data":"Uppercut","floor":6.0,"key":"SMITH"},{"data":"Bash","floor":10.0,"key":"SMITH"},{"data":"Intimidate","floor":15.0,"key":"SMITH"},{"data":"Apotheosis","floor":23.0,"key":"SMITH"},{"floor":28.0,"key":"REST"},{"floor":32.0,"key":"REST"},{"data":"infinitespire:Menacing","floor":41,"key":"SMITH"},{"floor":47,"key":"REST"},{"floor":49,"key":"REST"}],"circlet_count":0,"master_deck":["Strike_R","Strike_R","Defend_R+1","Defend_R","Defend_R","Defend_R","Bash+1","Sword Boomerang","Twin Strike","StuffTheSpire:Slingshot","Uppercut+1","Reaper","Feel No Pain","StuffTheSpire:Incineration","Intimidate+1","Feed","Cleave","Apotheosis+1","Metallicize","StuffTheSpire:DeathNote","Metallicize","True Grit","Thunderclap","Shrug It Off","Pommel Strike","conspire:HitWhereItHurts","Metallicize+1","ReplayTheSpireMod:Muscle Training+1","infinitespire:Menacing+1","Twin Strike+1","conspire:Charge","Inflame+1","Dark Embrace"],"relics":["Burning Blood","halation:AfternoonTea","Vajra","energizedSpire:NeverEndingSparkler","Letter Opener","ReplayTheSpireMod:Shallot","Bag of Preparation","infinitespire:ShieldingShard","infinitespire:EvilPickle","ChewingGum","halation:EternalFortune","infinitespire:Golems Mask","ReplayTheSpireMod:TigerMarble","War Paint","hubris:Icosahedron","CatCart"],"acts_visited":["Exordium","TheCity","TheBeyond"],"potions_floor_usage":[40,50,50,50],"damage_taken":[{"damage":2.0,"enemies":"2 Louse","floor":1.0,"turns":3.0},{"damage":6.0,"enemies":"Cultist","floor":2.0,"turns":3.0},{"damage":6.0,"enemies":"Small Slimes","floor":3.0,"turns":3.0},{"damage":13.0,"enemies":"Exordium Thugs","floor":4.0,"turns":5.0},{"damage":8.0,"enemies":"Red Slaver","floor":5.0,"turns":3.0},{"damage":31.0,"enemies":"3 Sentries","floor":7.0,"turns":6.0},{"damage":24.0,"enemies":"3 Louse","floor":8.0,"turns":3.0},{"damage":7.0,"enemies":"Blue Slaver","floor":12.0,"turns":2.0},{"damage":5.0,"enemies":"Exordium Thugs","floor":13.0,"turns":2.0},{"damage":54.0,"enemies":"Fading Forest","floor":16.0,"turns":11.0},{"damage":4.0,"enemies":"Shell Parasite","floor":18.0,"turns":5.0},{"damage":2.0,"enemies":"Chosen","floor":22.0,"turns":4.0},{"damage":11.0,"enemies":"Snake Plant","floor":24.0,"turns":5.0},{"damage":12.0,"enemies":"conspire:SneckoGhost","floor":25.0,"turns":7.0},{"damage":3.0,"enemies":"conspire:HollyBat","floor":27.0,"turns":8.0},{"damage":6.0,"enemies":"Replay:Snechameleon","floor":30.0,"turns":5.0},{"damage":0.0,"enemies":"Cultist and Chosen","floor":31.0,"turns":4.0},{"damage":11.0,"enemies":"Pondfish","floor":33.0,"turns":11.0},{"damage":0.0,"enemies":"3 Shapes","floor":35.0,"turns":4.0},{"damage":2,"enemies":"Nightmare","floor":40,"turns":6},{"damage":0,"enemies":"Orb Walker","floor":42,"turns":2},{"damage":0,"enemies":"Giant Head","floor":44,"turns":6},{"damage":0,"enemies":"Maw","floor":45,"turns":5},{"damage":49,"enemies":"Orin","floor":48,"turns":8},{"damage":38,"enemies":"Awakened One","floor":50,"turns":11}],"seed_played":"-8209782911593912118","potions_obtained":[{"floor":1.0,"key":"Toxic Potion"},{"floor":4.0,"key":"blueLaboratory:BottleOfVodka"},{"floor":12.0,"key":"Explosive Potion"},{"floor":13.0,"key":"DistilledChaos"},{"floor":16.0,"key":"blueLaboratory:PhilterOfMotion"},{"floor":25.0,"key":"Adrenaline Potion"},{"floor":27.0,"key":"AttackPotion"},{"floor":30.0,"key":"FearPotion"},{"floor":33.0,"key":"Dexterity Potion"},{"floor":48,"key":"AttackPotion"}],"is_trial":false,"path_per_floor":["M","M","M","M","M","R","E","M","T","R","?","M","M","?","R","B",null,"M","$","?","?","M","R","M","E","T","M","R","$","E","M","R","B",null,"M","AVR","?","$","?","NM","R","M","T","E","M","?","R","?","R","B",null],"character_chosen":"IRONCLAD","items_purchased":["Apotheosis","Metallicize","Bag of Preparation","Metallicize+1","ReplayTheSpireMod:Muscle Training"],"campfire_rested":4,"item_purchase_floors":[19,19,29,38,38],"current_hp_per_floor":[80,80,80,73,71,71,46,40,40,40,40,39,40,40,40,15,80,83,83,63,63,70,70,69,63,63,75,87,87,91,95,95,91,95,99,99,99,99,102,102,102,102,102,105,108,108,108,65,97,76],"gold":329,"neow_bonus":"HUNDRED_GOLD","is_daily":false,"chose_seed":false,"campfire_upgraded":5,"win_rate":0.0,"timestamp":1613542477,"path_taken":["M","M","M","M","M","R","E","M","T","R","?","?","M","?","R","BOSS","M","$","?","?","M","R","M","E","T","?","R","?","E","M","R","BOSS","M","AVR","?","$","?","NM","R","M","T","E","?","?","R","?","R","BOSS"],"items_purchased_type":["Card","Card","Relic","Card","Card"],"build_version":"2020-12-22","purchased_purges":2,"victory":true,"max_hp_per_floor":[80,80,80,80,80,80,80,80,80,80,80,80,80,80,80,80,80,83,83,83,83,83,83,87,87,87,87,87,87,91,95,95,95,95,99,99,99,99,102,102,102,102,102,105,108,108,108,108,108,108],"card_choices":[{"not_picked":["ReplayTheSpireMod:Stacked","Second Wind"],"picked":"Sword Boomerang","floor":1.0},{"not_picked":["Flex","Cleave"],"picked":"Twin Strike","floor":2.0},{"not_picked":["Hemokinesis","Infernal Blade"],"picked":"StuffTheSpire:Slingshot","floor":3.0},{"not_picked":["Battle Trance","Clash"],"picked":"Uppercut","floor":4.0},{"not_picked":["Sword Boomerang","jedi:fear"],"picked":"Reaper","floor":5.0},{"not_picked":["Replay:Undeath\u0027s Touch","StuffTheSpire:RockThrow"],"picked":"Feel No Pain","floor":7.0},{"not_picked":["Clash","StuffTheSpire:RockThrow"],"picked":"StuffTheSpire:Incineration","floor":8.0},{"not_picked":["Entrench","Clash","Rupture"],"picked":"SKIP","floor":12.0},{"not_picked":["Pummel","Warcry"],"picked":"Intimidate","floor":13.0},{"not_picked":["Berserk","Fiend Fire"],"picked":"Feed","floor":16.0},{"not_picked":["Bloodletting","Pommel Strike"],"picked":"Cleave","floor":18.0},{"not_picked":["Rage","Twin Strike"],"picked":"Metallicize","floor":22.0},{"not_picked":["StuffTheSpire:RockThrow","StuffTheSpire:TitanForm"],"picked":"True Grit","floor":24.0},{"not_picked":["ReplayTheSpireMod:LeadingStrike","StuffTheSpire:Slingshot+1"],"picked":"Thunderclap","floor":25.0},{"not_picked":["Body Slam","conspire:Charge"],"picked":"Shrug It Off","floor":27.0},{"not_picked":["conspire:ExplosiveBarrier","True Grit"],"picked":"Pommel Strike","floor":30.0},{"not_picked":["StuffTheSpire:Incineration","StuffTheSpire:Slingshot","Infernal Blade"],"picked":"SKIP","floor":31.0},{"not_picked":["Corruption","Berserk"],"picked":"conspire:HitWhereItHurts","floor":33.0},{"not_picked":["Replay:Undeath\u0027s Touch+1","ReplayTheSpireMod:Strike From Hell+1","StuffTheSpire:Pyroclast+1"],"picked":"SKIP","floor":35.0},{"not_picked":["ReplayTheSpireMod:Chaos Vortex","hubris:InfiniteBlow"],"picked":"infinitespire:Menacing","floor":40},{"not_picked":["ReplayTheSpireMod:Muscle Training+1","Body Slam"],"picked":"Twin Strike+1","floor":40},{"not_picked":["Rupture+1","Armaments"],"picked":"conspire:Charge","floor":42},{"not_picked":["StuffTheSpire:RockThrow+1","Burning Pact+1"],"picked":"Inflame+1","floor":44},{"not_picked":["Pommel Strike+1","hubris:SharpeningStone","Reckless Charge+1"],"picked":"SKIP","floor":45},{"not_picked":["StuffTheSpire:RockThrow+1","Sword Boomerang"],"picked":"Dark Embrace","floor":48}],"player_experience":8979,"relics_obtained":[{"floor":7.0,"key":"halation:AfternoonTea"},{"floor":9.0,"key":"Vajra"},{"floor":25.0,"key":"Letter Opener"},{"floor":26.0,"key":"ReplayTheSpireMod:Shallot"},{"floor":30.0,"key":"infinitespire:ShieldingShard"},{"floor":40,"key":"infinitespire:Golems Mask"},{"floor":43,"key":"ReplayTheSpireMod:TigerMarble"},{"floor":44,"key":"halation:EternalFortune"},{"floor":44,"key":"War Paint"},{"floor":45,"key":"halation:EternalFortune"},{"floor":48,"key":"CatCart"}],"event_choices":[{"cards_removed":["Strike_R"],"damage_healed":0.0,"max_hp_gain":0.0,"max_hp_loss":0.0,"gold_gain":0.0,"event_name":"Purifier","player_choice":"Purged","floor":11.0,"gold_loss":0.0,"damage_taken":0.0},{"damage_healed":0.0,"max_hp_gain":0.0,"max_hp_loss":0.0,"gold_gain":0.0,"event_name":"Liars Game","player_choice":"Ignored","floor":14.0,"gold_loss":0.0,"damage_taken":0.0},{"damage_healed":0.0,"max_hp_gain":0.0,"max_hp_loss":0.0,"gold_gain":0.0,"event_name":"Ghosts","player_choice":"Ignored","floor":21.0,"gold_loss":0.0,"damage_taken":0.0},{"damage_healed":0,"gold_gain":0,"player_choice":"Fight","damage_taken":0,"max_hp_gain":0,"max_hp_loss":0,"event_name":"OrinTheCat","floor":48,"gold_loss":0}],"is_beta":false,"boss_relics":[{"not_picked":["halation:PinkAlligatorPlush","conspire:SeveredTorchhead"],"picked":"energizedSpire:NeverEndingSparkler"},{"not_picked":["Replay:Wanted Poster","SacredBark"],"picked":"ChewingGum"}],"items_purged_floors":[19,36],"is_endless":false,"potions_floor_spawned":[1,4,12,13,16,25,27,30,33,35,48],"ascension_level":0}}