{"host":"2c84cb4cp1emursg","time":1613544949,"event":{"mods":["Act Like it!","BaseMod","Better Third Choice","Bossed Relics","Hermit","Mimic Mod","Minty Spire (QoL Compilation)","Permanent Neow","StSLib","The Bug Knight"],"gold_per_floor":[117,131,101,101,23,52,67,67,147,167,167,196,222,222,222,352,352,375,375,375,375,18,18,53,68,118,138,156,71,107,120,120,241,241,261,594,76,86,105,105,154,168,168,185,212,223,253,253,253,253,253,253,59,93,93],"floor_reached":56,"language":"ENG","playtime":3913,"items_purged":["Strike_B","Strike_B+1"],"score":1711,"play_id":"1de8f2b6-c2fb-439d-94bc-6ae359caa08a","local_time":"20210216235549","is_ascension_mode":true,"campfire_choices":[{"data":"Zap","floor":8.0,"key":"SMITH"},{"data":"Buffer","floor":11.0,"key":"SMITH"},{"floor":15.0,"key":"REST"},{"data":"White Noise","floor":23.0,"key":"SMITH"},{"data":"Defragment","floor":32.0,"key":"SMITH"},{"data":"Metamorphosis","floor":40,"key":"SMITH"},{"floor":49,"key":"RECALL"},{"floor":52,"key":"REST"}],"circlet_count":0,"master_deck":["Strike_B+1","Strike_B+1","Defend_B+1","Defend_B+1","Defend_B+1","Defend_B+1","Zap+1","Dualcast+1","Buffer+1","Undo+1","White Noise+1","Capacitor+1","Storm+1","Self Repair+1","Cold Snap+1","Redo+1","Heatsinks+1","Electrodynamics+1","Aggregate+1","Ghostly+1","Ghostly+1","Ghostly+1","Ghostly+1","Ghostly+1","Defragment+1","Barrage+1","Turbo+1","Barrage+1","Thunder Strike+1","Electrodynamics+1","Metamorphosis+1","Storm+1","Double Energy+1","Hologram+1","Seek+1","Undo"],"relics":["Cracked Core","betterThird:SlimedRelic","Juzu Bracelet","Cables","Omamori","Odd Mushroom","Black Star","FossilizedHelix","Dead Branch","Strawberry","Bottled Lightning","Calipers","Smiling Mask","HornCleat","SlaversCollar","Emotion Chip","Ice Cream","TungstenRod","Ancient Tea Set","Vajra","Art of War","Mark of the Bloom","Pen Nib","Eternal Feather"],"acts_visited":["Exordium","TheCity","TheBeyond","TheEnding"],"potions_floor_usage":[44,45,45,45,50,55,55],"damage_taken":[{"damage":11.0,"enemies":"Jaw Worm","floor":1.0,"turns":5.0},{"damage":0.0,"enemies":"2 Louse","floor":2.0,"turns":3.0},{"damage":25.0,"enemies":"Lagavulin","floor":6.0,"turns":10.0},{"damage":0.0,"enemies":"Cultist","floor":7.0,"turns":4.0},{"damage":10.0,"enemies":"2 Fungi Beasts","floor":10.0,"turns":3.0},{"damage":7.0,"enemies":"Gremlin Nob","floor":12.0,"turns":5.0},{"damage":6.0,"enemies":"The Mushroom Lair","floor":13.0,"turns":5.0},{"damage":12.0,"enemies":"Hexaghost","floor":16.0,"turns":9.0},{"damage":2.0,"enemies":"Spheric Guardian","floor":18.0,"turns":4.0},{"damage":0.0,"enemies":"Slavers","floor":24.0,"turns":4.0},{"damage":0.0,"enemies":"2 Thieves","floor":25.0,"turns":4.0},{"damage":0.0,"enemies":"Snake Plant","floor":26.0,"turns":6.0},{"damage":0.0,"enemies":"Snake Plant","floor":27.0,"turns":3.0},{"damage":1.0,"enemies":"Shelled Parasite and Fungi","floor":28.0,"turns":3.0},{"damage":3.0,"enemies":"Book of Stabbing","floor":30.0,"turns":4.0},{"damage":0.0,"enemies":"Chosen and Byrds","floor":31.0,"turns":6.0},{"damage":1.0,"enemies":"Collector","floor":33.0,"turns":9.0},{"damage":0,"enemies":"Orb Walker","floor":35,"turns":3},{"damage":12,"enemies":"3 Darklings","floor":38,"turns":5},{"damage":0,"enemies":"Sphere and 2 Shapes","floor":39,"turns":3},{"damage":21,"enemies":"2 Orb Walkers","floor":41,"turns":4},{"damage":0,"enemies":"4 Shapes","floor":42,"turns":5},{"damage":0,"enemies":"Writhing Mass","floor":44,"turns":7},{"damage":0,"enemies":"Reptomancer","floor":45,"turns":4},{"damage":0,"enemies":"4 Shapes","floor":46,"turns":2},{"damage":0,"enemies":"Nemesis","floor":47,"turns":5},{"damage":0,"enemies":"Awakened One","floor":50,"turns":6},{"damage":0,"enemies":"Shield and Spear","floor":54,"turns":3},{"damage":0,"enemies":"The Heart","floor":55,"turns":6}],"seed_played":"4009860417124720774","potions_obtained":[{"floor":1.0,"key":"Dexterity Potion"},{"floor":2.0,"key":"Fruit Juice"},{"floor":4.0,"key":"GamblersBrew"},{"floor":4.0,"key":"Swift Potion"},{"floor":4.0,"key":"ColorlessPotion"},{"floor":10.0,"key":"SpeedPotion"},{"floor":13.0,"key":"CultistPotion"},{"floor":24.0,"key":"ColorlessPotion"},{"floor":25.0,"key":"FocusPotion"},{"floor":27.0,"key":"SneckoOil"},{"floor":28.0,"key":"Regen Potion"},{"floor":30.0,"key":"BlessingOfTheForge"},{"floor":38,"key":"SpeedPotion"},{"floor":42,"key":"SpeedPotion"},{"floor":44,"key":"EntropicBrew"},{"floor":45,"key":"Dexterity Potion"}],"is_trial":false,"path_per_floor":["M","M","?","?","$","E","M","R","T","M","R","E","?","?","R","B",null,"M","?","?","?","$","R","E","M","MIM","M","M","?","E","M","R","B",null,"M","?","$","M","M","R","?","M","T","M","E","M","E","?","R","B",null,"R","$","E","B",null],"character_chosen":"DEFECT","items_purchased":["Capacitor","FossilizedHelix","Barrage","Metamorphosis","Emotion Chip","Ancient Potion","Undo"],"campfire_rested":2,"item_purchase_floors":[5,22,22,37,37,53,53],"current_hp_per_floor":[43,48,37,37,37,12,12,12,12,9,9,9,10,10,32,27,74,74,37,37,37,37,37,44,44,44,44,44,44,41,44,44,44,44,44,44,44,32,32,32,11,18,18,39,44,44,44,44,44,44,44,44,44,44,44],"gold":93,"neow_bonus":"THREE_RARE_CARDS","is_daily":false,"chose_seed":false,"campfire_upgraded":5,"win_rate":0.0,"timestamp":1613544949,"path_taken":["M","M","?","?","$","E","M","R","T","M","R","E","?","?","R","BOSS","M","?","?","?","$","R","E","M","MIM","M","M","?","E","M","R","BOSS","M","?","$","M","M","R","?","M","T","M","E","M","E","?","R","BOSS","R","$","E","BOSS"],"items_purchased_type":["Card","Relic","Card","Card","Relic","Potion","Card"],"build_version":"2020-12-22","purchased_purges":2,"victory":true,"max_hp_per_floor":[75,80,80,80,80,80,80,80,80,80,80,80,80,74,74,74,74,74,37,37,37,37,37,44,44,44,44,44,44,44,44,44,44,44,44,44,44,44,44,44,44,44,44,44,44,44,44,44,44,44,44,44,44,44,44],"card_choices":[{"not_picked":["Seek","Amplify"],"picked":"Buffer","floor":0.0},{"not_picked":["Blizzard","Coolheaded"],"picked":"Undo","floor":1.0},{"not_picked":["Streamline","Go for the Eyes"],"picked":"White Noise","floor":2.0},{"not_picked":["Reprogram","FTL"],"picked":"Storm","floor":6.0},{"not_picked":["Barrage","Sweeping Beam"],"picked":"Self Repair","floor":7.0},{"not_picked":["Sweeping Beam","Loop"],"picked":"Cold Snap","floor":10.0},{"not_picked":["Compile Driver","Barrage"],"picked":"Redo","floor":12.0},{"not_picked":["Consume","Hologram"],"picked":"Heatsinks","floor":13.0},{"not_picked":["All For One","Buffer"],"picked":"Electrodynamics","floor":16.0},{"not_picked":["Cold Snap","Skim"],"picked":"Aggregate","floor":18.0},{"not_picked":["Sweeping Beam","Recycle"],"picked":"Turbo","floor":24.0},{"not_picked":["Aggregate","Sweeping Beam"],"picked":"Barrage+1","floor":25.0},{"not_picked":["Redo","Steam"],"picked":"Thunder Strike","floor":27.0},{"not_picked":["Glacier+1","Chaos","Turbo"],"picked":"SKIP","floor":28.0},{"not_picked":["Compile Driver","Gash","Turbo+1"],"picked":"SKIP","floor":30.0},{"not_picked":["Redo","Rebound","Glacier+1"],"picked":"SKIP","floor":31.0},{"not_picked":["Amplify","Rainbow"],"picked":"Electrodynamics","floor":33.0},{"not_picked":["Cold Snap","Sweeping Beam+1","Steam"],"picked":"SKIP","floor":35},{"not_picked":["Static Discharge","Beam Cell","Genetic Algorithm+1"],"picked":"SKIP","floor":38},{"not_picked":["Barrage+1","Beam Cell","Rebound"],"picked":"SKIP","floor":39},{"not_picked":["Sunder","Aggregate+1"],"picked":"Storm+1","floor":42},{"not_picked":["Fission","Steam+1"],"picked":"Double Energy","floor":44},{"not_picked":["Coolheaded","Compile Driver"],"picked":"Hologram+1","floor":45},{"not_picked":["Chill","Sweeping Beam","Beam Cell+1"],"picked":"SKIP","floor":46},{"not_picked":["Electrodynamics","Hologram+1"],"picked":"Seek","floor":47},{"not_picked":["Hologram","Gash+1","Barrage+1"],"picked":"SKIP","floor":54}],"player_experience":533174,"relics_obtained":[{"floor":6.0,"key":"Juzu Bracelet"},{"floor":9.0,"key":"Cables"},{"floor":12.0,"key":"Omamori"},{"floor":13.0,"key":"Odd Mushroom"},{"floor":24.0,"key":"Dead Branch"},{"floor":24.0,"key":"Strawberry"},{"floor":26.0,"key":"Bottled Lightning"},{"floor":30.0,"key":"Smiling Mask"},{"floor":30.0,"key":"HornCleat"},{"floor":41,"key":"Ice Cream"},{"floor":45,"key":"TungstenRod"},{"floor":45,"key":"Ancient Tea Set"},{"floor":47,"key":"Vajra"},{"floor":47,"key":"Art of War"},{"floor":54,"key":"Pen Nib"},{"floor":54,"key":"Eternal Feather"}],"event_choices":[{"damage_healed":0.0,"max_hp_gain":0.0,"max_hp_loss":0.0,"gold_gain":0.0,"event_name":"betterThird:BetterGoop","player_choice":"Slimed","floor":3.0,"gold_loss":30.0,"damage_taken":11.0},{"damage_healed":0.0,"max_hp_gain":0.0,"max_hp_loss":0.0,"gold_gain":0.0,"event_name":"Lab","player_choice":"Got Potions","floor":4.0,"gold_loss":0.0,"damage_taken":0.0},{"damage_healed":0.0,"max_hp_gain":0.0,"max_hp_loss":0.0,"gold_gain":0.0,"event_name":"Mushrooms","player_choice":"Fought Mushrooms","floor":13.0,"gold_loss":0.0,"damage_taken":0.0},{"damage_healed":0.0,"max_hp_gain":0.0,"max_hp_loss":6.0,"gold_gain":0.0,"event_name":"Golden Idol","player_choice":"Lose Max HP","floor":14.0,"gold_loss":0.0,"damage_taken":0.0,"relics_obtained":["Golden Idol"]},{"damage_healed":0.0,"max_hp_gain":0.0,"max_hp_loss":37.0,"gold_gain":0.0,"event_name":"Ghosts","player_choice":"Became a Ghost","floor":19.0,"gold_loss":0.0,"damage_taken":0.0,"cards_obtained":["Ghostly","Ghostly","Ghostly","Ghostly","Ghostly"]},{"damage_healed":0.0,"max_hp_gain":0.0,"max_hp_loss":0.0,"gold_gain":0.0,"event_name":"Vampires","player_choice":"Ignored","floor":20.0,"gold_loss":0.0,"damage_taken":0.0},{"damage_healed":0.0,"max_hp_gain":0.0,"max_hp_loss":0.0,"gold_gain":0.0,"event_name":"The Library","player_choice":"Read","floor":21.0,"gold_loss":0.0,"damage_taken":0.0,"cards_obtained":["Defragment"]},{"damage_healed":0.0,"max_hp_gain":0.0,"max_hp_loss":0.0,"gold_gain":0.0,"event_name":"Addict","player_choice":"Obtained Relic","floor":29.0,"gold_loss":85.0,"damage_taken":0.0,"relics_obtained":["Calipers"]},{"damage_healed":0,"gold_gain":333,"player_choice":"Gave Idol","damage_taken":0,"max_hp_gain":0,"max_hp_loss":0,"event_name":"The Moai Head","floor":36,"relics_lost":["Golden Idol"],"gold_loss":0},{"damage_healed":0,"gold_gain":0,"player_choice":"Fight","damage_taken":0,"max_hp_gain":0,"max_hp_loss":0,"event_name":"Mysterious Sphere","floor":41,"gold_loss":0},{"damage_healed":0,"gold_gain":0,"player_choice":"Upgrade","damage_taken":0,"relics_obtained":["Mark of the Bloom"],"max_hp_gain":0,"max_hp_loss":0,"event_name":"MindBloom","floor":48,"gold_loss":0,"cards_upgraded":["Strike_B","Strike_B","Strike_B","Defend_B","Defend_B","Defend_B","Defend_B","Dualcast","Undo","Capacitor","Storm","Self Repair","Cold Snap","Redo","Heatsinks","Electrodynamics","Aggregate","Ghostly","Ghostly","Ghostly","Ghostly","Ghostly","Barrage","Turbo","Thunder Strike","Electrodynamics","Double Energy","Seek"]}],"is_beta":false,"boss_relics":[{"not_picked":["Sozu","Fusion Hammer"],"picked":"Black Star"},{"not_picked":["Calling Bell","SacredBark"],"picked":"SlaversCollar"}],"items_purged_floors":[37,53],"is_endless":false,"potions_floor_spawned":[1,2,10,13,24,25,27,28,30,38,42,44,45],"ascension_level":4}}