{"host":"BaronFel","time":1613602915,"event":{"mods":["BaseMod","Filter the Spire","Highlight Path","Minty Spire (QoL Compilation)","Relic Stats","ojb\u0027s Info Mod"],"gold_per_floor":[118,132,52,65,83,83,115,115,115,115,135,167,185,203,203,203,203],"floor_reached":16,"language":"ENG","playtime":2699,"items_purged":[],"score":228,"play_id":"c984d9ed-be7d-49eb-8d9e-2be5450f4a66","local_time":"20210217170155","is_ascension_mode":true,"campfire_choices":[{"data":"Eviscerate","floor":6.0,"key":"SMITH"},{"data":"Well Laid Plans","floor":8.0,"key":"SMITH"},{"floor":15,"key":"REST"}],"circlet_count":0,"master_deck":["AscendersBane","Strike_G","Strike_G","Strike_G","Strike_G","Strike_G","Defend_G","Defend_G","Defend_G","Defend_G","Defend_G","Survivor","Neutralize","Well Laid Plans+1","Slice","Flying Knee","Deadly Poison","Eviscerate+1","Deadly Poison","Cloak And Dagger+1","Decay","Acrobatics+1","Cloak And Dagger+1","Dodge and Roll+1","Tactician+1"],"relics":["Ring of the Snake","MealTicket","Toxic Egg 2","Gremlin Horn","Letter Opener"],"acts_visited":["Exordium"],"potions_floor_usage":[12],"damage_taken":[{"damage":4.0,"enemies":"Cultist","floor":1.0,"turns":5.0},{"damage":3.0,"enemies":"2 Louse","floor":2.0,"turns":5.0},{"damage":2.0,"enemies":"Jaw Worm","floor":4.0,"turns":4.0},{"damage":1.0,"enemies":"Large Slime","floor":5.0,"turns":5.0},{"damage":22.0,"enemies":"Gremlin Nob","floor":7.0,"turns":4.0},{"damage":3.0,"enemies":"Exordium Wildlife","floor":11.0,"turns":4.0},{"damage":23,"enemies":"3 Sentries","floor":12,"turns":8},{"damage":0,"enemies":"Looter","floor":13,"turns":4},{"damage":0,"enemies":"3 Louse","floor":14,"turns":2},{"damage":41,"enemies":"Slime Boss","floor":16,"turns":6}],"seed_played":"-2808752375151786019","potions_obtained":[{"floor":1.0,"key":"LiquidBronze"},{"floor":5.0,"key":"CultistPotion"},{"floor":12,"key":"LiquidBronze"}],"is_trial":false,"path_per_floor":["M","M","$","M","M","R","E","R","T","?","M","E","M","M","R","B"],"character_chosen":"THE_SILENT","items_purchased":["Flying Knee","Deadly Poison"],"campfire_rested":1,"item_purchase_floors":[3,3],"current_hp_per_floor":[55,52,66,64,63,63,41,41,41,41,38,15,15,15,34,0,0],"gold":203,"neow_bonus":"RANDOM_COMMON_RELIC","is_daily":false,"chose_seed":false,"campfire_upgraded":2,"win_rate":0.0,"timestamp":1613602915,"path_taken":["M","M","$","?","M","R","E","R","T","?","M","E","?","M","R","BOSS"],"items_purchased_type":["Card","Card"],"build_version":"2020-12-18","purchased_purges":0,"victory":false,"max_hp_per_floor":[66,66,66,66,66,66,66,66,66,66,66,66,66,66,66,66,66],"relic_stats":{"Gremlin Horn":[5,5],"counters":[10,47],"MealTicket":14,"Letter Opener":[30],"obtain_stats":[{"Gremlin Horn":9,"MealTicket":0,"Letter Opener":12,"Toxic Egg 2":7,"Ring of the Snake":0},{"Gremlin Horn":5,"MealTicket":0,"Letter Opener":7,"Toxic Egg 2":5,"Ring of the Snake":0},{"Gremlin Horn":23,"MealTicket":0,"Letter Opener":35,"Toxic Egg 2":23,"Ring of the Snake":0}],"Ring of the Snake":[20]},"card_choices":[{"not_picked":["Dagger Throw","Setup"],"picked":"Well Laid Plans","floor":1.0},{"not_picked":["Acrobatics","Outmaneuver"],"picked":"Slice","floor":2.0},{"not_picked":["Backflip","Sucker Punch"],"picked":"Eviscerate","floor":4.0},{"not_picked":["Expertise","All Out Attack"],"picked":"Deadly Poison","floor":5.0},{"not_picked":["Caltrops","Riddle With Holes"],"picked":"Cloak And Dagger+1","floor":7.0},{"not_picked":["Sucker Punch","Flechettes"],"picked":"Acrobatics+1","floor":11.0},{"not_picked":["Skewer","Finisher"],"picked":"Cloak And Dagger+1","floor":12},{"not_picked":["Eviscerate","PiercingWail+1"],"picked":"Dodge and Roll+1","floor":13},{"not_picked":["Underhanded Strike","Slice"],"picked":"Tactician+1","floor":14}],"player_experience":1162107,"relics_obtained":[{"floor":7.0,"key":"Toxic Egg 2"},{"floor":9.0,"key":"Gremlin Horn"},{"floor":12,"key":"Letter Opener"}],"event_choices":[{"damage_healed":0.0,"max_hp_gain":0.0,"max_hp_loss":0.0,"gold_gain":0.0,"event_name":"Wheel of Change","player_choice":"Cursed","floor":10.0,"gold_loss":0.0,"damage_taken":0.0,"cards_obtained":["Decay"]}],"is_beta":true,"boss_relics":[],"items_purged_floors":[],"is_endless":false,"potions_floor_spawned":[1,5,12],"killed_by":"Slime Boss","ascension_level":20}}