{"host":"xumidyqji6pg2yy3","time":1613586065,"event":{"mods":["ATMod(阿瑾Mod)","BaseMod","Colored Map","Minty Spire (QoL Compilation)","MostiFishMod","Quick Restart","StSLib","[功能]功能增强和修复MOD"],"gold_per_floor":[361,361,361,160,175,175,213,213,213,213,256,256,291,312,312,441,441,456,141,159,159,115,155,155,224,224,224,265,333,397,461,461,609,609,754,853,892,743,834,903,948,1062,1089,957,1068,1207,1248,1314,1314,1364,1364,1364,1254,1337,1362],"floor_reached":56,"language":"ZHS","playtime":2291,"items_purged":["Strike_R","Bash","Strike_R","Strike_R","Defend_R","Defend_R","Defend_R","AT_Dispersion+1","Strike_R","Strike_R","AT_DrawKnifeCut","Defend_R+1","Ghostly Armor+1","Pommel Strike","Flex","Shrug It Off"],"score":2065,"play_id":"420b998b-b93c-4b95-b577-01eb89029a08","local_time":"20210218022105","is_ascension_mode":true,"campfire_choices":[{"data":"Ghostly Armor","floor":6,"key":"SMITH"},{"data":"AT_Dispersion","floor":8,"key":"SMITH"},{"floor":10,"key":"DIG"},{"floor":12,"key":"DIG"},{"floor":15,"key":"DIG"},{"floor":27,"key":"DIG"},{"floor":32,"key":"RECALL"},{"floor":49,"key":"DIG"},{"floor":52,"key":"DIG"}],"circlet_count":0,"master_deck":["Pommel Strike+1","Limit Break+1","Shrug It Off+1"],"relics":["Burning Blood","AT_ATBox","DaveBox","RhineSuit","SynthV:TestCard","Golden Idol","AT_TimeSand","BionicSphere","Shovel","War Paint","Bronze Scales","Bottled Flame","Gambling Chip","AT_BellDemon","MealTicket","OneHitWonderSystem","Omamori","Bag of Marbles","MetatronsCube","AT_SeraphEmbrace","Oddly Smooth Stone","StoneCalendar","AT_MibuBalloonWealth","AT_GoldPhoenixTree","DianPoetry","OriginationStaff","Question Card","Tiny Chest","Orichalcum","HornCleat","Shuriken","AT_RedTearstoneRing","Toxic Egg 2","FeatherPendant","Smiling Mask","Pantograph","InkBottle","Sling","Whetstone","Dream Catcher","Gremlin Horn","AT_DeathDance","Ornamental Fan","SynthV:C4","AT_LudenTempest","Self Forming Clay","Nunchaku","AT_EbonyIvory","Medical Kit","Potion Belt","Boot","Meat on the Bone","Vajra","Incense Burner","AT_ImmortalShieldbow","Pear","Red Skull","AT_ForceNature","AT_BladeRuinedKing","Blood Vial","Bag of Preparation","StrikeDummy"],"acts_visited":["Exordium","TheCity","TheBeyond","TheEnding"],"potions_floor_usage":[55,55],"damage_taken":[{"damage":0,"enemies":"Jaw Worm","floor":1,"turns":2},{"damage":0,"enemies":"2 Louse","floor":5,"turns":2},{"damage":0,"enemies":"3 Sentries","floor":7,"turns":5},{"damage":0,"enemies":"Lagavulin","floor":11,"turns":4},{"damage":0,"enemies":"Gremlin Nob","floor":13,"turns":3},{"damage":0,"enemies":"Small Slimes","floor":14,"turns":2},{"damage":0,"enemies":"The Guardian","floor":16,"turns":2},{"damage":0,"enemies":"Spheric Guardian","floor":18,"turns":2},{"damage":0,"enemies":"2 Thieves","floor":20,"turns":1},{"damage":0,"enemies":"Gremlin Leader","floor":23,"turns":1},{"damage":0,"enemies":"Book of Stabbing","floor":25,"turns":1},{"damage":0,"enemies":"Snecko","floor":28,"turns":1},{"damage":0,"enemies":"Gremlin Leader","floor":29,"turns":1},{"damage":0,"enemies":"Centurion and Healer","floor":30,"turns":1},{"damage":0,"enemies":"Sentry and Sphere","floor":31,"turns":1},{"damage":0,"enemies":"Automaton","floor":33,"turns":1},{"damage":0,"enemies":"3 Darklings","floor":35,"turns":1},{"damage":0,"enemies":"3 Shapes","floor":36,"turns":1},{"damage":0,"enemies":"Spire Growth","floor":37,"turns":1},{"damage":0,"enemies":"Jaw Worm Horde","floor":39,"turns":1},{"damage":0,"enemies":"Giant Head","floor":40,"turns":1},{"damage":0,"enemies":"Transient","floor":41,"turns":1},{"damage":0,"enemies":"2 Orb Walkers","floor":42,"turns":1},{"damage":0,"enemies":"Reptomancer","floor":45,"turns":1},{"damage":0,"enemies":"3 Darklings","floor":46,"turns":1},{"damage":0,"enemies":"Spire Growth","floor":47,"turns":1},{"damage":0,"enemies":"Giant Head","floor":48,"turns":1},{"damage":0,"enemies":"Donu and Deca","floor":50,"turns":1},{"damage":0,"enemies":"Shield and Spear","floor":54,"turns":1},{"damage":0,"enemies":"The Heart","floor":55,"turns":3}],"seed_played":"-740403384359342001","potions_obtained":[{"floor":14,"key":"SpeedPotion"},{"floor":14,"key":"PowerPotion"},{"floor":14,"key":"FairyPotion"},{"floor":28,"key":"CultistPotion"},{"floor":29,"key":"PowerPotion"},{"floor":45,"key":"Weak Potion"},{"floor":47,"key":"DuplicationPotion"}],"is_trial":false,"path_per_floor":["M","?","?","$","M","R","E","R","T","R","E","R","E","M","R","B",null,"M","$","M","?","$","E","?","E","T","R","M","E","M","M","R","B",null,"M","M","M","$","M","E","M","?","T","$","E","M","M","E","R","B",null,"R","$","E","B",null],"character_chosen":"IRONCLAD","items_purchased":["AT_TimeSand","BionicSphere","Bag of Marbles","MetatronsCube","Oddly Smooth Stone","Sling","Whetstone","Dream Catcher","AT_EbonyIvory","Medical Kit","Potion Belt","AT_BladeRuinedKing","Blood Vial","Shrug It Off+1"],"campfire_rested":0,"item_purchase_floors":[4,4,19,19,22,38,38,38,44,44,44,53,53,53],"current_hp_per_floor":[72,58,40,40,46,46,52,52,52,52,58,58,64,70,70,72,1,1,1,1,1,1,1,1,1,1,1,1,1,1,1,1,1,1,1,1,1,1,1,1,1,1,1,1,1,1,1,11,1,1,1,1,1,1,1],"gold":1362,"neow_bonus":"TWO_FIFTY_GOLD","is_daily":false,"chose_seed":false,"campfire_upgraded":2,"win_rate":0.0,"timestamp":1613586065,"path_taken":["M","?","?","$","M","R","E","R","T","R","E","R","E","M","R","BOSS","M","$","M","?","$","E","?","E","T","R","M","E","M","M","R","BOSS","M","M","M","$","M","E","M","?","T","$","E","M","M","E","R","BOSS","R","$","E","BOSS"],"items_purchased_type":["Relic","Relic","Relic","Relic","Relic","Relic","Relic","Relic","Relic","Relic","Relic","Relic","Relic","Card"],"build_version":"2020-12-22","purchased_purges":16,"victory":true,"max_hp_per_floor":[72,72,72,72,72,72,72,72,72,72,72,72,72,72,72,72,1,1,1,1,1,1,1,1,1,1,1,1,1,1,1,1,1,1,1,1,1,1,1,1,1,1,1,1,1,1,1,11,1,1,1,1,1,1,1],"card_choices":[{"not_picked":["Thunderclap","Clash"],"picked":"Pommel Strike","floor":1},{"not_picked":["Thunderclap","Reckless Charge","AT_IchimonjiDouble","Flex"],"picked":"Ghostly Armor","floor":5},{"not_picked":["Twin Strike","Whirlwind","Clash","Headbutt"],"picked":"AT_Dispersion","floor":7},{"not_picked":["Flame Barrier","Combust","MostiFishMod:ChineseTea","AT_IchimonjiDouble"],"picked":"Shrug It Off","floor":11},{"not_picked":["Clash","Reckless Charge","Wild Strike","AT_DrawKnifeCut","Power Through"],"picked":"SKIP","floor":13},{"not_picked":["Clash","Rupture","Burning Pact","Battle Trance"],"picked":"Pommel Strike","floor":14},{"not_picked":["Iron Wave","Anger+1","Infernal Blade+1","AT_BodySlamDance+1"],"picked":"Flex","floor":18},{"not_picked":["Battle Trance","Blood for Blood","Body Slam","Burning Pact+1","Wild Strike"],"picked":"SKIP","floor":20},{"not_picked":["Body Slam","Second Wind","Feel No Pain","MostiFishMod:WingOfPhoenix","Power Through"],"picked":"SKIP","floor":23},{"not_picked":["Inflame","Clash+1","AT_DiedThrough","Clothesline","Cleave"],"picked":"SKIP","floor":25},{"not_picked":["Headbutt+1","Armaments","Metallicize","Clothesline+1","Feel No Pain+1","Anger"],"picked":"SKIP","floor":28},{"not_picked":["Dropkick","Twin Strike","Feel No Pain+1","Thunderclap","MostiFishMod:TemporaryOutbreak","Anger"],"picked":"SKIP","floor":29},{"not_picked":["Flex","Body Slam","AT_ManFootWork+1","Carnage","True Grit+1","Thunderclap+1"],"picked":"SKIP","floor":30},{"not_picked":["Sword Boomerang","Wild Strike","Disarm","Perfected Strike","AT_ManFootWork","Body Slam"],"picked":"SKIP","floor":31},{"not_picked":["MostiFishMod:DarkDeal+1","MostiFishMod:FireWorks+1","MostiFishMod:UltimateDefense+1","MostiFishMod:Mania","MostiFishMod:404NotFound"],"picked":"Limit Break+1","floor":33},{"not_picked":["Sword Boomerang+1","True Grit+1","Entrench+1","Flex+1","Twin Strike","Carnage"],"picked":"SKIP","floor":35},{"not_picked":["Searing Blow+1","Cleave","Warcry+1","Ghostly Armor+1","Burning Pact+1","Sword Boomerang+1"],"picked":"SKIP","floor":36},{"not_picked":["AT_ShrugMaster","Flex+1","Armaments+1","Infernal Blade+1","Intimidate+1","Battle Trance+1"],"picked":"SKIP","floor":37},{"not_picked":["Barricade","Seeing Red+1","Headbutt","Uppercut","Evolve+1","Anger"],"picked":"SKIP","floor":39},{"not_picked":["Body Slam","Corruption","True Grit+1","AT_IchimonjiDouble","Perfected Strike","Sword Boomerang"],"picked":"SKIP","floor":40},{"not_picked":["Body Slam","Corruption","True Grit+1","AT_IchimonjiDouble","Perfected Strike","Sword Boomerang"],"picked":"SKIP","floor":40},{"not_picked":["Flex+1","Thunderclap","Shrug It Off+1","Iron Wave","Armaments+1","Pommel Strike+1"],"picked":"SKIP","floor":41},{"not_picked":["Shockwave+1","Searing Blow+1","Fiend Fire","Seeing Red+1","Warcry+1","Anger"],"picked":"SKIP","floor":45},{"not_picked":["True Grit+1","Wild Strike+1","Sever Soul+1","Anger+1","AT_BodySlamDance+1","MostiFishMod:BrandingRite+1"],"picked":"SKIP","floor":46},{"not_picked":["Rupture+1","Clash+1","Fire Breathing+1","Rampage","Warcry+1","Inflame+1"],"picked":"SKIP","floor":47},{"not_picked":["Body Slam+1","MostiFishMod:OrdinaryWorld","MostiFishMod:HellRitual+1","Shockwave+1","AT_IchimonjiDouble+1","Pummel"],"picked":"SKIP","floor":48},{"not_picked":["Twin Strike+1","Flex+1","Thunderclap+1","Iron Wave","Searing Blow","Clash+1"],"picked":"SKIP","floor":54}],"player_experience":64709,"relics_obtained":[{"floor":1,"key":"SynthV:TestCard"},{"floor":7,"key":"Shovel"},{"floor":10,"key":"War Paint"},{"floor":11,"key":"Bronze Scales"},{"floor":12,"key":"Bottled Flame"},{"floor":13,"key":"Gambling Chip"},{"floor":15,"key":"AT_BellDemon"},{"floor":16,"key":"MealTicket"},{"floor":18,"key":"Omamori"},{"floor":20,"key":"AT_ArchangelStaff"},{"floor":23,"key":"StoneCalendar"},{"floor":23,"key":"AT_MibuBalloonWealth"},{"floor":25,"key":"AT_GoldPhoenixTree"},{"floor":25,"key":"DianPoetry"},{"floor":26,"key":"OriginationStaff"},{"floor":27,"key":"Question Card"},{"floor":28,"key":"Tiny Chest"},{"floor":29,"key":"Orichalcum"},{"floor":29,"key":"HornCleat"},{"floor":30,"key":"Shuriken"},{"floor":31,"key":"AT_RedTearstoneRing"},{"floor":33,"key":"Toxic Egg 2"},{"floor":35,"key":"Smiling Mask"},{"floor":36,"key":"Pantograph"},{"floor":37,"key":"InkBottle"},{"floor":39,"key":"Gremlin Horn"},{"floor":40,"key":"AT_DeathDance"},{"floor":40,"key":"Ornamental Fan"},{"floor":41,"key":"SynthV:C4"},{"floor":42,"key":"AT_LudenTempest"},{"floor":42,"key":"Self Forming Clay"},{"floor":43,"key":"Nunchaku"},{"floor":45,"key":"Boot"},{"floor":45,"key":"Meat on the Bone"},{"floor":46,"key":"Vajra"},{"floor":47,"key":"Incense Burner"},{"floor":48,"key":"AT_ImmortalShieldbow"},{"floor":48,"key":"Pear"},{"floor":49,"key":"Red Skull"},{"floor":52,"key":"AT_ForceNature"},{"floor":54,"key":"Bag of Preparation"},{"floor":54,"key":"StrikeDummy"}],"event_choices":[{"damage_healed":0,"gold_gain":0,"player_choice":"Entered Light","damage_taken":14,"max_hp_gain":0,"max_hp_loss":0,"event_name":"Shining Light","floor":2,"gold_loss":0,"cards_upgraded":["Pommel Strike","Defend_R"]},{"damage_healed":0,"gold_gain":0,"player_choice":"Take Damage","damage_taken":18,"relics_obtained":["Golden Idol"],"max_hp_gain":0,"max_hp_loss":0,"event_name":"Golden Idol","floor":3,"gold_loss":0},{"damage_healed":0,"gold_gain":0,"player_choice":"Ignored","damage_taken":0,"max_hp_gain":0,"max_hp_loss":0,"event_name":"Vampires","floor":21,"gold_loss":0},{"damage_healed":0,"gold_gain":0,"player_choice":"Leave","damage_taken":0,"max_hp_gain":0,"max_hp_loss":0,"event_name":"FaceTrader","floor":24,"gold_loss":0},{"damage_healed":0,"gold_gain":0,"player_choice":"Fight","damage_taken":0,"max_hp_gain":0,"max_hp_loss":0,"event_name":"Mysterious Sphere","floor":42,"gold_loss":0}],"is_beta":false,"boss_relics":[{"not_picked":["Fusion Hammer","Velvet Choker"],"picked":"OneHitWonderSystem"},{"not_picked":["ChiXiaoBlade","Empty Cage"],"picked":"FeatherPendant"}],"items_purged_floors":[4,4,4,4,4,4,4,19,19,19,19,19,38,38,38,53],"is_endless":false,"potions_floor_spawned":[7,14,14,14,16,23,25,25,28,29,30,30,36,36,40,42,45,46,47,48,54,54],"ascension_level":1}}