{"host":"4nv61ujg37lx5d7m","time":1613541356,"event":{"mods":["BaseMod","Minty Spire (QoL Compilation)","Quick Restart"],"gold_per_floor":[213,29,47,64,14,14,48,58,83,110,124,199,199,199,199,298,298,310,220,70,81,81,81],"floor_reached":22,"language":"ZHS","playtime":895,"items_purged":["Strike_R+1"],"score":272,"play_id":"65f02034-61b2-4633-8355-8b2a7c1a4453","local_time":"20210217135556","is_ascension_mode":true,"campfire_choices":[{"data":"Anger","floor":6.0,"key":"SMITH"},{"floor":13,"key":"REST"},{"floor":15,"key":"REST"}],"circlet_count":0,"master_deck":["Strike_R+1","Defend_R","Defend_R","Defend_R+1","Defend_R","Bash","Fire Breathing","Dark Embrace","Anger+1","Burning Pact","Spot Weakness+1","Sword Boomerang+1","Second Wind","Barricade","True Grit+1","Seeing Red","Wild Strike"],"relics":["Burning Blood","Bag of Preparation","War Paint","PreservedInsect","Whetstone","Cursed Key"],"acts_visited":["Exordium","TheCity"],"potions_floor_usage":[],"damage_taken":[{"damage":1.0,"enemies":"2 Louse","floor":1.0,"turns":4.0},{"damage":8.0,"enemies":"Jaw Worm","floor":3.0,"turns":4.0},{"damage":7.0,"enemies":"Small Slimes","floor":4.0,"turns":4.0},{"damage":25.0,"enemies":"Lagavulin","floor":7.0,"turns":7.0},{"damage":16.0,"enemies":"Blue Slaver","floor":8.0,"turns":4.0},{"damage":25.0,"enemies":"3 Sentries","floor":10.0,"turns":5.0},{"damage":28,"enemies":"Gremlin Gang","floor":11,"turns":4},{"damage":54,"enemies":"Slime Boss","floor":16,"turns":10},{"damage":21,"enemies":"2 Thieves","floor":18,"turns":4},{"damage":28,"enemies":"3 Byrds","floor":21,"turns":5},{"damage":36,"enemies":"Shelled Parasite and Fungi","floor":22,"turns":3}],"seed_played":"-4292331525926441955","potions_obtained":[{"floor":1.0,"key":"SneckoOil"},{"floor":8.0,"key":"FairyPotion"},{"floor":10.0,"key":"ColorlessPotion"},{"floor":16,"key":"CultistPotion"}],"is_trial":false,"path_per_floor":["M","$","M","M","?","R","E","M","T","E","M","?","R","?","R","B",null,"M","?","$","M","M"],"character_chosen":"IRONCLAD","items_purchased":["Dark Embrace","Bag of Preparation","Seeing Red"],"campfire_rested":2,"item_purchase_floors":[2,2,20],"current_hp_per_floor":[77,77,75,74,74,74,55,45,45,26,30,19,43,36,60,12,63,48,48,48,26,0,0],"gold":81,"neow_bonus":"HUNDRED_GOLD","is_daily":false,"chose_seed":false,"campfire_upgraded":1,"win_rate":0.0,"timestamp":1613541356,"path_taken":["M","$","M","M","?","R","E","M","T","E","M","?","R","?","R","BOSS","M","?","$","?","M"],"items_purchased_type":["Card","Relic","Card"],"build_version":"2020-12-22","purchased_purges":1,"victory":false,"max_hp_per_floor":[80,80,80,80,80,80,80,80,80,80,80,80,80,80,80,80,80,80,80,80,80,80,80],"card_choices":[{"not_picked":["Pummel","Clothesline"],"picked":"Fire Breathing","floor":1.0},{"not_picked":["Armaments","Pommel Strike"],"picked":"Anger","floor":3.0},{"not_picked":["Clothesline","Seeing Red"],"picked":"Burning Pact","floor":4.0},{"not_picked":["Sword Boomerang","Shrug It Off"],"picked":"Spot Weakness","floor":7.0},{"not_picked":["Iron Wave","Clash"],"picked":"Sword Boomerang","floor":8.0},{"not_picked":["Feed","Flame Barrier"],"picked":"Second Wind","floor":10.0},{"not_picked":["Havoc","Iron Wave","Thunderclap"],"picked":"SKIP","floor":11},{"not_picked":["Berserk","Corruption"],"picked":"Barricade","floor":16},{"not_picked":["Twin Strike","Armaments"],"picked":"True Grit+1","floor":18},{"not_picked":["Iron Wave","True Grit+1"],"picked":"Wild Strike","floor":21}],"player_experience":45908,"relics_obtained":[{"floor":7.0,"key":"War Paint"},{"floor":9.0,"key":"PreservedInsect"},{"floor":10.0,"key":"Whetstone"}],"event_choices":[{"cards_removed":["Strike_R"],"damage_healed":0.0,"max_hp_gain":0.0,"max_hp_loss":0.0,"gold_gain":0.0,"event_name":"The Cleric","player_choice":"Card Removal","floor":5.0,"gold_loss":50.0,"damage_taken":0.0},{"damage_healed":0,"gold_gain":75,"player_choice":"Gather Gold","damage_taken":11,"max_hp_gain":0,"max_hp_loss":0,"event_name":"World of Goop","floor":12,"gold_loss":0},{"cards_removed":["Strike_R"],"damage_healed":0,"gold_gain":0,"player_choice":"Card Removal","damage_taken":7,"max_hp_gain":0,"max_hp_loss":0,"event_name":"Golden Wing","floor":14,"gold_loss":0},{"cards_removed":["Strike_R"],"damage_healed":0,"gold_gain":0,"player_choice":"Upgrade and Remove","damage_taken":0,"max_hp_gain":0,"max_hp_loss":0,"event_name":"Designer","floor":19,"gold_loss":90,"cards_upgraded":["Strike_R"]}],"is_beta":false,"boss_relics":[{"not_picked":["Empty Cage","Runic Pyramid"],"picked":"Cursed Key"}],"items_purged_floors":[20],"is_endless":false,"potions_floor_spawned":[1,8,10,16],"killed_by":"Shelled Parasite and Fungi","ascension_level":8}}