{"host":"lgow17wc5wawziz1","time":1613570496,"event":{"mods":["AchievementEnabler","Act Like it!","Aspiration","BaseMod","Better Third Choice","Colored Map","Colored Powertips","Gensokyo","Hubris","Minty Spire (QoL Compilation)","MostiFishMod","Permanent Neow","Quick Restart","Replay The Spire","StSLib","SuperFastMode","¡¼?Úª?ø«¡½REMEMod"],"gold_per_floor":[112,112,125,145,165,200,200,200,224,224,224,224],"floor_reached":11,"language":"KOR","playtime":478,"items_purged":[],"score":113,"play_id":"046baaa3-e89a-43f4-a9ee-eabb90f43ffc","local_time":"20210217230136","is_ascension_mode":true,"campfire_choices":[{"data":"Replay:Many Hands","floor":7,"key":"SMITH"},{"data":"Seeing Red","floor":10,"key":"SMITH"}],"circlet_count":0,"master_deck":["AscendersBane","Strike_R","Strike_R","Strike_R","Strike_R","Strike_R","Defend_R","Defend_R","Defend_R","Defend_R","Bash+1","ReplayTheSpireMod:Omega Cannon","True Grit+1","hubris:ReadiedAction","Seeing Red+1","ReplayTheSpireMod:Strike From Hell","Replay:Many Hands+1","Injury"],"relics":["Burning Blood","REME_ComplimentaryCards","DaveBox","SynthV:TestCard","Replay:Towering Pillar of Hats","Toxic Egg 2","aspiration:Lifesprig"],"acts_visited":["Exordium"],"potions_floor_usage":[6],"damage_taken":[{"damage":3,"enemies":"2 Louse","floor":1,"turns":2},{"damage":0,"enemies":"Cultist","floor":3,"turns":2},{"damage":12,"enemies":"Jaw Worm","floor":4,"turns":2},{"damage":16,"enemies":"Gremlin Gang","floor":5,"turns":3},{"damage":35,"enemies":"Lagavulin","floor":6,"turns":5},{"damage":35,"enemies":"3 Sentries","floor":11,"turns":4}],"seed_played":"-8932771111332072256","potions_obtained":[{"floor":3,"key":"Strength Potion"},{"floor":4,"key":"Elixir"}],"is_trial":false,"path_per_floor":["M","?","M","M","M","E","R","?","T","R","E"],"character_chosen":"IRONCLAD","items_purchased":[],"campfire_rested":0,"item_purchase_floors":[],"current_hp_per_floor":[75,75,80,74,64,35,35,35,35,35,0,0],"gold":224,"neow_bonus":"UPGRADE_CARD","is_daily":false,"chose_seed":false,"campfire_upgraded":2,"win_rate":0.0,"timestamp":1613570496,"path_taken":["M","?","M","M","M","E","R","?","T","R","E"],"items_purchased_type":[],"build_version":"2020-12-22","purchased_purges":0,"victory":false,"max_hp_per_floor":[80,80,80,80,80,80,80,80,80,80,80,80],"card_choices":[{"not_picked":["Pommel Strike","Headbutt"],"picked":"True Grit","floor":1},{"not_picked":["Hemokinesis","Iron Wave","Dark Embrace","Cleave"],"picked":"hubris:ReadiedAction","floor":3},{"not_picked":["True Grit","Life Link","Shrug It Off","Havoc"],"picked":"Seeing Red","floor":4},{"not_picked":["Shrug It Off","Clash","Dropkick","hubris:SharpeningStone"],"picked":"ReplayTheSpireMod:Strike From Hell","floor":5},{"not_picked":["Clash","REME_Cut","Havoc","Replay:Undeath\u0027s Touch"],"picked":"Replay:Many Hands","floor":6}],"player_experience":320945,"relics_obtained":[{"floor":1,"key":"SynthV:TestCard"},{"floor":6,"key":"Replay:Towering Pillar of Hats"},{"floor":9,"key":"aspiration:Lifesprig"}],"event_choices":[],"is_beta":false,"boss_relics":[],"items_purged_floors":[],"is_endless":false,"potions_floor_spawned":[3,4],"killed_by":"3 Sentries","ascension_level":11}}