{"host":"91blwi3hgehj6ch9","time":1613566710,"event":{"mods":["2.2 Compatiblity","AchievementEnabler","BaseMod","Colored Map","DeckTracker","Keyboard Shortcuts","Minty Spire (QoL Compilation)","Permanent Neow","StSLib","SuperFastMode","everything is the same but u backflip on backflip"],"gold_per_floor":[119,194,214,226,237,237,267,267,267,267,281,301,315,347,347,447,447,465,476,496,190,190,190],"floor_reached":22,"language":"KOR","playtime":679,"items_purged":["Strike_R"],"score":310,"play_id":"38c5a781-180d-42ea-b158-19dbb9a28b97","local_time":"20210217215830","is_ascension_mode":true,"campfire_choices":[{"floor":6.0,"key":"REST"},{"floor":10.0,"key":"REST"},{"floor":15.0,"key":"REST"}],"circlet_count":0,"master_deck":["AscendersBane","Strike_R","Strike_R","Strike_R","Strike_R","Defend_R","Defend_R","Defend_R","Defend_R","Bash","Trip","Wild Strike","Sword Boomerang","Wild Strike","Carnage","Swift Strike","Bludgeon","Evolve","Power Through+1","Second Wind+1","Sentinel+1","Dark Embrace"],"relics":["Burning Blood","Pantograph","Toxic Egg 2","Strawberry","Mark of Pain","Blood Vial"],"acts_visited":["Exordium","TheCity"],"potions_floor_usage":[],"damage_taken":[{"damage":15.0,"enemies":"Small Slimes","floor":1.0,"turns":4.0},{"damage":11.0,"enemies":"Jaw Worm","floor":3.0,"turns":4.0},{"damage":1.0,"enemies":"Cultist","floor":4.0,"turns":3.0},{"damage":21.0,"enemies":"Exordium Wildlife","floor":5.0,"turns":5.0},{"damage":55.0,"enemies":"3 Sentries","floor":7.0,"turns":10.0},{"damage":15.0,"enemies":"2 Fungi Beasts","floor":11.0,"turns":4.0},{"damage":0.0,"enemies":"Large Slime","floor":12.0,"turns":4.0},{"damage":8.0,"enemies":"Red Slaver","floor":13.0,"turns":3.0},{"damage":8.0,"enemies":"Gremlin Nob","floor":14.0,"turns":3.0},{"damage":71.0,"enemies":"Hexaghost","floor":16.0,"turns":9.0},{"damage":37.0,"enemies":"Shell Parasite","floor":18.0,"turns":5.0},{"damage":2.0,"enemies":"Chosen","floor":19.0,"turns":4.0},{"damage":16.0,"enemies":"Snecko","floor":20.0,"turns":6.0},{"damage":47,"enemies":"Shelled Parasite and Fungi","floor":22,"turns":3}],"seed_played":"714770522514394823","potions_obtained":[{"floor":7.0,"key":"LiquidBronze"},{"floor":11.0,"key":"ElixirPotion"}],"is_trial":false,"path_per_floor":["M","?","M","M","M","R","E","?","T","R","M","M","M","E","R","B",null,"M","M","M","$","M"],"character_chosen":"IRONCLAD","items_purchased":["Dark Embrace","Blood Vial"],"campfire_rested":3,"item_purchase_floors":[21,21],"current_hp_per_floor":[63,52,47,52,37,61,12,12,12,36,27,33,31,36,62,22,71,40,44,34,34,0,0],"gold":190,"neow_bonus":"RANDOM_COLORLESS","is_daily":false,"chose_seed":false,"campfire_upgraded":0,"win_rate":0.0,"timestamp":1613566710,"path_taken":["M","?","M","M","M","R","E","?","T","R","M","M","M","E","R","BOSS","M","?","M","$","M"],"items_purchased_type":["Card","Relic"],"build_version":"2020-12-22","purchased_purges":1,"victory":false,"max_hp_per_floor":[80,80,80,80,80,80,80,80,80,80,80,80,80,87,87,87,87,87,87,87,87,87,87],"card_choices":[{"not_picked":["Mind Blast","PanicButton"],"picked":"Trip","floor":0.0},{"not_picked":["Pummel","Body Slam"],"picked":"Wild Strike","floor":1.0},{"not_picked":["Twin Strike","Heavy Blade"],"picked":"Sword Boomerang","floor":3.0},{"not_picked":["Armaments","Intimidate","Clothesline"],"picked":"SKIP","floor":4.0},{"not_picked":["Twin Strike","Heavy Blade"],"picked":"Wild Strike","floor":5.0},{"not_picked":["Havoc","Intimidate"],"picked":"Carnage","floor":7.0},{"not_picked":["Clash","Warcry+1","Sword Boomerang"],"picked":"SKIP","floor":11.0},{"not_picked":["Uppercut","Cleave"],"picked":"Evolve","floor":12.0},{"not_picked":["Rupture","Dual Wield+1","Clash"],"picked":"SKIP","floor":13.0},{"not_picked":["Pommel Strike","Barricade"],"picked":"Power Through+1","floor":14.0},{"not_picked":["Combust","Twin Strike","Clash"],"picked":"SKIP","floor":18.0},{"not_picked":["Thunderclap","Cleave"],"picked":"Second Wind+1","floor":19.0},{"not_picked":["Cleave+1","Clothesline"],"picked":"Sentinel+1","floor":20.0}],"player_experience":279597,"relics_obtained":[{"floor":7.0,"key":"Pantograph"},{"floor":9.0,"key":"Toxic Egg 2"},{"floor":14.0,"key":"Strawberry"}],"event_choices":[{"damage_healed":0.0,"max_hp_gain":0.0,"max_hp_loss":0.0,"gold_gain":75.0,"event_name":"World of Goop","player_choice":"Gather Gold","floor":2.0,"gold_loss":0.0,"damage_taken":11.0},{"damage_healed":0.0,"max_hp_gain":0.0,"max_hp_loss":0.0,"gold_gain":0.0,"event_name":"Match and Keep!","player_choice":"2 cards matched","floor":8.0,"gold_loss":0.0,"damage_taken":0.0,"cards_obtained":["Swift Strike","Bludgeon"]}],"is_beta":false,"boss_relics":[{"not_picked":["Runic Pyramid","Busted Crown"],"picked":"Mark of Pain"}],"items_purged_floors":[21],"is_endless":false,"potions_floor_spawned":[7,11,14],"killed_by":"Shelled Parasite and Fungi","ascension_level":11}}