{"host":"dw8ij7emqco3quom","time":1613599357,"event":{"mods":["BaseMod","Minty Spire (QoL Compilation)"],"gold_per_floor":[114,114,114,129,129,163,163,189,189,42,62,62,76,94,94,196,196,211,221,221,231,231,262,262,27,98,98,0,0,18,18,18,120,120,139,94,104,30,42,42,142,154,179,179,179,179],"floor_reached":45,"language":"FRA","playtime":2595,"items_purged":["Strike_G"],"score":721,"play_id":"6c55308b-e667-4f86-8874-e688969c7263","local_time":"20210217230236","is_ascension_mode":true,"campfire_choices":[{"data":"Well Laid Plans","floor":7.0,"key":"SMITH"},{"floor":15.0,"key":"REST"},{"floor":24.0,"key":"REST"},{"floor":27.0,"key":"REST"},{"data":"Storm of Steel","floor":32.0,"key":"SMITH"},{"floor":40.0,"key":"REST"},{"floor":44,"key":"REST"}],"circlet_count":0,"master_deck":["Strike_G","Strike_G","Strike_G","Strike_G","Defend_G","Defend_G","Defend_G","Defend_G","Survivor","Neutralize","Dagger Throw","Well Laid Plans+1","Cloak And Dagger","Storm of Steel+1","Backflip","Blade Dance","Accuracy","Terror","Outmaneuver","Dagger Spray","Tactician","Finisher","PiercingWail","Burst","Dash","Decay","Flying Knee+1","Dodge and Roll+1","Infinite Blades","Phantasmal Killer","Blur","Footwork","Burst","Prepared+1","Underhanded Strike","Accuracy","Blade Dance+1"],"relics":["Ring of the Serpent","NeowsBlessing","Dream Catcher","Peace Pipe","Strawberry","Pear","Orrery","Sozu","Gremlin Horn","Darkstone Periapt","Ornamental Fan","GremlinMask"],"acts_visited":["Exordium","TheCity","TheBeyond"],"potions_floor_usage":[],"damage_taken":[{"damage":0.0,"enemies":"Jaw Worm","floor":1.0,"turns":1.0},{"damage":0.0,"enemies":"Small Slimes","floor":4.0,"turns":1.0},{"damage":0.0,"enemies":"Lagavulin","floor":6.0,"turns":1.0},{"damage":26.0,"enemies":"3 Sentries","floor":8.0,"turns":7.0},{"damage":0.0,"enemies":"2 Louse","floor":11.0,"turns":2.0},{"damage":4.0,"enemies":"2 Fungi Beasts","floor":13.0,"turns":3.0},{"damage":12.0,"enemies":"Lots of Slimes","floor":14.0,"turns":3.0},{"damage":0.0,"enemies":"Slime Boss","floor":16.0,"turns":5.0},{"damage":11.0,"enemies":"Spheric Guardian","floor":18.0,"turns":3.0},{"damage":0.0,"enemies":"3 Byrds","floor":19.0,"turns":4.0},{"damage":8.0,"enemies":"Snecko","floor":21.0,"turns":4.0},{"damage":37.0,"enemies":"Book of Stabbing","floor":23.0,"turns":5.0},{"damage":6.0,"enemies":"3 Cultists","floor":30.0,"turns":6.0},{"damage":16.0,"enemies":"Automaton","floor":33.0,"turns":9.0},{"damage":50.0,"enemies":"3 Darklings","floor":35.0,"turns":5.0},{"damage":4.0,"enemies":"Orb Walker","floor":37.0,"turns":4.0},{"damage":26.0,"enemies":"Transient","floor":39.0,"turns":5.0},{"damage":31,"enemies":"Jaw Worm Horde","floor":42,"turns":4},{"damage":21,"enemies":"Spire Growth","floor":45,"turns":5}],"seed_played":"-432722121459379566","potions_obtained":[{"floor":6.0,"key":"AttackPotion"},{"floor":13.0,"key":"Ancient Potion"},{"floor":14.0,"key":"LiquidMemories"},{"floor":16.0,"key":"LiquidBronze"}],"is_trial":false,"path_per_floor":["M","?","?","M","T","E","R","E","T","$","M","$","M","M","R","B",null,"M","M","?","M","T","E","R","$","T","R","?","?","M","?","R","B",null,"M","$","M","$","M","R","?","M","T","R","M"],"character_chosen":"THE_SILENT","items_purchased":["Orrery","Phantasmal Killer","Underhanded Strike","Accuracy"],"campfire_rested":5,"item_purchase_floors":[10,25,36,38],"current_hp_per_floor":[63,68,68,68,68,68,68,49,59,59,59,59,55,43,70,70,87,76,76,76,68,68,31,58,58,58,85,85,85,79,79,79,63,85,35,35,31,31,5,32,32,1,1,28,7,7],"gold":179,"neow_bonus":"THREE_ENEMY_KILL","is_daily":false,"chose_seed":false,"campfire_upgraded":2,"win_rate":0.0,"timestamp":1613599356,"path_taken":["M","?","?","M","?","E","R","E","T","?","M","$","?","M","R","BOSS","M","M","?","M","?","E","R","$","T","R","?","?","M","?","R","BOSS","M","?","?","$","M","R","?","M","T","R","M"],"items_purchased_type":["Relic","Card","Card","Card"],"build_version":"2020-12-22","purchased_purges":1,"victory":false,"max_hp_per_floor":[70,75,75,75,75,75,75,82,92,92,92,92,92,92,92,92,92,92,92,92,92,92,92,92,92,92,92,92,92,92,92,92,92,92,92,92,92,92,92,92,92,92,92,92,92,92],"card_choices":[{"not_picked":["Masterful Stab","Backstab"],"picked":"Dagger Throw","floor":1.0},{"not_picked":["Distraction","Dagger Throw"],"picked":"Cloak And Dagger","floor":4.0},{"not_picked":["Concentrate","Bouncing Flask"],"picked":"Storm of Steel","floor":6.0},{"not_picked":["Concentrate","Crippling Poison"],"picked":"Backflip","floor":8.0},{"not_picked":["Masterful Stab","Sucker Punch"],"picked":"Blade Dance","floor":10.0},{"not_picked":["Blade Dance","Finisher"],"picked":"Accuracy","floor":10.0},{"not_picked":["Bane","Quick Slash"],"picked":"Terror","floor":10.0},{"not_picked":["Concentrate","Backflip"],"picked":"Outmaneuver","floor":10.0},{"not_picked":["Storm of Steel","Dagger Throw"],"picked":"Dagger Spray","floor":10.0},{"not_picked":["Blade Dance","Deadly Poison"],"picked":"Tactician","floor":11.0},{"not_picked":["Dagger Spray","Concentrate"],"picked":"Finisher","floor":13.0},{"not_picked":["Sucker Punch","Flechettes"],"picked":"PiercingWail","floor":14.0},{"not_picked":["Doppelganger","Corpse Explosion"],"picked":"Burst","floor":16.0},{"not_picked":["Crippling Poison+1","Flying Knee","Poisoned Stab"],"picked":"SKIP","floor":18.0},{"not_picked":["Bouncing Flask","Sucker Punch"],"picked":"Dash","floor":19.0},{"not_picked":["Quick Slash","Endless Agony"],"picked":"Flying Knee+1","floor":21.0},{"not_picked":["Dagger Spray","Dagger Throw"],"picked":"Dodge and Roll+1","floor":23.0},{"not_picked":["Prepared","Bane"],"picked":"Infinite Blades","floor":24.0},{"not_picked":["Poisoned Stab+1","Quick Slash"],"picked":"Blur","floor":27.0},{"not_picked":["Concentrate+1","Sucker Punch","Dagger Spray"],"picked":"SKIP","floor":30.0},{"not_picked":["Bullet Time","A Thousand Cuts"],"picked":"Burst","floor":33.0},{"not_picked":["Dodge and Roll+1","Deflect+1"],"picked":"Prepared+1","floor":35.0},{"not_picked":["Masterful Stab+1","Underhanded Strike+1","Noxious Fumes+1"],"picked":"SKIP","floor":37.0},{"not_picked":["Flying Knee","Dagger Throw+1","Prepared+1"],"picked":"SKIP","floor":39.0},{"not_picked":["Adrenaline","Reflex+1"],"picked":"Blade Dance+1","floor":40.0},{"not_picked":["Concentrate","Dodge and Roll","Riddle With Holes"],"picked":"SKIP","floor":42}],"player_experience":737468,"relics_obtained":[{"floor":5.0,"key":"Dream Catcher"},{"floor":6.0,"key":"Peace Pipe"},{"floor":8.0,"key":"Strawberry"},{"floor":9.0,"key":"Pear"},{"floor":22.0,"key":"Gremlin Horn"},{"floor":23.0,"key":"Darkstone Periapt"},{"floor":26.0,"key":"Ornamental Fan"}],"event_choices":[{"damage_healed":0.0,"max_hp_gain":5.0,"max_hp_loss":0.0,"gold_gain":0.0,"event_name":"Big Fish","player_choice":"Donut","floor":2.0,"gold_loss":0.0,"damage_taken":0.0},{"damage_healed":0.0,"max_hp_gain":0.0,"max_hp_loss":0.0,"gold_gain":0.0,"cards_transformed":["Defend_G"],"event_name":"Living Wall","player_choice":"Change","floor":3.0,"gold_loss":0.0,"damage_taken":0.0,"cards_obtained":["Well Laid Plans"]},{"damage_healed":0.0,"max_hp_gain":0.0,"max_hp_loss":0.0,"gold_gain":0.0,"event_name":"Forgotten Altar","player_choice":"Smashed Altar","floor":20.0,"gold_loss":0.0,"damage_taken":0.0,"cards_obtained":["Decay"]},{"damage_healed":0.0,"max_hp_gain":0.0,"max_hp_loss":0.0,"gold_gain":0.0,"event_name":"Masked Bandits","player_choice":"Paid Fearfully","floor":28.0,"gold_loss":98.0,"damage_taken":0.0},{"damage_healed":0.0,"max_hp_gain":0.0,"max_hp_loss":0.0,"gold_gain":0.0,"event_name":"The Library","player_choice":"Read","floor":29.0,"gold_loss":0.0,"damage_taken":0.0,"cards_obtained":["Footwork"]},{"damage_healed":0.0,"max_hp_gain":0.0,"max_hp_loss":0.0,"gold_gain":0.0,"event_name":"FaceTrader","player_choice":"Trade","floor":31.0,"gold_loss":0.0,"damage_taken":0.0,"relics_obtained":["GremlinMask"]},{"damage_healed":0.0,"max_hp_gain":0.0,"max_hp_loss":0.0,"gold_gain":100.0,"event_name":"Golden Shrine","player_choice":"Pray","floor":41.0,"gold_loss":0.0,"damage_taken":0.0}],"is_beta":false,"boss_relics":[{"not_picked":["Busted Crown","Astrolabe"],"picked":"Sozu"},{"not_picked":["Velvet Choker","Fusion Hammer"],"picked":"Ring of the Serpent"}],"items_purged_floors":[25],"is_endless":false,"potions_floor_spawned":[6,13,14,16,30,33,37,39,42],"killed_by":"Spire Growth","ascension_level":6}}