{"host":"13o02hya6v6rzuva","time":1613571215,"event":{"mods":["BaseMod","Minty Spire (QoL Compilation)","Relic Stats"],"gold_per_floor":[109,284,359,57,68,96,107,141,165,185,185,29,41,70,70,148,148,162,178,178,178,195,221,221,231,231,247,247,274,289,39,39,39,39],"floor_reached":33,"language":"ENG","playtime":1111,"items_purged":["Doubt"],"score":548,"play_id":"221fe729-bb1d-4dca-a9fc-39338f87574b","local_time":"20210217151335","is_ascension_mode":true,"campfire_choices":[{"data":"Feel No Pain","floor":11.0,"key":"SMITH"},{"data":"Perfected Strike","floor":15,"key":"SMITH"},{"floor":24,"key":"REST"},{"floor":28,"key":"REST"},{"data":"Stack","floor":32,"key":"SMITH"}],"circlet_count":0,"master_deck":["AscendersBane","Strike_R","Strike_R","Strike_R","Strike_R","Strike_R","Defend_R","Defend_R","Defend_R","Defend_R","Bash","Metallicize","Pummel","Battle Trance","Feel No Pain+1","Sword Boomerang","Perfected Strike+1","Thunderclap","Riddle With Holes+1","Hyperbeam+1","PiercingWail","Shockwave","Steam","Stack+1","Dash","Pommel Strike","Chill"],"relics":["Burning Blood","NeowsBlessing","Sling","Regal Pillow","Nunchaku","Toy Ornithopter","PrismaticShard","Bronze Scales","Black Star","MutagenicStrength","Incense Burner","Juzu Bracelet","Whetstone","Lantern","CaptainsWheel","Shuriken"],"acts_visited":["Exordium","TheCity"],"potions_floor_usage":[14,16,23,23,29,29,33],"damage_taken":[{"damage":0.0,"enemies":"Jaw Worm","floor":1.0,"turns":1.0},{"damage":0.0,"enemies":"Small Slimes","floor":5.0,"turns":1.0},{"damage":0.0,"enemies":"Gremlin Nob","floor":6.0,"turns":1.0},{"damage":0.0,"enemies":"Cultist","floor":7.0,"turns":3.0},{"damage":18.0,"enemies":"3 Sentries","floor":8.0,"turns":11.0},{"damage":3.0,"enemies":"Looter","floor":10.0,"turns":4.0},{"damage":7.0,"enemies":"2 Fungi Beasts","floor":13.0,"turns":3.0},{"damage":13,"enemies":"Gremlin Nob","floor":14,"turns":3},{"damage":46,"enemies":"Slime Boss","floor":16,"turns":9},{"damage":55,"enemies":"Shell Parasite","floor":18,"turns":5},{"damage":17,"enemies":"Spheric Guardian","floor":19,"turns":4},{"damage":30,"enemies":"Centurion and Healer","floor":22,"turns":8},{"damage":18,"enemies":"Gremlin Leader","floor":23,"turns":4},{"damage":29,"enemies":"Shelled Parasite and Fungi","floor":25,"turns":5},{"damage":13,"enemies":"Snake Plant","floor":27,"turns":4},{"damage":3,"enemies":"Slavers","floor":29,"turns":3},{"damage":9,"enemies":"Centurion and Healer","floor":30,"turns":7},{"damage":117,"enemies":"Automaton","floor":33,"turns":12}],"seed_played":"-7107919602911432155","potions_obtained":[{"floor":5.0,"key":"AttackPotion"},{"floor":7.0,"key":"SteroidPotion"},{"floor":13.0,"key":"PowerPotion"},{"floor":14,"key":"Fruit Juice"},{"floor":19,"key":"EssenceOfSteel"},{"floor":22,"key":"LiquidMemories"},{"floor":25,"key":"SteroidPotion"},{"floor":27,"key":"Block Potion"},{"floor":30,"key":"HeartOfIron"}],"is_trial":false,"path_per_floor":["M","?","?","$","M","E","M","E","T","M","R","$","M","E","R","B",null,"M","M","?","?","M","E","R","M","T","M","R","E","M","$","R","B"],"character_chosen":"IRONCLAD","items_purchased":["Sling","Pummel","PrismaticShard","Shuriken"],"campfire_rested":2,"item_purchase_floors":[4,4,12,31],"current_hp_per_floor":[78,78,67,67,73,79,80,68,68,71,71,71,70,73,73,38,73,24,13,41,41,17,15,55,32,32,25,65,78,75,75,75,0,0],"gold":39,"neow_bonus":"THREE_ENEMY_KILL","is_daily":false,"chose_seed":false,"campfire_upgraded":3,"win_rate":0.0,"timestamp":1613571215,"path_taken":["M","?","?","?","M","E","M","E","T","M","R","$","?","E","R","BOSS","M","M","?","?","M","E","R","M","T","M","R","E","M","$","R","BOSS"],"items_purchased_type":["Relic","Card","Relic","Relic"],"build_version":"2020-12-22","purchased_purges":1,"victory":false,"max_hp_per_floor":[80,80,80,80,80,80,80,80,80,80,80,80,80,85,85,85,85,85,85,85,85,85,85,85,85,85,85,85,85,85,85,85,85,85],"relic_stats":{"Regal Pillow":30,"Nunchaku":[12],"counters":[18,88],"Shuriken":[0],"Bronze Scales":[147],"Black Star":2,"Juzu Bracelet":0,"Whetstone":["Riddle With Holes","Hyperbeam"],"obtain_stats":[{"Regal Pillow":6,"Lantern":29,"NeowsBlessing":0,"Incense Burner":23,"Juzu Bracelet":23,"Whetstone":26,"Sling":4,"PrismaticShard":12,"Burning Blood":0,"Nunchaku":8,"CaptainsWheel":29,"Shuriken":31,"Bronze Scales":14,"MutagenicStrength":21,"Black Star":17,"Toy Ornithopter":9},{"Regal Pillow":3,"Lantern":16,"NeowsBlessing":0,"Incense Burner":13,"Juzu Bracelet":13,"Whetstone":14,"Sling":1,"PrismaticShard":6,"Burning Blood":0,"Nunchaku":5,"CaptainsWheel":16,"Shuriken":17,"Bronze Scales":8,"MutagenicStrength":11,"Black Star":9,"Toy Ornithopter":5},{"Regal Pillow":3,"Lantern":69,"NeowsBlessing":0,"Incense Burner":57,"Juzu Bracelet":57,"Whetstone":62,"Sling":1,"PrismaticShard":21,"Burning Blood":0,"Nunchaku":17,"CaptainsWheel":69,"Shuriken":76,"Bronze Scales":27,"MutagenicStrength":45,"Black Star":36,"Toy Ornithopter":17}],"Burning Blood":97,"Toy Ornithopter":35},"card_choices":[{"not_picked":["Armaments","Heavy Blade"],"picked":"Metallicize","floor":1.0},{"not_picked":["Body Slam","Rage"],"picked":"Battle Trance","floor":5.0},{"not_picked":["Clash","Warcry"],"picked":"Feel No Pain","floor":6.0},{"not_picked":["Iron Wave","Entrench"],"picked":"Sword Boomerang","floor":7.0},{"not_picked":["Entrench","Second Wind"],"picked":"Perfected Strike","floor":8.0},{"not_picked":["Power Through","Battle Trance"],"picked":"Thunderclap","floor":10.0},{"not_picked":["Fusion","SignatureMove","Outmaneuver"],"picked":"SKIP","floor":13.0},{"not_picked":["Perfected Strike","Iron Wave"],"picked":"Riddle With Holes","floor":14},{"not_picked":["Mayhem","Thunder Strike"],"picked":"Hyperbeam","floor":16},{"not_picked":["Fusion","Armaments+1"],"picked":"PiercingWail","floor":18},{"not_picked":["Armaments","Intimidate"],"picked":"Shockwave","floor":19},{"not_picked":["Warcry","Havoc","Compile Driver"],"picked":"SKIP","floor":22},{"not_picked":["Feel No Pain","Thunder Strike"],"picked":"Steam","floor":23},{"not_picked":["Warcry","ClearTheMind"],"picked":"Stack","floor":25},{"not_picked":["Tantrum","Havoc"],"picked":"Dash","floor":27},{"not_picked":["FlyingSleeves","Pommel Strike","FTL"],"picked":"SKIP","floor":29},{"not_picked":["FlyingSleeves","FTL"],"picked":"Pommel Strike","floor":29},{"not_picked":["SashWhip","CrushJoints"],"picked":"Chill","floor":30}],"player_experience":1230169,"relics_obtained":[{"floor":6.0,"key":"Regal Pillow"},{"floor":8.0,"key":"Nunchaku"},{"floor":9.0,"key":"Toy Ornithopter"},{"floor":14,"key":"Bronze Scales"},{"floor":23,"key":"Incense Burner"},{"floor":23,"key":"Juzu Bracelet"},{"floor":26,"key":"Whetstone"},{"floor":29,"key":"Lantern"},{"floor":29,"key":"CaptainsWheel"}],"event_choices":[{"damage_healed":0.0,"max_hp_gain":0.0,"max_hp_loss":0.0,"gold_gain":175.0,"event_name":"Liars Game","player_choice":"AGREE","floor":2.0,"gold_loss":0.0,"damage_taken":0.0,"cards_obtained":["Doubt"]},{"damage_healed":0.0,"max_hp_gain":0.0,"max_hp_loss":0.0,"gold_gain":75.0,"event_name":"World of Goop","player_choice":"Gather Gold","floor":3.0,"gold_loss":0.0,"damage_taken":11.0},{"damage_healed":28,"gold_gain":0,"player_choice":"Heal","damage_taken":0,"max_hp_gain":0,"max_hp_loss":0,"event_name":"The Library","floor":20,"gold_loss":0},{"damage_healed":0,"gold_gain":0,"player_choice":"Inject Mutagens","damage_taken":0,"relics_obtained":["MutagenicStrength"],"max_hp_gain":0,"max_hp_loss":0,"event_name":"Drug Dealer","floor":21,"gold_loss":0}],"is_beta":false,"boss_relics":[{"not_picked":["Velvet Choker","Philosopher\u0027s Stone"],"picked":"Black Star"}],"items_purged_floors":[4],"is_endless":false,"potions_floor_spawned":[5,7,13,14,19,22,25,27,30],"killed_by":"Automaton","ascension_level":13}}