{"host":"BK","time":1613543787,"event":{"mods":["BaseMod","Highlight Path","Minty Spire (QoL Compilation)","StSLib"],"gold_per_floor":[113,113,133,98,109,109,58,89,89,89,108,126,157,177,177,250,250,261,186,186,201,2,2,16,32,103,136,151,171,190,31,31,103,103,118,138,163,37,52,52,80,80,157,157,171,181,226,238,238,238,238],"floor_reached":52,"language":"ENG","playtime":3998,"items_purged":["Decay","Strike_B","Strike_B"],"score":2186,"play_id":"15ca6739-ddf0-42fa-9788-c2939f36a3da","local_time":"20210216233627","is_ascension_mode":true,"campfire_choices":[{"data":"Biased Cognition","floor":6.0,"key":"SMITH"},{"data":"Darkness","floor":10.0,"key":"SMITH"},{"data":"Glacier","floor":15.0,"key":"SMITH"},{"floor":23.0,"key":"REST"},{"floor":32.0,"key":"REST"},{"data":"Biased Cognition","floor":40.0,"key":"SMITH"},{"data":"Coolheaded","floor":42.0,"key":"SMITH"},{"data":"Seek","floor":44.0,"key":"SMITH"},{"data":"Loop","floor":49,"key":"SMITH"}],"circlet_count":0,"master_deck":["AscendersBane","Strike_B","Defend_B","Defend_B","Defend_B","Defend_B","Zap","Dualcast","Biased Cognition+1","Chill+1","Genetic Algorithm","Rebound","Darkness+1","Hyperbeam","Loop","Loop+1","Glacier+1","Biased Cognition+1","Defragment","Turbo+1","Coolheaded+1","Hologram+1","Seek+1","Sweeping Beam","Recycle+1","Decay"],"relics":["Cracked Core","Mummified Hand","Toy Ornithopter","StoneCalendar","Emotion Chip","Runic Pyramid","Membership Card","The Courier","FossilizedHelix","OrangePellets","Cursed Key","Lizard Tail","War Paint","Strawberry","Toxic Egg 2","Torii"],"acts_visited":["Exordium","TheCity","TheBeyond"],"potions_floor_usage":[],"damage_taken":[{"damage":1.0,"enemies":"Cultist","floor":1.0,"turns":3.0},{"damage":5.0,"enemies":"Small Slimes","floor":3.0,"turns":3.0},{"damage":0.0,"enemies":"Jaw Worm","floor":5.0,"turns":2.0},{"damage":27.0,"enemies":"Gremlin Nob","floor":8.0,"turns":4.0},{"damage":6.0,"enemies":"Looter","floor":11.0,"turns":2.0},{"damage":0.0,"enemies":"2 Fungi Beasts","floor":12.0,"turns":1.0},{"damage":15.0,"enemies":"3 Sentries","floor":13.0,"turns":7.0},{"damage":4.0,"enemies":"Exordium Thugs","floor":14.0,"turns":4.0},{"damage":0.0,"enemies":"Hexaghost","floor":16.0,"turns":8.0},{"damage":35.0,"enemies":"Chosen","floor":18.0,"turns":6.0},{"damage":17.0,"enemies":"2 Thieves","floor":21.0,"turns":4.0},{"damage":1.0,"enemies":"Snake Plant","floor":24.0,"turns":5.0},{"damage":0.0,"enemies":"3 Cultists","floor":25.0,"turns":7.0},{"damage":21.0,"enemies":"Book of Stabbing","floor":27.0,"turns":5.0},{"damage":0.0,"enemies":"Chosen and Byrds","floor":28.0,"turns":4.0},{"damage":0.0,"enemies":"Snecko","floor":29.0,"turns":5.0},{"damage":13.0,"enemies":"Centurion and Healer","floor":30.0,"turns":7.0},{"damage":0.0,"enemies":"Champ","floor":33.0,"turns":9.0},{"damage":0.0,"enemies":"3 Shapes","floor":35.0,"turns":4.0},{"damage":0.0,"enemies":"Orb Walker","floor":36.0,"turns":4.0},{"damage":0.0,"enemies":"Mind Bloom Boss Battle","floor":37.0,"turns":5.0},{"damage":20.0,"enemies":"Transient","floor":39.0,"turns":6.0},{"damage":11.0,"enemies":"Nemesis","floor":41.0,"turns":5.0},{"damage":0.0,"enemies":"3 Darklings","floor":45.0,"turns":6.0},{"damage":0.0,"enemies":"Jaw Worm Horde","floor":46.0,"turns":4.0},{"damage":16,"enemies":"2 Orb Walkers","floor":47,"turns":6},{"damage":1,"enemies":"Transient","floor":48,"turns":6},{"damage":56,"enemies":"Awakened One","floor":50,"turns":12},{"damage":0,"enemies":"Donu and Deca","floor":51,"turns":10}],"seed_played":"-2742336622176645640","potions_obtained":[{"floor":3.0,"key":"PotionOfCapacity"},{"floor":12.0,"key":"Energy Potion"},{"floor":14.0,"key":"SteroidPotion"},{"floor":18.0,"key":"LiquidMemories"},{"floor":25.0,"key":"PowerPotion"},{"floor":30.0,"key":"BlessingOfTheForge"},{"floor":33.0,"key":"Weak Potion"},{"floor":37.0,"key":"Regen Potion"},{"floor":41.0,"key":"SpeedPotion"}],"is_trial":false,"path_per_floor":["M","T","M","?","M","R","$","E","T","R","M","M","E","M","R","B",null,"M","?","?","M","$","R","M","M","T","E","M","M","M","$","R","B",null,"M","M","?","$","M","R","E","R","T","R","M","M","?","M","R","B","B",null],"character_chosen":"DEFECT","items_purchased":["Rebound","Membership Card","OrangePellets","FairyPotion","War Paint"],"campfire_rested":2,"item_purchase_floors":[7,22,31,31,38],"current_hp_per_floor":[45,45,40,57,57,57,57,30,30,30,24,24,9,10,10,15,57,22,22,22,5,5,26,25,25,25,14,14,14,1,1,22,22,59,59,59,59,59,44,44,59,59,59,59,59,59,43,42,42,29,29],"gold":238,"neow_bonus":"THREE_RARE_CARDS","is_daily":false,"chose_seed":false,"campfire_upgraded":7,"win_rate":0.0,"timestamp":1613543787,"path_taken":["M","?","M","?","M","R","?","E","T","R","M","M","E","M","R","BOSS","M","?","?","M","$","R","M","M","T","E","M","M","M","$","R","BOSS","M","M","?","$","M","R","E","R","T","R","M","M","?","M","R","BOSS","BOSS"],"items_purchased_type":["Card","Relic","Relic","Potion","Relic"],"build_version":"2020-12-18","purchased_purges":3,"victory":true,"max_hp_per_floor":[71,71,71,71,71,71,71,71,71,71,71,71,71,71,71,71,71,71,71,71,71,71,71,71,71,71,71,71,71,71,71,71,71,71,71,71,71,71,71,71,78,78,78,78,78,78,78,78,78,78,78],"card_choices":[{"not_picked":["Reboot","Seek"],"picked":"Biased Cognition","floor":0.0},{"not_picked":["Beam Cell","Turbo"],"picked":"Chill","floor":1.0},{"not_picked":["Static Discharge","Reprogram"],"picked":"Genetic Algorithm","floor":3.0},{"not_picked":["Double Energy","Fusion","Redo"],"picked":"SKIP","floor":5.0},{"not_picked":["Gash","Streamline"],"picked":"Darkness","floor":8.0},{"not_picked":["Hologram","Gash"],"picked":"Hyperbeam","floor":11.0},{"not_picked":["Barrage","Go for the Eyes"],"picked":"Loop","floor":12.0},{"not_picked":["Leap","Conserve Battery"],"picked":"Loop","floor":13.0},{"not_picked":["Steam","Compile Driver"],"picked":"Glacier","floor":14.0},{"not_picked":["Rainbow","Thunder Strike"],"picked":"Biased Cognition","floor":16.0},{"not_picked":["Auto Shields","Tempest","Compile Driver"],"picked":"SKIP","floor":18.0},{"not_picked":["Stack","Redo"],"picked":"Defragment","floor":21.0},{"not_picked":["Genetic Algorithm","Chaos"],"picked":"Turbo","floor":24.0},{"not_picked":["Redo","Sunder","Beam Cell"],"picked":"SKIP","floor":25.0},{"not_picked":["Aggregate","Redo"],"picked":"Coolheaded","floor":27.0},{"not_picked":["White Noise","Turbo"],"picked":"Hologram+1","floor":28.0},{"not_picked":["Compile Driver+1","Darkness","Steam"],"picked":"SKIP","floor":29.0},{"not_picked":["Compile Driver+1","Darkness","Steam"],"picked":"SKIP","floor":29.0},{"not_picked":["Skim","Steam Power","Coolheaded"],"picked":"SKIP","floor":30.0},{"not_picked":["Multi-Cast","Meteor Strike"],"picked":"Seek","floor":33.0},{"not_picked":["Redo","Stack","Double Energy"],"picked":"SKIP","floor":35.0},{"not_picked":["Barrage","Streamline","Leap"],"picked":"SKIP","floor":36.0},{"not_picked":["Steam","Heatsinks+1"],"picked":"Sweeping Beam","floor":37.0},{"not_picked":["Genetic Algorithm","Redo"],"picked":"Recycle+1","floor":39.0},{"not_picked":["Ball Lightning","Cold Snap+1","Consume"],"picked":"SKIP","floor":41.0},{"not_picked":["Stack+1","Cold Snap+1","Conserve Battery+1"],"picked":"SKIP","floor":45.0},{"not_picked":["Skim+1","Steam+1","Heatsinks"],"picked":"SKIP","floor":46.0},{"not_picked":["Consume+1","Leap+1","Hologram+1"],"picked":"SKIP","floor":48}],"player_experience":2583544,"relics_obtained":[{"floor":2.0,"key":"Mummified Hand"},{"floor":8.0,"key":"Toy Ornithopter"},{"floor":9.0,"key":"StoneCalendar"},{"floor":13.0,"key":"Emotion Chip"},{"floor":26.0,"key":"The Courier"},{"floor":27.0,"key":"FossilizedHelix"},{"floor":37.0,"key":"Lizard Tail"},{"floor":41.0,"key":"Strawberry"},{"floor":43.0,"key":"Toxic Egg 2"},{"floor":47,"key":"Torii"}],"event_choices":[{"damage_healed":17.0,"max_hp_gain":0.0,"max_hp_loss":0.0,"gold_gain":0.0,"event_name":"The Cleric","player_choice":"Healed","floor":4.0,"gold_loss":35.0,"damage_taken":0.0},{"cards_removed":["Strike_B"],"damage_healed":0.0,"max_hp_gain":0.0,"max_hp_loss":0.0,"gold_gain":0.0,"event_name":"Beggar","player_choice":"Gave Gold","floor":19.0,"gold_loss":75.0,"damage_taken":0.0},{"damage_healed":0.0,"max_hp_gain":0.0,"max_hp_loss":0.0,"gold_gain":0.0,"event_name":"Forgotten Altar","player_choice":"Smashed Altar","floor":20.0,"gold_loss":0.0,"damage_taken":0.0,"cards_obtained":["Decay"]},{"damage_healed":0.0,"max_hp_gain":0.0,"max_hp_loss":0.0,"gold_gain":0.0,"event_name":"MindBloom","player_choice":"Fight","floor":37.0,"gold_loss":0.0,"damage_taken":0.0},{"damage_healed":0,"gold_gain":0,"player_choice":"Fight","damage_taken":0,"max_hp_gain":0,"max_hp_loss":0,"event_name":"Mysterious Sphere","floor":47,"gold_loss":0}],"is_beta":true,"boss_relics":[{"not_picked":["Fusion Hammer","SlaversCollar"],"picked":"Runic Pyramid"},{"not_picked":["Sozu","Black Star"],"picked":"Cursed Key"}],"items_purged_floors":[22,31,38],"is_endless":false,"potions_floor_spawned":[3,12,13,14,18,25,30,33,37,41],"ascension_level":20}}