{"host":"5h6e4l6hpn0p5lap","time":1613597397,"event":{"mods":["AchievementEnabler","BaseMod","Better Altar","Better Match","Better Sensory Stone","Better Skull","Better Third Choice","Colored Map","Filter the Spire","Minty Spire (QoL Compilation)","StSLib"],"gold_per_floor":[116,130,130,141,141,141,172,172,172,183,183,10,10,41,41,164,164,188,203,35,35,51,95,95,126,126,126,51,51,13,63,63,189,189,204,227,227,240,240,240,22,58,84,97,97,97,97,0,0,0],"floor_reached":51,"language":"ENG","playtime":1828,"items_purged":["Strike_P"],"score":1126,"play_id":"8cd20862-ef48-4153-b725-bd0b87b94a62","local_time":"20210217162957","is_ascension_mode":true,"campfire_choices":[{"data":"FollowUp","floor":6,"key":"SMITH"},{"data":"BowlingBash","floor":8,"key":"SMITH"},{"data":"SandsOfTime","floor":13,"key":"SMITH"},{"data":"Vigilance","floor":15,"key":"SMITH"},{"floor":24,"key":"REST"},{"floor":27,"key":"REST"},{"floor":29,"key":"REST"},{"floor":32,"key":"REST"},{"floor":40,"key":"REST"},{"floor":46,"key":"REST"},{"floor":49,"key":"REST"}],"circlet_count":0,"master_deck":["AscendersBane","Strike_P+1","Strike_P+1","Defend_P+1","Defend_P+1","Defend_P+1","Defend_P+1","Eruption+1","Vigilance+1","FollowUp+1","EmptyBody","BowlingBash+1","CarveReality+1","Halt","SandsOfTime+1","LikeWater","SpiritShield","ClearTheMind+1","ReachHeaven+1","Meditate+1","Tantrum","Fasting2+1","TalkToTheHand","Halt+1","Blind+1","Protect+1","Writhe","TalkToTheHand","ThirdEye+1","EmptyFist+1"],"relics":["SlaversCollar","StrikeDummy","Bronze Scales","Golden Idol","Membership Card","Tiny Chest","Fusion Hammer","Toxic Egg 2","Whetstone","Toy Ornithopter","White Beast Statue","Bag of Marbles","Busted Crown","CaptainsWheel","Bag of Preparation","Smiling Mask","Ginger","Red Mask"],"acts_visited":["Exordium","TheCity","TheBeyond"],"potions_floor_usage":[7,10,14,35,42,50],"damage_taken":[{"damage":0,"enemies":"Jaw Worm","floor":1,"turns":3},{"damage":0,"enemies":"2 Louse","floor":2,"turns":3},{"damage":0,"enemies":"Small Slimes","floor":4,"turns":3},{"damage":0,"enemies":"Lagavulin","floor":7,"turns":4},{"damage":3,"enemies":"Looter","floor":10,"turns":2},{"damage":15,"enemies":"3 Sentries","floor":14,"turns":3},{"damage":23,"enemies":"Hexaghost","floor":16,"turns":7},{"damage":8,"enemies":"2 Thieves","floor":18,"turns":3},{"damage":0,"enemies":"Shell Parasite","floor":19,"turns":4},{"damage":7,"enemies":"3 Cultists","floor":22,"turns":5},{"damage":5,"enemies":"Gremlin Leader","floor":23,"turns":5},{"damage":19,"enemies":"Book of Stabbing","floor":25,"turns":4},{"damage":4,"enemies":"Champ","floor":33,"turns":7},{"damage":43,"enemies":"3 Darklings","floor":35,"turns":5},{"damage":7,"enemies":"Orb Walker","floor":36,"turns":4},{"damage":21,"enemies":"Sphere and 2 Shapes","floor":38,"turns":7},{"damage":0,"enemies":"Giant Head","floor":42,"turns":7},{"damage":19,"enemies":"3 Darklings","floor":44,"turns":5},{"damage":7,"enemies":"Awakened One","floor":50,"turns":14}],"seed_played":"736702878382250414","potions_obtained":[{"floor":1,"key":"AttackPotion"},{"floor":7,"key":"Energy Potion"},{"floor":10,"key":"DuplicationPotion"},{"floor":14,"key":"DuplicationPotion"},{"floor":22,"key":"StancePotion"},{"floor":33,"key":"AttackPotion"},{"floor":35,"key":"FairyPotion"},{"floor":38,"key":"SpeedPotion"},{"floor":42,"key":"FearPotion"},{"floor":44,"key":"LiquidBronze"}],"is_trial":false,"path_per_floor":["M","M","?","M","?","R","E","R","T","M","?","$","R","E","R","B",null,"M","M","$","?","M","E","R","E","T","R","?","R","$","T","R","B",null,"M","M","?","M","?","R","$","E","T","M","?","R","T","?","R","B",null],"character_chosen":"WATCHER","items_purchased":["Membership Card","SandsOfTime","Toxic Egg 2","TalkToTheHand","TalkToTheHand","ThirdEye+1","CaptainsWheel"],"campfire_rested":7,"item_purchase_floors":[12,12,20,30,41,41,41],"current_hp_per_floor":[65,65,65,65,65,65,65,65,65,62,62,62,62,47,47,24,56,48,48,48,48,41,36,56,37,37,57,57,67,67,67,67,63,66,28,21,21,20,37,57,57,62,62,43,43,63,63,63,67,60],"gold":0,"neow_bonus":"BOSS_RELIC","is_daily":false,"chose_seed":false,"campfire_upgraded":4,"win_rate":0.0,"timestamp":1613597397,"path_taken":["M","M","?","M","?","R","E","R","T","M","?","$","R","E","R","BOSS","M","M","$","?","M","E","R","E","T","R","?","R","?","?","R","BOSS","M","M","?","M","?","R","$","E","T","M","?","R","?","?","R","BOSS"],"items_purchased_type":["Relic","Card","Relic","Card","Card","Card","Relic"],"build_version":"2020-12-22","purchased_purges":1,"victory":true,"max_hp_per_floor":[72,72,72,72,72,72,72,72,72,72,67,67,67,67,67,67,67,67,67,67,67,67,67,67,67,67,67,67,67,67,67,67,67,67,67,67,67,67,67,67,67,67,67,67,67,67,67,67,67,67],"card_choices":[{"not_picked":["Study","Halt"],"picked":"FollowUp","floor":1},{"not_picked":["Pray","JustLucky"],"picked":"EmptyBody","floor":2},{"not_picked":["Pray","Protect"],"picked":"BowlingBash","floor":4},{"not_picked":["EmptyBody","Collect"],"picked":"CarveReality","floor":7},{"not_picked":["FlurryOfBlows","PathToVictory"],"picked":"Halt","floor":10},{"not_picked":["PathToVictory","EmptyBody"],"picked":"LikeWater","floor":14},{"not_picked":["Wish","MasterReality"],"picked":"SpiritShield","floor":16},{"not_picked":["PathToVictory","BowlingBash"],"picked":"ClearTheMind+1","floor":18},{"not_picked":["FlyingSleeves","Halt"],"picked":"ReachHeaven+1","floor":19},{"not_picked":["DeceiveReality+1","InnerPeace+1"],"picked":"Meditate+1","floor":22},{"not_picked":["Conclude","FollowUp"],"picked":"Tantrum","floor":23},{"not_picked":["Conclude","Swivel+1"],"picked":"Fasting2+1","floor":25},{"not_picked":[],"picked":"Halt+1","floor":35},{"not_picked":["Study+1"],"picked":"SKIP","floor":36},{"not_picked":[],"picked":"Blind+1","floor":37},{"not_picked":[],"picked":"Protect+1","floor":38},{"not_picked":["FlyingSleeves"],"picked":"SKIP","floor":42},{"not_picked":[],"picked":"EmptyFist+1","floor":44}],"player_experience":1140573,"relics_obtained":[{"floor":7,"key":"StrikeDummy"},{"floor":9,"key":"Bronze Scales"},{"floor":14,"key":"Tiny Chest"},{"floor":23,"key":"Whetstone"},{"floor":25,"key":"Toy Ornithopter"},{"floor":26,"key":"White Beast Statue"},{"floor":31,"key":"Bag of Marbles"},{"floor":42,"key":"Bag of Preparation"},{"floor":43,"key":"Smiling Mask"},{"floor":47,"key":"Ginger"}],"event_choices":[{"damage_healed":0,"gold_gain":0,"player_choice":"Ignored","damage_taken":130,"max_hp_gain":0,"max_hp_loss":0,"event_name":"betterThird:BetterSerpent","floor":3,"gold_loss":0},{"damage_healed":0,"gold_gain":0,"player_choice":"Grow","damage_taken":0,"max_hp_gain":0,"max_hp_loss":0,"event_name":"Living Wall","floor":5,"gold_loss":0,"cards_upgraded":["Eruption"]},{"damage_healed":0,"gold_gain":0,"player_choice":"Lose Max HP","damage_taken":0,"relics_obtained":["Golden Idol"],"max_hp_gain":0,"max_hp_loss":5,"event_name":"Golden Idol","floor":11,"gold_loss":0},{"damage_healed":0,"gold_gain":0,"player_choice":"Simplicity","damage_taken":0,"max_hp_gain":0,"max_hp_loss":7,"event_name":"betterThird:BetterWriting","floor":21,"gold_loss":0},{"cards_removed":["Strike_P"],"damage_healed":0,"gold_gain":0,"player_choice":"Gave Gold","damage_taken":0,"max_hp_gain":0,"max_hp_loss":0,"event_name":"Beggar","floor":28,"gold_loss":75},{"damage_healed":0,"gold_gain":3,"player_choice":"1","damage_taken":0,"max_hp_gain":0,"max_hp_loss":0,"event_name":"betterStone:BetterStone","floor":37,"gold_loss":0},{"damage_healed":17,"gold_gain":0,"player_choice":"Writhe","damage_taken":0,"max_hp_gain":0,"max_hp_loss":0,"event_name":"Winding Halls","floor":39,"gold_loss":0,"cards_obtained":["Writhe"]},{"damage_healed":0,"gold_gain":0,"player_choice":"Ignored","damage_taken":0,"max_hp_gain":0,"max_hp_loss":0,"event_name":"Mysterious Sphere","floor":45,"gold_loss":0},{"damage_healed":0,"gold_gain":0,"player_choice":"Paid","damage_taken":0,"relics_obtained":["Red Mask"],"max_hp_gain":0,"max_hp_loss":0,"event_name":"Tomb of Lord Red Mask","floor":48,"gold_loss":97}],"is_beta":false,"boss_relics":[{"not_picked":["Calling Bell","Tiny House"],"picked":"Fusion Hammer"},{"not_picked":["Runic Pyramid","VioletLotus"],"picked":"Busted Crown"}],"items_purged_floors":[20],"is_endless":false,"potions_floor_spawned":[1,7,10,14,22,33,35,36,38,42,44],"ascension_level":10}}