{"host":"bq4pt811tk9yrmjl","time":1613604085,"event":{"mods":["AchievementEnabler","BaseMod","Colored Map","Colored Powertips","Defuse TimeMaze Blight","Minty Spire (QoL Compilation)","Smile Girya","StSLib","SuperFastMode"],"gold_per_floor":[116,116,116,87,103,103,139,139,139,139,104,120,153,199,199,320,383,401,401,74,74,74,115,115,106,106,150,164,164,164,164,164],"floor_reached":31,"language":"ENG","playtime":573,"items_purged":[],"score":317,"play_id":"67b2c8a8-519b-4446-83cf-8d62d3f109ee","local_time":"20210217212125","is_ascension_mode":true,"campfire_choices":[{"data":"Dodge and Roll","floor":6.0,"key":"SMITH"},{"data":"Neutralize","floor":8.0,"key":"SMITH"},{"data":"Footwork","floor":15.0,"key":"SMITH"},{"data":"Noxious Fumes","floor":24,"key":"SMITH"}],"circlet_count":0,"master_deck":["Strike_G","Strike_G","Strike_G","Defend_G","Defend_G","Defend_G","Defend_G+1","Defend_G","Survivor","Neutralize+1","Dodge and Roll+1","Slice","Escape Plan","Blade Dance","Footwork+1","Die Die Die","Leg Sweep","Slice+1","Caltrops","Noxious Fumes+1","Blur","Heel Hook+1","Slice+1","Setup","Dagger Spray"],"relics":["NeowsBlessing","Golden Idol","Gremlin Horn","Omamori","Bronze Scales","Tiny House","Mummified Hand","Question Card","Frozen Egg 2","Tiny Chest","Nloth\u0027s Gift"],"acts_visited":["Exordium","TheCity"],"potions_floor_usage":[27],"damage_taken":[{"damage":0.0,"enemies":"Cultist","floor":1.0,"turns":1.0},{"damage":0.0,"enemies":"2 Louse","floor":5.0,"turns":1.0},{"damage":0.0,"enemies":"Gremlin Nob","floor":7.0,"turns":1.0},{"damage":0.0,"enemies":"Small Slimes","floor":12.0,"turns":3.0},{"damage":12.0,"enemies":"3 Sentries","floor":13.0,"turns":10.0},{"damage":8.0,"enemies":"The Guardian","floor":16.0,"turns":18.0},{"damage":8.0,"enemies":"Spheric Guardian","floor":18.0,"turns":9.0},{"damage":24,"enemies":"Slavers","floor":23,"turns":6},{"damage":13,"enemies":"2 Thieves","floor":25,"turns":4},{"damage":4,"enemies":"Book of Stabbing","floor":27,"turns":5},{"damage":11,"enemies":"Shelled Parasite and Fungi","floor":28,"turns":6},{"damage":8,"enemies":"Snake Plant","floor":31,"turns":4}],"seed_played":"6112139026523928628","potions_obtained":[{"floor":5.0,"key":"LiquidBronze"},{"floor":12.0,"key":"Energy Potion"},{"floor":17.0,"key":"Fruit Juice"},{"floor":25,"key":"Poison Potion"}],"is_trial":false,"path_per_floor":["M","?","$","?","M","R","E","R","T","$","?","M","E","T","R","B",null,"M","?","$","$","$","E","R","M","T","E","M","?","?","M"],"character_chosen":"THE_SILENT","items_purchased":["Mummified Hand","Noxious Fumes"],"campfire_rested":0,"item_purchase_floors":[20,20],"current_hp_per_floor":[70,53,53,53,53,53,53,53,53,53,70,70,58,58,58,50,80,72,72,72,72,72,48,48,35,35,31,20,20,20,12,12],"gold":164,"neow_bonus":"THREE_ENEMY_KILL","is_daily":false,"chose_seed":false,"campfire_upgraded":4,"win_rate":0.0,"timestamp":1613604085,"path_taken":["M","?","$","?","M","R","E","R","T","$","?","M","E","?","R","BOSS","M","?","$","?","$","E","R","M","T","E","M","?","?","M"],"items_purchased_type":["Relic","Card"],"build_version":"2020-12-22","purchased_purges":0,"victory":false,"max_hp_per_floor":[70,70,70,70,70,70,70,70,70,70,70,70,70,70,70,70,80,80,80,80,80,80,80,80,80,80,80,80,80,80,80,80],"card_choices":[{"not_picked":["Dagger Spray","Sucker Punch"],"picked":"Dodge and Roll","floor":1.0},{"not_picked":["Calculated Gamble","Storm of Steel"],"picked":"Slice","floor":5.0},{"not_picked":["Reflex","Deflect"],"picked":"Escape Plan","floor":7.0},{"not_picked":["Quick Slash","Eviscerate"],"picked":"Blade Dance","floor":12.0},{"not_picked":["Deadly Poison","Dagger Spray"],"picked":"Footwork","floor":13.0},{"not_picked":["Grand Finale","Storm of Steel"],"picked":"Die Die Die","floor":16.0},{"not_picked":["PiercingWail","Prepared"],"picked":"Leg Sweep","floor":17.0},{"not_picked":["Dagger Throw","Dagger Spray"],"picked":"Slice+1","floor":18.0},{"not_picked":["Underhanded Strike+1","Flying Knee"],"picked":"Blur","floor":23},{"not_picked":["Crippling Poison","PiercingWail","Dagger Spray","Tactician+1"],"picked":"SKIP","floor":25},{"not_picked":["Backflip","Calculated Gamble+1","Dagger Throw"],"picked":"Heel Hook+1","floor":27},{"not_picked":["Backflip","Tools of the Trade+1","Underhanded Strike"],"picked":"Slice+1","floor":28}],"player_experience":262362,"relics_obtained":[{"floor":7.0,"key":"Gremlin Horn"},{"floor":13.0,"key":"Omamori"},{"floor":14.0,"key":"Bronze Scales"},{"floor":23,"key":"Question Card"},{"floor":26,"key":"Frozen Egg 2"},{"floor":27,"key":"Tiny Chest"}],"event_choices":[{"damage_healed":0.0,"max_hp_gain":0.0,"max_hp_loss":0.0,"gold_gain":0.0,"event_name":"Golden Idol","player_choice":"Take Damage","floor":2.0,"gold_loss":0.0,"damage_taken":17.0,"relics_obtained":["Golden Idol"]},{"damage_healed":0.0,"max_hp_gain":0.0,"max_hp_loss":0.0,"gold_gain":0.0,"event_name":"World of Goop","player_choice":"Left Gold","floor":4.0,"gold_loss":29.0,"damage_taken":0.0},{"damage_healed":17.0,"max_hp_gain":0.0,"max_hp_loss":0.0,"gold_gain":0.0,"event_name":"The Cleric","player_choice":"Healed","floor":11.0,"gold_loss":35.0,"damage_taken":0.0},{"damage_healed":0.0,"max_hp_gain":0.0,"max_hp_loss":0.0,"gold_gain":0.0,"event_name":"The Library","player_choice":"Read","floor":19.0,"gold_loss":0.0,"damage_taken":0.0,"cards_obtained":["Caltrops"]},{"damage_healed":0,"gold_gain":0,"cards_transformed":["Strike_G","Strike_G"],"player_choice":"Became Test Subject","damage_taken":0,"max_hp_gain":0,"max_hp_loss":0,"event_name":"Drug Dealer","floor":29,"gold_loss":0,"cards_obtained":["Setup","Dagger Spray"]},{"damage_healed":0,"gold_gain":0,"player_choice":"Traded Relic","damage_taken":0,"relics_obtained":["Nloth\u0027s Gift"],"max_hp_gain":0,"max_hp_loss":0,"event_name":"N\u0027loth","floor":30,"relics_lost":["Ring of the Snake"],"gold_loss":0}],"is_beta":false,"boss_relics":[{"not_picked":["Runic Dome","SacredBark"],"picked":"Tiny House"}],"items_purged_floors":[],"is_endless":false,"potions_floor_spawned":[5,12,25],"killed_by":"Snake Plant","ascension_level":1}}