{"host":"jx3f6ezc0g3s9edc","time":1613525250,"event":{"mods":["AchievementEnabler","BaseMod","Bestiary","Colored Map","Highlight Path","Minty Spire (QoL Compilation)","StSLib"],"gold_per_floor":[211,211,41,51,64,99,99,112,191,236,247,247,247],"floor_reached":12,"language":"ENG","playtime":833,"items_purged":[],"score":136,"play_id":"c94ef1b0-85eb-4de3-bd62-7d63982d56bc","local_time":"20210216202730","is_ascension_mode":true,"campfire_choices":[{"data":"Feed","floor":7,"key":"SMITH"}],"circlet_count":0,"master_deck":["AscendersBane","Strike_R","Strike_R","Strike_R","Strike_R","Strike_R","Defend_R","Defend_R","Defend_R","Defend_R","Bash","Iron Wave","Feed+1","Clothesline","Shrug It Off","Headbutt","Shockwave","Whirlwind","Evolve"],"relics":["Burning Blood","NlothsMask","Peace Pipe","Nunchaku"],"acts_visited":["Exordium"],"potions_floor_usage":[12,12],"damage_taken":[{"damage":9,"enemies":"Jaw Worm","floor":1,"turns":6},{"damage":2,"enemies":"Cultist","floor":4,"turns":4},{"damage":0,"enemies":"2 Louse","floor":5,"turns":3},{"damage":46,"enemies":"3 Sentries","floor":6,"turns":14},{"damage":2,"enemies":"2 Fungi Beasts","floor":8,"turns":6},{"damage":16,"enemies":"Lots of Slimes","floor":11,"turns":3},{"damage":49,"enemies":"Lagavulin","floor":12,"turns":10}],"seed_played":"-5601428496010071109","potions_obtained":[{"floor":1,"key":"GamblersBrew"},{"floor":5,"key":"Weak Potion"}],"is_trial":false,"path_per_floor":["M","?","$","M","M","E","R","M","T","T","M","E"],"character_chosen":"IRONCLAD","items_purchased":["Feed","Clothesline"],"campfire_rested":0,"item_purchase_floors":[3,3],"current_hp_per_floor":[65,65,65,69,78,41,41,49,49,49,43,0,0],"gold":247,"neow_bonus":"HUNDRED_GOLD","is_daily":false,"chose_seed":false,"campfire_upgraded":1,"win_rate":0.0,"timestamp":1613525250,"path_taken":["M","?","$","M","M","E","R","?","T","?","M","E"],"items_purchased_type":["Card","Card"],"build_version":"2020-12-22","purchased_purges":0,"victory":false,"max_hp_per_floor":[75,75,75,75,78,81,81,85,85,85,89,89,89],"card_choices":[{"not_picked":["Seeing Red","Dropkick"],"picked":"Iron Wave","floor":1},{"not_picked":["Iron Wave","Body Slam"],"picked":"Shrug It Off","floor":4},{"not_picked":["Clothesline","Juggernaut"],"picked":"Headbutt","floor":5},{"not_picked":["Wild Strike","Corruption"],"picked":"Shockwave","floor":6},{"not_picked":["Wild Strike","Pommel Strike"],"picked":"Whirlwind","floor":8},{"not_picked":["Body Slam","Rage"],"picked":"Evolve","floor":11}],"player_experience":879256,"relics_obtained":[{"floor":6,"key":"Peace Pipe"},{"floor":10,"key":"Nunchaku"}],"event_choices":[{"damage_healed":0,"gold_gain":0,"player_choice":"Trade","damage_taken":0,"relics_obtained":["NlothsMask"],"max_hp_gain":0,"max_hp_loss":0,"event_name":"FaceTrader","floor":2,"gold_loss":0}],"is_beta":false,"boss_relics":[],"items_purged_floors":[],"is_endless":false,"potions_floor_spawned":[1,5],"killed_by":"Lagavulin","ascension_level":14}}