{"host":"bakf0s4odzu8z5xt","time":1613594252,"event":{"mods":["2.2 Compatiblity","BaseMod","Downfall","Friendly Minions","Minty Spire (QoL Compilation)","StSLib"],"gold_per_floor":[99,99,99,99,99,99,122,122,140,175,189,22,32,32,45,141,141,41,55,72,88,1,1,1,18,18,46,87,169,182,182,196,292,292,192,205,224,234,253,278,305,205,223,223,88,106,116,133,151,151,151,177,29,29,29,29],"floor_reached":57,"language":"ENG","playtime":5383,"items_purged":["hexamod:Strike+1"],"score":1597,"play_id":"fa07eaae-551a-48ab-a985-d62f04c15f83","local_time":"20210217143732","is_ascension_mode":true,"campfire_choices":[{"data":"hexamod:Sear","floor":1,"key":"SMITH"},{"data":"hexamod:HeatShield","floor":6,"key":"SMITH"},{"data":"hexamod:FlamesFromBeyond","floor":8,"key":"SMITH"},{"data":"hexamod:RetreatToShadows","floor":18,"key":"SMITH"},{"data":"hexamod:GiftsFromTheDead","floor":23,"key":"SMITH"},{"floor":35,"key":"RECALL"},{"data":"hexamod:GhostOfSpirePast","floor":42,"key":"SMITH"},{"data":"hexamod:FlameSwitch","floor":44,"key":"SMITH"},{"data":"hexamod:Rewind","floor":54,"key":"SMITH"}],"circlet_count":0,"master_deck":["hexamod:Strike+1","hexamod:Defend+1","hexamod:Defend","hexamod:Defend","hexamod:Defend+1","hexamod:Sear+1","hexamod:Float+1","hexamod:HeatShield+1","hexamod:UnleashSpirits+1","hexamod:FlamesFromBeyond+1","hexamod:RetreatToShadows+1","hexamod:GhostflameBarrier+1","hexamod:PhantomFireball","hexamod:GiftsFromTheDead+1","hexamod:HeatMetal+1","hexamod:Hexaguard+1","hexamod:GhostOfSpirePast+1","hexamod:HeatMetal+1","hexamod:BacktrackSmack+1","hexamod:GhostShield","hexamod:SpectralSpark+1","hexamod:NightmareGuise","hexamod:GhostLash","hexamod:Haunt+1","hexamod:PowerFromBeyond+1","hexamod:FlameSwitch+1","hexamod:FlamesFromBeyond+1","hexamod:NightmareGuise+1","hexamod:Haunt+1","hexamod:Rewind+1","expansioncontent:InvincibleStrength","hexamod:WildfireWeapon","hexamod:GhostShield","hexamod:EtherealExpedition+1","hexamod:Firestarter+1","hexamod:PhantomCloak+1","hexamod:Hexaguard","hexamod:FlamesFromBeyond"],"relics":["hexamod:UnbrokenSoul","downfall:HeartsMalice","Vajra","hexamod:Sixitude","champ:Barbells","War Paint","Coffee Dripper","downfall:HeartBlessingGreen","Matryoshka","hexamod:TheBrokenSeal","Potion Belt","MealTicket","downfall:HeartBlessingBlue","Toy Ornithopter","Guardian:PocketSentry","downfall:HeartBlessingRed","Orrery","PreservedInsect","Bag of Preparation"],"acts_visited":["Exordium","TheCity","TheBeyond","TheEnding"],"potions_floor_usage":[15,19,19,21,22,27,28,36,40,40,50,52,56,56,56,56,56,56,56,56],"damage_taken":[{"damage":0,"enemies":"Small Slimes","floor":2,"turns":1},{"damage":0,"enemies":"Cultist","floor":3,"turns":1},{"damage":0,"enemies":"2 Louse","floor":5,"turns":1},{"damage":8,"enemies":"Exordium Wildlife","floor":9,"turns":3},{"damage":26,"enemies":"3 Sentries","floor":10,"turns":8},{"damage":6,"enemies":"Red Slaver","floor":11,"turns":3},{"damage":0,"enemies":"downfall:FleeingMerchant","floor":12,"turns":4},{"damage":4,"enemies":"Exordium Thugs","floor":13,"turns":3},{"damage":7,"enemies":"Large Slime","floor":15,"turns":4},{"damage":11,"enemies":"SI_SHIV_ARCHETYPE","floor":16,"turns":10},{"damage":6,"enemies":"3 Byrds","floor":19,"turns":3},{"damage":10,"enemies":"Chosen","floor":20,"turns":4},{"damage":37,"enemies":"Snake Plant","floor":21,"turns":5},{"damage":0,"enemies":"downfall:FleeingMerchant","floor":22,"turns":4},{"damage":10,"enemies":"Snecko","floor":25,"turns":4},{"damage":9,"enemies":"Centurion and Healer","floor":27,"turns":6},{"damage":17,"enemies":"Gremlin Leader","floor":28,"turns":6},{"damage":0,"enemies":"Chosen and Byrds","floor":30,"turns":4},{"damage":0,"enemies":"Sentry and Sphere","floor":32,"turns":5},{"damage":0,"enemies":"DF_ARCHETYPE_CLAW","floor":33,"turns":4},{"damage":0,"enemies":"3 Shapes","floor":36,"turns":2},{"damage":0,"enemies":"3 Darklings","floor":37,"turns":4},{"damage":3,"enemies":"Transient","floor":38,"turns":5},{"damage":4,"enemies":"Maw","floor":39,"turns":5},{"damage":0,"enemies":"Reptomancer","floor":40,"turns":4},{"damage":1,"enemies":"3 Darklings","floor":43,"turns":3},{"damage":0,"enemies":"downfall:FleeingMerchant","floor":45,"turns":4},{"damage":0,"enemies":"Writhing Mass","floor":46,"turns":4},{"damage":4,"enemies":"Transient","floor":47,"turns":5},{"damage":0,"enemies":"Jaw Worm Horde","floor":48,"turns":4},{"damage":0,"enemies":"Maw","floor":49,"turns":4},{"damage":0,"enemies":"WA_ARCHETYPE_DIVINITY","floor":50,"turns":5},{"damage":6,"enemies":"downfall:CharBossMerchant","floor":52,"turns":7},{"damage":7,"enemies":"downfall:NeowBoss","floor":55,"turns":13},{"damage":24,"enemies":"downfall:NeowBossFinal","floor":56,"turns":7}],"seed_played":"-8155352289460532807","potions_obtained":[{"floor":10,"key":"CultistPotion"},{"floor":11,"key":"GamblersBrew"},{"floor":15,"key":"ColorlessPotion"},{"floor":16,"key":"Swift Potion"},{"floor":19,"key":"bronze:BurnAndBuffPotion"},{"floor":21,"key":"Swift Potion"},{"floor":22,"key":"champ:CounterPotion"},{"floor":25,"key":"DistilledChaos"},{"floor":27,"key":"AttackPotion"},{"floor":28,"key":"hexamod:EctoCoolerPotion"},{"floor":30,"key":"EntropicBrew"},{"floor":33,"key":"AttackPotion"},{"floor":37,"key":"AttackPotion"},{"floor":38,"key":"Guardian:BlockOnCardUsePotion"},{"floor":43,"key":"Fire Potion"}],"is_trial":false,"path_per_floor":["R","M","M","?","M","R","T","R","M","E","M","$","M","?","M","B",null,"R","M","M","M","$","R","T","M","?","M","E","T","M","?","M","B",null,"R","M","M","M","M","E","T","R","M","R","$","M","M","M","M","B",null,"E","$","R","B","B",null],"character_chosen":"THE_SPIRIT","items_purchased":["champ:Barbells","hexamod:ThirdSeal","EntropicBrew","hexamod:SoulburnPotion","expansioncontent:InvincibleStrength","Orrery","Bag of Preparation"],"campfire_rested":0,"item_purchase_floors":[12,22,45,45,45,45,53],"current_hp_per_floor":[70,70,70,70,70,70,70,70,62,36,30,30,26,23,16,5,70,70,64,54,17,24,24,24,21,21,19,80,80,80,72,72,72,80,90,90,90,87,83,83,83,83,82,82,90,90,86,86,86,90,90,89,90,90,83,89],"gold":29,"neow_bonus":"THREE_ENEMY_KILL","is_daily":false,"chose_seed":false,"campfire_upgraded":8,"win_rate":0.0,"timestamp":1613594252,"path_taken":["R","M","M","?","M","R","T","R","M","E","M","?","?","?","M","BOSS","R","M","M","M","$","R","T","M","?","?","E","?","M","?","M","BOSS","R","M","M","M","?","E","T","R","M","R","$","M","M","M","M","BOSS","E","$","R","BOSS","BOSS"],"items_purchased_type":["Relic","Card","Potion","Potion","Card","Relic","Relic"],"build_version":"2020-12-22","purchased_purges":1,"victory":true,"max_hp_per_floor":[70,70,70,70,70,70,70,70,70,70,70,70,70,70,70,70,70,70,70,70,70,70,70,70,70,70,70,80,80,80,80,80,80,80,90,90,90,90,90,90,90,90,90,90,90,90,90,90,90,90,90,90,90,90,90,90],"card_choices":[{"not_picked":["hexamod:Incineration","hexamod:DynamicBlow"],"picked":"hexamod:HeatShield","floor":2},{"not_picked":["hexamod:Incineration","hexamod:GhostShield","hexamod:FourthSeal"],"picked":"SKIP","floor":3},{"not_picked":["hexamod:ShieldOfDarkness","hexamod:NightmareGuise"],"picked":"hexamod:FlamesFromBeyond","floor":5},{"not_picked":["hexamod:EmpoweredFlame","hexamod:FastForward"],"picked":"hexamod:RetreatToShadows","floor":9},{"not_picked":["hexamod:RetreatToShadows","hexamod:SwordOfDarkness"],"picked":"hexamod:GhostflameBarrier","floor":10},{"not_picked":["hexamod:RainOfEmbers","hexamod:StepThrough"],"picked":"hexamod:PhantomFireball","floor":11},{"not_picked":["hexamod:BurningTouch","hexamod:SwordOfDarkness"],"picked":"hexamod:GiftsFromTheDead","floor":12},{"not_picked":["hexamod:AdvancingGuard","hexamod:SkipABeat"],"picked":"hexamod:HeatMetal","floor":13},{"not_picked":["hexamod:FastForward","hexamod:GhostLash","hexamod:BurningTouch"],"picked":"SKIP","floor":15},{"not_picked":["hexamod:TurnItUp","hexamod:GiftsFromTheDead"],"picked":"hexamod:FifthSeal","floor":16},{"not_picked":["hexamod:SecondSeal","hexamod:FirstSeal"],"picked":"hexamod:SixthSeal","floor":19},{"not_picked":["hexamod:NightmareGuise","hexamod:HeatShield"],"picked":"hexamod:Hexaguard","floor":19},{"not_picked":["hexamod:SixthSeal","hexamod:SecondSeal"],"picked":"hexamod:FourthSeal","floor":20},{"not_picked":["hexamod:GhostLash","hexamod:ExtraCrispy"],"picked":"hexamod:GhostOfSpirePast","floor":20},{"not_picked":["hexamod:ThirdSeal","hexamod:SecondSeal"],"picked":"hexamod:FirstSeal","floor":21},{"not_picked":["hexamod:TimeWarp","hexamod:InspiringFlames"],"picked":"hexamod:HeatMetal","floor":21},{"not_picked":["hexamod:Firestarter+1","hexamod:EtherealExpedition"],"picked":"hexamod:BacktrackSmack+1","floor":22},{"not_picked":["hexamod:FourthSeal","hexamod:SixthSeal"],"picked":"hexamod:SecondSeal","floor":25},{"not_picked":["hexamod:FlamesFromBeyond+1","hexamod:BurningTouch"],"picked":"hexamod:GhostShield","floor":25},{"not_picked":["hexamod:NightmareGuise","hexamod:HeatMetal"],"picked":"hexamod:SpectralSpark+1","floor":25},{"not_picked":["hexamod:ThermalTransfer","hexamod:ShieldOfDarkness"],"picked":"hexamod:NightmareGuise","floor":27},{"not_picked":["hexamod:NightmareStrike","hexamod:UnlimitedPower"],"picked":"hexamod:GhostLash","floor":28},{"not_picked":["hexamod:FourthSeal","hexamod:ShieldOfDarkness"],"picked":"hexamod:Haunt+1","floor":30},{"not_picked":["hexamod:HeatCrush","hexamod:GhostOfSpireFuture+1"],"picked":"hexamod:PowerFromBeyond+1","floor":32},{"not_picked":["hexamod:TimeOfNeed","hexamod:ApocalypseNow"],"picked":"hexamod:FlameSwitch","floor":33},{"not_picked":["hexamod:BurningTouch","hexamod:SwordOfDarkness+1"],"picked":"hexamod:FlamesFromBeyond+1","floor":36},{"not_picked":["hexamod:InspiringFlames","hexamod:EtherealExpedition","hexamod:AdvancingGuard+1"],"picked":"SKIP","floor":37},{"not_picked":["hexamod:RainOfEmbers","hexamod:SecondSeal"],"picked":"hexamod:NightmareGuise+1","floor":38},{"not_picked":["hexamod:FastForward+1","hexamod:SecondSeal"],"picked":"hexamod:Haunt+1","floor":39},{"not_picked":["hexamod:FlamesFromBeyond+1","hexamod:NecessarySacrifice+1","hexamod:EmpoweredFlame"],"picked":"SKIP","floor":40},{"not_picked":["hexamod:FlamesFromBeyond+1","hexamod:NecessarySacrifice+1","hexamod:EmpoweredFlame"],"picked":"SKIP","floor":40},{"not_picked":["hexamod:GhostShield","hexamod:NightmareGuise+1"],"picked":"hexamod:Rewind","floor":43},{"not_picked":["hexamod:FastForward","hexamod:GhostOfSpireFuture+1","hexamod:BurningTouch"],"picked":"SKIP","floor":45},{"not_picked":["hexamod:SpectralAdrenaline+1","hexamod:FastForward"],"picked":"hexamod:WildfireWeapon","floor":45},{"not_picked":["hexamod:GhostLash+1","hexamod:NightmareStrike+1"],"picked":"hexamod:GhostShield","floor":45},{"not_picked":["hexamod:HeatMetal+1","hexamod:Incineration"],"picked":"hexamod:EtherealExpedition+1","floor":45},{"not_picked":["hexamod:SpectralAdrenaline+1","hexamod:GhostflameInferno"],"picked":"hexamod:Firestarter+1","floor":45},{"not_picked":["hexamod:InspiringFlames","hexamod:FlamesFromBeyond+1"],"picked":"hexamod:PhantomCloak+1","floor":46},{"not_picked":["hexamod:BacktrackSmack+1","hexamod:InspiringFlames+1"],"picked":"hexamod:Hexaguard","floor":47},{"not_picked":["hexamod:SkipABeat","hexamod:FlamesFromBeyond+1","hexamod:HauntingEcho+1"],"picked":"SKIP","floor":48},{"not_picked":["hexamod:FirstSeal","hexamod:Firestarter"],"picked":"hexamod:FlamesFromBeyond","floor":49},{"not_picked":["hexamod:FifthSeal","hexamod:SpectersWail","hexamod:InspiringFlames+1"],"picked":"SKIP","floor":52}],"player_experience":2222779,"relics_obtained":[{"floor":7,"key":"Vajra"},{"floor":10,"key":"hexamod:Sixitude"},{"floor":24,"key":"Matryoshka"},{"floor":28,"key":"Potion Belt"},{"floor":29,"key":"MealTicket"},{"floor":40,"key":"Toy Ornithopter"},{"floor":41,"key":"Guardian:PocketSentry"},{"floor":52,"key":"PreservedInsect"}],"event_choices":[{"damage_healed":0,"gold_gain":0,"player_choice":"Success","damage_taken":3,"relics_obtained":["War Paint"],"max_hp_gain":0,"max_hp_loss":0,"event_name":"Scrap Ooze","floor":14,"gold_loss":0}],"is_beta":false,"boss_relics":[{"not_picked":["Philosopher\u0027s Stone","Empty Cage"],"picked":"Coffee Dripper"},{"not_picked":["Pandora\u0027s Box","Runic Pyramid"],"picked":"hexamod:UnbrokenSoul"}],"items_purged_floors":[45],"is_endless":false,"potions_floor_spawned":[10,11,15,16,19,25,28,30,33,37,38,43,46],"ascension_level":4}}