{"host":"A Jargain","time":1613548086,"event":{"mods":["Act Like it!","Aspiration","BaseMod","Downfall","Halation","Hubris","Infinite Spire","Marisa????????","Minty Spire (QoL Compilation)","Replay The Spire","StSLib","The Servant 0.9.4","Waifu the Spire"],"gold_per_floor":[111,111,111,123,48,76,76,76,76,91,91,126,180,214,214,311,311,326,326,339,357,357,357,384,384,384,413,413,433,447,546,546,546,546],"floor_reached":33,"language":"ENG","playtime":2427,"items_purged":["Injury"],"score":359,"play_id":"339ef944-7ec1-4187-a2ae-dc0fd18c6877","local_time":"20210217184806","is_ascension_mode":true,"campfire_choices":[{"data":"Envenom","floor":7,"key":"SMITH"},{"floor":11,"key":"REST"},{"floor":15,"key":"REST"},{"floor":23,"key":"REST"},{"data":"Infinite Blades","floor":25,"key":"SMITH"},{"floor":28,"key":"RECALL"},{"data":"Neutralize","floor":32,"key":"SMITH"}],"circlet_count":0,"master_deck":["Strike_G","Strike_G","Strike_G","Strike_G","Defend_G","Defend_G","Defend_G","Defend_G","Survivor","Neutralize+1","Cloak And Dagger+1","Envenom+1","Terror+1","hubris:Sniper+1","Phantasmal Killer+1","Infinite Blades+1","Storm of Steel+1","Acrobatics+1"],"relics":["Ring of the Snake","Bag of Marbles","Toxic Egg 2","Nunchaku","infinitespire:WardingShard","Vajra","Bottled Lightning","Happy Flower","SlaversCollar","halation:SwordOfLegend","aspiration:VileToxins","aspiration:ChemicalBlood"],"acts_visited":["Exordium","TheCity"],"potions_floor_usage":[6,12,16,24,33,33,33],"damage_taken":[{"damage":2,"enemies":"Jaw Worm","floor":1,"turns":4},{"damage":3,"enemies":"2 Louse","floor":4,"turns":3},{"damage":14,"enemies":"Gremlin Nob","floor":6,"turns":4},{"damage":1,"enemies":"Small Slimes","floor":10,"turns":3},{"damage":15,"enemies":"3 Sentries","floor":12,"turns":7},{"damage":2,"enemies":"Lagavulin","floor":14,"turns":5},{"damage":47,"enemies":"Fading Forest","floor":16,"turns":11},{"damage":2,"enemies":"Chosen","floor":18,"turns":4},{"damage":11,"enemies":"Spheric Guardian","floor":20,"turns":3},{"damage":19,"enemies":"Chosen and Byrds","floor":21,"turns":5},{"damage":0,"enemies":"Gremlin Leader","floor":24,"turns":3},{"damage":1,"enemies":"Book of Stabbing","floor":27,"turns":4},{"damage":13,"enemies":"Centurion and Healer","floor":29,"turns":4},{"damage":0,"enemies":"Cultist and Chosen","floor":30,"turns":2},{"damage":58,"enemies":"Automaton","floor":33,"turns":6}],"seed_played":"-1954973069277999239","potions_obtained":[{"floor":4,"key":"Swift Potion"},{"floor":6,"key":"Poison Potion"},{"floor":10,"key":"ColorlessPotion"},{"floor":14,"key":"Energy Potion"},{"floor":21,"key":"Swift Potion"},{"floor":27,"key":"LiquidBronze"},{"floor":29,"key":"ColorlessPotion"}],"is_trial":false,"path_per_floor":["M","?","?","M","$","E","R","T","T","M","R","E","T","E","R","B",null,"M","?","M","M","?","R","E","R","T","E","R","M","M","?","R","B"],"character_chosen":"THE_SILENT","items_purchased":[],"campfire_rested":3,"item_purchase_floors":[],"current_hp_per_floor":[68,61,61,58,58,44,44,44,44,43,64,49,49,47,68,21,70,68,68,57,38,38,59,59,58,58,57,60,47,47,47,47,0,0],"gold":546,"neow_bonus":"RANDOM_COMMON_RELIC","is_daily":false,"chose_seed":false,"campfire_upgraded":3,"win_rate":0.0,"timestamp":1613548086,"path_taken":["M","?","?","M","$","E","R","?","T","?","R","E","?","E","R","BOSS","M","?","?","M","?","R","E","R","T","E","R","?","?","?","R","BOSS"],"items_purchased_type":[],"build_version":"2020-12-18","purchased_purges":1,"victory":false,"max_hp_per_floor":[70,70,70,70,70,70,70,70,70,70,70,70,70,70,70,70,70,70,70,70,70,70,70,70,70,70,70,70,70,70,70,70,70,70],"card_choices":[{"not_picked":["Deflect","Sucker Punch","Fluid Movement"],"picked":"SKIP","floor":1},{"not_picked":["Dagger Spray","Dagger Throw"],"picked":"Cloak And Dagger+1","floor":4},{"not_picked":["Dagger Throw","Dash"],"picked":"Envenom","floor":6},{"not_picked":["Escape Plan+1","Sucker Punch","Dagger Spray"],"picked":"SKIP","floor":10},{"not_picked":["Outmaneuver+1","Well Laid Plans"],"picked":"Terror+1","floor":12},{"not_picked":["Quick Slash","Calculated Gamble+1"],"picked":"hubris:Sniper+1","floor":14},{"not_picked":["Wraith Form v2","Die Die Die"],"picked":"Phantasmal Killer+1","floor":16},{"not_picked":["Hidden Blade+1","Deadly Poison+1"],"picked":"Infinite Blades","floor":18},{"not_picked":["Deflect+1","Endless Agony+1","Poisoned Stab"],"picked":"SKIP","floor":20},{"not_picked":["Dagger Throw","ReplayTheSpireMod:Tripwire+1","Endless Agony"],"picked":"SKIP","floor":21},{"not_picked":["hubris:TrickCloak+1","Hidden Blade+1","Eviscerate"],"picked":"SKIP","floor":24},{"not_picked":["hubris:TrickCloak+1","Hidden Blade+1","Eviscerate"],"picked":"SKIP","floor":24},{"not_picked":["Catalyst+1","Backflip+1"],"picked":"Acrobatics+1","floor":27},{"not_picked":["hubris:SlightOfHand+1","Backflip+1","infinitespire:Neurotoxin+1"],"picked":"SKIP","floor":29},{"not_picked":["Quick Slash+1","Poisoned Stab+1","Dodge and Roll+1"],"picked":"SKIP","floor":30}],"player_experience":293986,"relics_obtained":[{"floor":6,"key":"Nunchaku"},{"floor":8,"key":"infinitespire:WardingShard"},{"floor":9,"key":"Vajra"},{"floor":12,"key":"Bottled Lightning"},{"floor":14,"key":"Happy Flower"},{"floor":24,"key":"halation:SwordOfLegend"},{"floor":26,"key":"aspiration:VileToxins"},{"floor":27,"key":"aspiration:ChemicalBlood"}],"event_choices":[{"cards_removed":["Defend_G"],"damage_healed":0,"gold_gain":0,"player_choice":"Card Removal","damage_taken":7,"max_hp_gain":0,"max_hp_loss":0,"event_name":"Golden Wing","floor":2,"gold_loss":0},{"damage_healed":0,"gold_gain":0,"player_choice":"1 cards matched","damage_taken":0,"max_hp_gain":0,"max_hp_loss":0,"event_name":"Match and Keep!","floor":19,"gold_loss":0,"cards_obtained":["Storm of Steel"]},{"cards_removed":["Strike_G"],"damage_healed":0,"gold_gain":0,"player_choice":"Offered Basic","damage_taken":0,"max_hp_gain":0,"max_hp_loss":0,"event_name":"Bonfire Elementals","floor":22,"gold_loss":0},{"damage_healed":0,"gold_gain":99,"player_choice":"Stole From Cult","damage_taken":0,"max_hp_gain":0,"max_hp_loss":0,"event_name":"Nest","floor":31,"gold_loss":0}],"is_beta":true,"boss_relics":[{"not_picked":["Snecko Scales","Busted Crown"],"picked":"SlaversCollar"}],"items_purged_floors":[5],"is_endless":false,"potions_floor_spawned":[4,6,10,14,21,27,29],"killed_by":"Automaton","ascension_level":2}}