{"host":"k7udt7atmcuzf6l0","time":1613571373,"event":{"mods":["AchievementEnabler","Act Like it!","BaseMod","BetterRewards","Colored Map","Colored Powertips","Highlight Path","Minty Spire (QoL Compilation)","Quick Restart","Rare Cards Sparkle","StSLib","UnlockEverythingMod"],"gold_per_floor":[113,113,132,142,158,158,171,25,52,52,70,70,50,80,80,182,182,201,220,220,24,36,36,74,74,74],"floor_reached":25,"language":"ZHS","playtime":601,"items_purged":["Strike_R"],"score":273,"play_id":"b02580fe-7751-46fc-afdd-499c9f6659aa","local_time":"20210217221613","is_ascension_mode":false,"campfire_choices":[{"data":"Flex","floor":6.0,"key":"SMITH"},{"data":"Rampage","floor":10.0,"key":"SMITH"},{"data":"Pommel Strike","floor":12,"key":"SMITH"},{"data":"Bash","floor":15,"key":"SMITH"},{"data":"Shockwave","floor":23,"key":"SMITH"}],"circlet_count":0,"master_deck":["Strike_R","Strike_R","Strike_R","Defend_R","Defend_R","Defend_R","Defend_R","Bash+1","Rampage+1","Strike_R+1","Headbutt","Flex+1","Clash+1","Pommel Strike+1","Warcry","Immolate","Rage","Shockwave+1","Clash+1","Body Slam+1"],"relics":["Burning Blood","NeowsBlessing","Whetstone","Smiling Mask","Anchor","Black Star","Ancient Tea Set","CeramicFish","Molten Egg 2"],"acts_visited":["Exordium","TheCity"],"potions_floor_usage":[14,16,19,22,22,24],"damage_taken":[{"damage":0.0,"enemies":"Small Slimes","floor":1.0,"turns":1.0},{"damage":0.0,"enemies":"Cultist","floor":3.0,"turns":1.0},{"damage":0.0,"enemies":"2 Louse","floor":4.0,"turns":1.0},{"damage":29.0,"enemies":"Lots of Slimes","floor":5.0,"turns":5.0},{"damage":2.0,"enemies":"Blue Slaver","floor":7.0,"turns":3.0},{"damage":3.0,"enemies":"Gremlin Gang","floor":11.0,"turns":3.0},{"damage":14,"enemies":"Lagavulin","floor":14,"turns":4},{"damage":0,"enemies":"Slime Boss","floor":16,"turns":3},{"damage":15,"enemies":"2 Thieves","floor":18,"turns":3},{"damage":24,"enemies":"3 Byrds","floor":19,"turns":6},{"damage":30,"enemies":"Snecko","floor":22,"turns":5},{"damage":24,"enemies":"Book of Stabbing","floor":24,"turns":5},{"damage":17,"enemies":"Shelled Parasite and Fungi","floor":25,"turns":3}],"seed_played":"2710378988078615138","potions_obtained":[{"floor":1.0,"key":"LiquidMemories"},{"floor":4.0,"key":"SkillPotion"},{"floor":5.0,"key":"GamblersBrew"},{"floor":13,"key":"HeartOfIron"},{"floor":14,"key":"AttackPotion"},{"floor":16,"key":"LiquidBronze"},{"floor":18,"key":"Block Potion"},{"floor":22,"key":"PowerPotion"}],"is_trial":false,"path_per_floor":["M","?","M","M","M","R","M","$","T","R","M","R","?","E","R","B",null,"M","M","?","$","M","R","E","M"],"character_chosen":"IRONCLAD","items_purchased":["Whetstone","Ancient Tea Set"],"campfire_rested":0,"item_purchase_floors":[8,21],"current_hp_per_floor":[80,80,80,80,57,57,61,61,61,61,64,64,64,56,56,62,80,71,53,53,53,29,29,11,0,0],"gold":74,"neow_bonus":"THREE_ENEMY_KILL","is_daily":false,"chose_seed":false,"campfire_upgraded":5,"win_rate":0.0,"timestamp":1613571373,"path_taken":["M","?","M","M","?","R","M","$","T","R","M","R","?","E","R","BOSS","M","?","?","$","M","R","E","M"],"items_purchased_type":["Relic","Relic"],"build_version":"2020-12-22","purchased_purges":1,"victory":false,"max_hp_per_floor":[80,80,80,80,80,80,80,80,80,80,80,80,80,80,80,80,80,80,80,80,80,80,80,80,80,80],"card_choices":[{"not_picked":["Burning Pact","Rupture"],"picked":"Rampage","floor":1.0},{"not_picked":["Searing Blow","Metallicize"],"picked":"Headbutt","floor":3.0},{"not_picked":["Warcry","Uppercut"],"picked":"Flex","floor":4.0},{"not_picked":["Rampage","Disarm"],"picked":"Clash","floor":5.0},{"not_picked":["Hemokinesis","Twin Strike","Heavy Blade"],"picked":"SKIP","floor":7.0},{"not_picked":["Rupture","Flame Barrier"],"picked":"Pommel Strike","floor":11},{"not_picked":["Clash","Headbutt"],"picked":"Warcry","floor":14},{"not_picked":["Feed","Limit Break"],"picked":"Immolate","floor":16},{"not_picked":["Heavy Blade","Twin Strike"],"picked":"Rage","floor":18},{"not_picked":["Flex","Heavy Blade"],"picked":"Shockwave","floor":19},{"not_picked":["Twin Strike","Headbutt+1"],"picked":"Clash+1","floor":22},{"not_picked":["Heavy Blade+1","Metallicize"],"picked":"Body Slam+1","floor":24}],"player_experience":138749,"relics_obtained":[{"floor":9.0,"key":"Smiling Mask"},{"floor":14,"key":"Anchor"},{"floor":24,"key":"CeramicFish"},{"floor":24,"key":"Molten Egg 2"}],"event_choices":[{"cards_removed":["Strike_R"],"damage_healed":0.0,"max_hp_gain":0.0,"max_hp_loss":0.0,"gold_gain":0.0,"event_name":"NoteForYourself","player_choice":"Took Card","floor":2.0,"gold_loss":0.0,"damage_taken":0.0,"cards_obtained":["Strike_R"]},{"damage_healed":0,"gold_gain":0,"player_choice":"Bought 1 Potion","damage_taken":0,"max_hp_gain":0,"max_hp_loss":0,"event_name":"The Woman in Blue","floor":13,"gold_loss":0},{"damage_healed":0,"gold_gain":0,"player_choice":"0 cards matched","damage_taken":0,"max_hp_gain":0,"max_hp_loss":0,"event_name":"Match and Keep!","floor":20,"gold_loss":0,"cards_obtained":[]}],"is_beta":false,"boss_relics":[{"not_picked":["Velvet Choker","Fusion Hammer"],"picked":"Black Star"}],"items_purged_floors":[21],"is_endless":false,"potions_floor_spawned":[1,4,5,14,16,18,22],"killed_by":"Shelled Parasite and Fungi","ascension_level":0}}