{"host":"1dj9npbb6xcuhhm7","time":1613542445,"event":{"mods":["BaseMod","Colored Map","Colored Powertips","Downfall","Googly Eyes","Highlight Path","Marisa????????","Minty Spire (QoL Compilation)","Rare Cards Sparkle","StSLib"],"gold_per_floor":[149,168,168,168,182,196,196,106,119,136,149,149,166,184,202,202,202,202],"floor_reached":16,"language":"ENG","playtime":1131,"items_purged":["Guardian:Strike_Guardian"],"score":98,"play_id":"22ca20e9-bad1-4cc7-ad60-0d12b624afde","local_time":"20210217001405","is_ascension_mode":false,"campfire_choices":[{"data":"Guardian:TwinSlam","floor":1,"key":"SMITH"},{"data":"Guardian:PiercingHide","floor":12,"key":"SMITH"}],"circlet_count":0,"master_deck":["Guardian:Strike_Guardian","Guardian:Strike_Guardian+1","Guardian:Strike_Guardian","Guardian:Defend_Guardian","Guardian:Defend_Guardian","Guardian:Defend_Guardian","Guardian:Defend_Guardian","Guardian:CurlUp","Guardian:TwinSlam+1","Guardian:TimeBomb","Guardian:PiercingHide+1","Guardian:Incinerate","Guardian:Planning","Guardian:PrimingBeam","Guardian:Gem_Orange","Guardian:ShieldSpikes"],"relics":["Tiny House","Mummified Hand"],"acts_visited":["Exordium"],"potions_floor_usage":[9,16,16],"damage_taken":[{"damage":1,"enemies":"Jaw Worm","floor":2,"turns":3},{"damage":1,"enemies":"2 Louse","floor":5,"turns":3},{"damage":9,"enemies":"Cultist","floor":6,"turns":4},{"damage":0,"enemies":"downfall:FleeingMerchant","floor":8,"turns":4},{"damage":12,"enemies":"Lots of Slimes","floor":9,"turns":3},{"damage":16,"enemies":"Gremlin Gang","floor":10,"turns":6},{"damage":5,"enemies":"2 Fungi Beasts","floor":11,"turns":5},{"damage":7,"enemies":"downfall:LooterAlt","floor":13,"turns":5},{"damage":16,"enemies":"Exordium Thugs","floor":14,"turns":5},{"damage":1,"enemies":"Red Slaver","floor":15,"turns":3},{"damage":18,"enemies":"IC_STATUS_ARCHETYPE","floor":16,"turns":10}],"seed_played":"5622185210739325051","potions_obtained":[{"floor":0,"key":"Slimebound:ThreeZeroPotion"},{"floor":6,"key":"SmokeBomb"},{"floor":10,"key":"BlessingOfTheForge"},{"floor":11,"key":"GamblersBrew"}],"is_trial":false,"path_per_floor":["R","M","?","?","M","M","T","$","M","M","M","R","M","M","M","B"],"character_chosen":"GUARDIAN","items_purchased":[],"campfire_rested":0,"item_purchase_floors":[],"current_hp_per_floor":[85,84,60,85,84,75,75,75,63,47,42,42,35,19,18,0,0,0],"gold":202,"neow_bonus":"BOSS_RELIC","is_daily":false,"chose_seed":false,"campfire_upgraded":2,"win_rate":0.0,"timestamp":1613542445,"path_taken":["R","M","?","?","M","M","T","$","M","M","M","R","M","M","M","BOSS"],"items_purchased_type":[],"build_version":"2020-12-22","purchased_purges":1,"victory":false,"max_hp_per_floor":[85,85,85,85,85,85,85,85,85,85,85,85,85,85,85,85,85,85],"card_choices":[{"not_picked":["Guardian:Planning","Guardian:Gem_Lightblue"],"picked":"Guardian:Gem_Red","floor":0},{"not_picked":["Guardian:Planning","Guardian:TemporalStrike"],"picked":"Guardian:Gem_Orange","floor":2},{"not_picked":["Guardian:Gem_Crimson","Guardian:Gem_Red"],"picked":"Guardian:TimeBomb","floor":5},{"not_picked":["Guardian:Repulse","Guardian:WalkerClaw"],"picked":"Guardian:PiercingHide","floor":6},{"not_picked":["Guardian:PiercingHide","Guardian:Suspension"],"picked":"Guardian:Gem_Purple","floor":8},{"not_picked":["Guardian:Gem_Lightblue","Guardian:FloatingOrbs"],"picked":"Guardian:Incinerate","floor":9},{"not_picked":["Guardian:TimeCapacitor","Guardian:Gem_Green"],"picked":"Guardian:Planning","floor":10},{"not_picked":["Guardian:Repulse","Guardian:Gem_Crimson"],"picked":"Guardian:PrimingBeam","floor":11},{"not_picked":["Guardian:Incinerate","Guardian:Repulse"],"picked":"Guardian:Gem_Orange","floor":13},{"not_picked":["Guardian:Reroute","Guardian:Incinerate","Guardian:Gem_Crimson"],"picked":"SKIP","floor":14},{"not_picked":["Guardian:Reroute","Guardian:TemporalShield"],"picked":"Guardian:ShieldSpikes","floor":15}],"player_experience":42145,"relics_obtained":[{"floor":7,"key":"Mummified Hand"}],"event_choices":[{"cards_removed":["Guardian:Gem_Yellow"],"damage_healed":25,"gold_gain":0,"player_choice":"Offered Uncommon","damage_taken":0,"max_hp_gain":0,"max_hp_loss":0,"event_name":"Bonfire Elementals","floor":4,"gold_loss":0}],"is_beta":false,"boss_relics":[],"items_purged_floors":[8],"is_endless":false,"potions_floor_spawned":[6,10,11,13],"killed_by":"IC_STATUS_ARCHETYPE","ascension_level":0}}