{"host":"vk2xyavtylxbvrfq","time":1613537071,"event":{"mods":["Bard","BaseMod","Bestiary","Better Altar","Better Match","Better Note","Better Sensory Stone","Better Skull","Better Vampires","Block Reminder","Bossed Relics","Colored Map","Curses Come First","Displayed Cursed Tome","Downfall","Fox Events","Hermit","Ironclad Rager","Marked Mod","Minty Spire (QoL Compilation)","Quick Restart","Rare Cards Sparkle","Relic Sorter","Reliquary","Robot Space Explorer","StSLib","The Hayseed","The Runesmith","TheSurvivalist","Unceasing Turn Reminder"],"gold_per_floor":[419,419,430,705,720,720,41,58,81,81,81],"floor_reached":10,"language":"ENG","playtime":263,"items_purged":[],"score":75,"play_id":"fc920c6a-6290-4da0-8d9a-fb35e8c65022","local_time":"20210216234431","is_ascension_mode":true,"campfire_choices":[{"floor":6,"key":"REST"}],"circlet_count":0,"master_deck":["hermit:Strike_Hermit","hermit:Strike_Hermit","hermit:Strike_Hermit","hermit:Strike_Hermit","hermit:Defend_Hermit","hermit:Defend_Hermit","hermit:Defend_Hermit","hermit:Defend_Hermit","hermit:Snapshot","hermit:Covet","hermit:Brawl","hermit:GhostlyPresence","Regret","hermit:Feint","hermit:TakeAim","Dramatic Entrance","hermit:CalledShot"],"relics":["hermit:Momento","Old Coin","Meat on the Bone","hermit:PetGhost","reliquary:TatteredRug"],"acts_visited":["Exordium"],"potions_floor_usage":[8,10],"damage_taken":[{"damage":4,"enemies":"Small Slimes","floor":1,"turns":4},{"damage":1,"enemies":"Cultist","floor":3,"turns":3},{"damage":5,"enemies":"2 Louse","floor":5,"turns":4},{"damage":4,"enemies":"Lots of Slimes","floor":8,"turns":3},{"damage":80,"enemies":"Gremlin Nob","floor":10,"turns":7}],"seed_played":"500202540390765153","potions_obtained":[{"floor":1,"key":"Swift Potion"}],"is_trial":false,"path_per_floor":["M","?","M","?","M","R","$","M","T","E"],"character_chosen":"HERMIT","items_purchased":["Meat on the Bone","hermit:TakeAim","hermit:PetGhost","Dramatic Entrance","Swift Potion","Dexterity Potion"],"campfire_rested":1,"item_purchase_floors":[7,7,7,7,7,7],"current_hp_per_floor":[46,50,49,49,44,66,66,62,62,1,1],"gold":81,"neow_bonus":"ONE_RARE_RELIC","is_daily":false,"chose_seed":false,"campfire_upgraded":0,"win_rate":0.0,"timestamp":1613537071,"path_taken":["M","?","?","?","M","R","$","?","T","E"],"items_purchased_type":["Relic","Card","Relic","Card","Potion","Potion"],"build_version":"2020-12-22","purchased_purges":0,"victory":false,"max_hp_per_floor":[75,75,75,75,75,75,75,75,75,75,75],"card_choices":[{"not_picked":["hermit:LoneWolf","hermit:Feint"],"picked":"hermit:Brawl","floor":1},{"not_picked":["hermit:Vantage","hermit:CalledShot"],"picked":"hermit:GhostlyPresence","floor":3},{"not_picked":["hermit:Desperado","hermit:Roulette"],"picked":"hermit:Feint","floor":5},{"not_picked":["hermit:Midnight","hermit:Coalescence"],"picked":"hermit:CalledShot","floor":8}],"player_experience":1396592,"relics_obtained":[{"floor":9,"key":"reliquary:TatteredRug"}],"event_choices":[{"damage_healed":4,"gold_gain":0,"player_choice":"LEAVE ","damage_taken":0,"relics_obtained":[],"max_hp_gain":0,"max_hp_loss":0,"event_name":"betterSkull:BetterSkull","floor":2,"gold_loss":0,"cards_upgraded":[]},{"damage_healed":0,"gold_gain":275,"player_choice":"Desecrate","damage_taken":0,"max_hp_gain":0,"max_hp_loss":0,"event_name":"Golden Shrine","floor":4,"gold_loss":0,"cards_obtained":["Regret"]}],"is_beta":false,"boss_relics":[],"items_purged_floors":[],"is_endless":false,"potions_floor_spawned":[1],"killed_by":"Gremlin Nob","ascension_level":6}}