{"host":"mi0eibewekhugwl1","time":1613550397,"event":{"mods":["AchievementEnabler","BaseMod","Colored Map","Colored Powertips","DeckTracker","Keyboard Shortcuts","Minty Spire (QoL Compilation)","Quick Restart","Rare Cards Sparkle","Relic Stats","StSLib","SuperFastMode","everything is the same but u backflip on backflip"],"gold_per_floor":[117,133,133,150,56,56,66,100,172,185,202,127,127,144,144,215,215,190,209,37,37,37,37,37,37,37,37,37],"floor_reached":27,"language":"KOR","playtime":497,"items_purged":["Strike_R"],"score":426,"play_id":"1bee9746-c962-4f58-9c66-9026e0eb677e","local_time":"20210217172637","is_ascension_mode":true,"campfire_choices":[{"data":"Uppercut","floor":6,"key":"SMITH"},{"floor":15,"key":"REST"},{"data":"Double Tap","floor":23,"key":"SMITH"},{"data":"Disarm","floor":25,"key":"SMITH"}],"circlet_count":0,"master_deck":["AscendersBane","Strike_R","Defend_R","Defend_R","Defend_R","Defend_R","Bash","Inflame+1","Uppercut+1","Twin Strike","Shrug It Off","Power Through","Disarm+1","Double Tap+1","Dropkick","Metallicize","Ghostly Armor","Decay"],"relics":["Burning Blood","NeowsBlessing","Lizard Tail","Shuriken","Potion Belt","Mark of Pain","Cauldron","Gremlin Horn"],"acts_visited":["Exordium","TheCity"],"potions_floor_usage":[8,14,16,27,27],"damage_taken":[{"damage":0,"enemies":"2 Louse","floor":1,"turns":1},{"damage":0,"enemies":"Cultist","floor":2,"turns":1},{"damage":0,"enemies":"Jaw Worm","floor":4,"turns":1},{"damage":7,"enemies":"Looter","floor":7,"turns":3},{"damage":36,"enemies":"3 Sentries","floor":8,"turns":6},{"damage":9,"enemies":"Blue Slaver","floor":10,"turns":4},{"damage":14,"enemies":"2 Fungi Beasts","floor":11,"turns":4},{"damage":2,"enemies":"Gremlin Gang","floor":14,"turns":5},{"damage":46,"enemies":"The Guardian","floor":16,"turns":18},{"damage":13,"enemies":"2 Thieves","floor":18,"turns":4},{"damage":21,"enemies":"Shell Parasite","floor":19,"turns":7},{"damage":50,"enemies":"Chosen and Byrds","floor":27,"turns":9}],"seed_played":"569993356338650122","potions_obtained":[{"floor":1,"key":"DistilledChaos"},{"floor":2,"key":"PowerPotion"},{"floor":10,"key":"Weak Potion"},{"floor":20,"key":"Fire Potion"},{"floor":20,"key":"EntropicBrew"},{"floor":20,"key":"Energy Potion"},{"floor":20,"key":"CultistPotion"}],"is_trial":false,"path_per_floor":["M","M","?","M","$","R","M","E","T","M","M","$","?","M","R","B",null,"M","M","$","?","?","R","?","R","T","M"],"character_chosen":"IRONCLAD","items_purchased":["Uppercut","Twin Strike","Cauldron"],"campfire_rested":1,"item_purchase_floors":[5,5,20],"current_hp_per_floor":[74,75,75,75,75,75,74,44,44,41,33,33,15,19,41,43,67,60,45,45,45,45,45,45,45,45,0,0],"gold":37,"neow_bonus":"THREE_ENEMY_KILL","is_daily":false,"chose_seed":false,"campfire_upgraded":3,"win_rate":0.0,"timestamp":1613550397,"path_taken":["M","M","?","?","$","R","M","E","T","M","M","$","?","M","R","BOSS","M","M","$","?","?","R","?","R","T","?"],"items_purchased_type":["Card","Card","Relic"],"build_version":"2020-12-22","purchased_purges":1,"victory":false,"max_hp_per_floor":[75,75,75,75,75,75,75,75,75,75,75,75,75,75,75,75,75,75,75,75,75,75,75,75,75,75,75,75],"relic_stats":{"Lizard Tail":37,"Gremlin Horn":[1,1],"counters":[12,63],"Shuriken":[2],"obtain_stats":[{"Potion Belt":13,"Cauldron":20,"Lizard Tail":8,"NeowsBlessing":0,"Gremlin Horn":26,"Shuriken":9,"Mark of Pain":17,"Burning Blood":0},{"Potion Belt":7,"Cauldron":11,"Lizard Tail":5,"NeowsBlessing":0,"Gremlin Horn":11,"Shuriken":5,"Mark of Pain":9,"Burning Blood":0},{"Potion Belt":20,"Cauldron":54,"Lizard Tail":12,"NeowsBlessing":0,"Gremlin Horn":54,"Shuriken":12,"Mark of Pain":43,"Burning Blood":0}],"Burning Blood":55},"card_choices":[{"not_picked":["Ghostly Armor","Dual Wield"],"picked":"Inflame","floor":1},{"not_picked":["Heavy Blade","Sentinel","Clash"],"picked":"SKIP","floor":2},{"not_picked":["Hemokinesis","Headbutt","Warcry"],"picked":"SKIP","floor":4},{"not_picked":["Perfected Strike","Warcry","Dark Embrace"],"picked":"SKIP","floor":7},{"not_picked":["Warcry","Whirlwind"],"picked":"Shrug It Off","floor":8},{"not_picked":["Intimidate","Perfected Strike"],"picked":"Power Through","floor":10},{"not_picked":["Havoc","Rupture"],"picked":"Disarm","floor":11},{"not_picked":["Thunderclap","Wild Strike","Cleave"],"picked":"SKIP","floor":14},{"not_picked":["Berserk","Feed"],"picked":"Double Tap","floor":16},{"not_picked":["Iron Wave","Warcry","Sentinel"],"picked":"SKIP","floor":18},{"not_picked":["Flex","Spot Weakness"],"picked":"Dropkick","floor":19}],"player_experience":1809888,"relics_obtained":[{"floor":8,"key":"Lizard Tail"},{"floor":9,"key":"Shuriken"},{"floor":26,"key":"Gremlin Horn"}],"event_choices":[{"cards_removed":["Strike_R"],"damage_healed":0,"gold_gain":0,"player_choice":"Purged","damage_taken":0,"max_hp_gain":0,"max_hp_loss":0,"event_name":"Purifier","floor":3,"gold_loss":0},{"damage_healed":0,"gold_gain":0,"player_choice":"Success","damage_taken":18,"relics_obtained":["Potion Belt"],"max_hp_gain":0,"max_hp_loss":0,"event_name":"Scrap Ooze","floor":13,"gold_loss":0},{"damage_healed":0,"gold_gain":0,"cards_transformed":["Strike_R","Strike_R"],"player_choice":"Became Test Subject","damage_taken":0,"max_hp_gain":0,"max_hp_loss":0,"event_name":"Drug Dealer","floor":21,"gold_loss":0,"cards_obtained":["Metallicize","Ghostly Armor"]},{"damage_healed":0,"gold_gain":0,"player_choice":"Smashed Altar","damage_taken":0,"max_hp_gain":0,"max_hp_loss":0,"event_name":"Forgotten Altar","floor":22,"gold_loss":0,"cards_obtained":["Decay"]},{"damage_healed":0,"gold_gain":0,"player_choice":"Upgraded","damage_taken":0,"max_hp_gain":0,"max_hp_loss":0,"event_name":"Upgrade Shrine","floor":24,"gold_loss":0,"cards_upgraded":["Inflame"]}],"is_beta":false,"boss_relics":[{"not_picked":["Black Star","Philosopher\u0027s Stone"],"picked":"Mark of Pain"}],"items_purged_floors":[12],"is_endless":false,"potions_floor_spawned":[1,2,10],"killed_by":"Chosen and Byrds","ascension_level":20}}