{"host":"pyjsji1xtq3ga0i3","time":1613536533,"event":{"mods":["AchievementEnabler","BaseMod","Block Reminder","Colored Map","Colored Powertips","Highlight Path","Minty Spire (QoL Compilation)","Relic Sorter"],"gold_per_floor":[119,44,62,62,62,92,92,107,133,133,133,150,168,182,182,260,260,275,106,123,141,159,186,200,200,200,250,264,283,4,24,24,24,24],"floor_reached":33,"language":"ENG","playtime":2670,"items_purged":["Strike_G"],"score":566,"play_id":"0ab6b542-b0ec-43e0-922b-73cf9deb670c","local_time":"20210216233533","is_ascension_mode":true,"campfire_choices":[{"data":"Footwork","floor":7.0,"key":"SMITH"},{"data":"Dagger Spray","floor":11.0,"key":"SMITH"},{"data":"Neutralize","floor":15.0,"key":"SMITH"},{"floor":25.0,"key":"REST"},{"floor":32,"key":"REST"}],"circlet_count":0,"master_deck":["AscendersBane","Strike_G","Strike_G","Strike_G","Defend_G","Defend_G","Defend_G","Defend_G","Survivor","Neutralize+1","Footwork+1","Quick Slash","Dagger Spray+1","Endless Agony","Quick Slash","All Out Attack","After Image","Cloak And Dagger+1","Sucker Punch","All Out Attack","Blade Dance","PiercingWail","Infinite Blades","Well Laid Plans","Tools of the Trade","Blade Dance"],"relics":["Ring of the Snake","NeowsBlessing","Dream Catcher","Lantern","Fusion Hammer","Frozen Eye","Ornamental Fan","Tiny Chest","Membership Card","Happy Flower"],"acts_visited":["Exordium","TheCity"],"potions_floor_usage":[31],"damage_taken":[{"damage":0.0,"enemies":"Cultist","floor":1.0,"turns":1.0},{"damage":0.0,"enemies":"Small Slimes","floor":3.0,"turns":1.0},{"damage":0.0,"enemies":"3 Sentries","floor":6.0,"turns":1.0},{"damage":1.0,"enemies":"2 Louse","floor":8.0,"turns":4.0},{"damage":6.0,"enemies":"Exordium Thugs","floor":12.0,"turns":4.0},{"damage":0.0,"enemies":"Looter","floor":13.0,"turns":3.0},{"damage":19.0,"enemies":"Large Slime","floor":14.0,"turns":5.0},{"damage":38.0,"enemies":"The Guardian","floor":16.0,"turns":17.0},{"damage":2.0,"enemies":"3 Byrds","floor":18.0,"turns":6.0},{"damage":0.0,"enemies":"Shell Parasite","floor":20.0,"turns":6.0},{"damage":1.0,"enemies":"3 Cultists","floor":21.0,"turns":5.0},{"damage":21.0,"enemies":"Centurion and Healer","floor":22.0,"turns":8.0},{"damage":43.0,"enemies":"Book of Stabbing","floor":23.0,"turns":8.0},{"damage":7.0,"enemies":"Sentry and Sphere","floor":24.0,"turns":5.0},{"damage":4.0,"enemies":"3 Cultists","floor":28.0,"turns":4.0},{"damage":8.0,"enemies":"Centurion and Healer","floor":29.0,"turns":8.0},{"damage":8,"enemies":"Chosen and Byrds","floor":31,"turns":7},{"damage":52,"enemies":"Automaton","floor":33,"turns":6}],"seed_played":"4736089329918083499","potions_obtained":[{"floor":3.0,"key":"Energy Potion"},{"floor":8.0,"key":"FairyPotion"},{"floor":21.0,"key":"Swift Potion"},{"floor":23.0,"key":"BlessingOfTheForge"},{"floor":29.0,"key":"Weak Potion"}],"is_trial":false,"path_per_floor":["M","$","M","?","?","E","R","M","T","?","R","M","M","M","R","B",null,"M","$","M","M","M","E","M","R","T","?","M","M","$","M","R","B"],"character_chosen":"THE_SILENT","items_purchased":["Frozen Eye","Membership Card","Happy Flower","Blade Dance"],"campfire_rested":2,"item_purchase_floors":[19,30,30,30],"current_hp_per_floor":[59,59,59,52,52,52,52,51,51,76,76,70,70,51,51,13,60,58,58,58,57,36,15,8,30,30,30,26,18,18,10,32,0,0],"gold":24,"neow_bonus":"THREE_ENEMY_KILL","is_daily":false,"chose_seed":false,"campfire_upgraded":3,"win_rate":0.0,"timestamp":1613536533,"path_taken":["M","$","M","?","?","E","R","M","T","?","R","?","M","M","R","BOSS","M","$","M","M","M","E","M","R","T","?","M","M","$","M","R","BOSS"],"items_purchased_type":["Relic","Relic","Relic","Card"],"build_version":"2020-12-22","purchased_purges":1,"victory":false,"max_hp_per_floor":[66,66,66,66,66,66,66,66,66,76,76,76,76,76,76,76,76,76,76,76,76,76,76,76,76,76,76,76,76,76,76,76,76,76],"card_choices":[{"not_picked":["Bane","Dagger Spray"],"picked":"Footwork","floor":1.0},{"not_picked":["Underhanded Strike","Flying Knee"],"picked":"Quick Slash","floor":3.0},{"not_picked":["Prepared","Heel Hook","Poisoned Stab"],"picked":"SKIP","floor":6.0},{"not_picked":["Bane","Noxious Fumes"],"picked":"Dagger Spray","floor":8.0},{"not_picked":["Poisoned Stab","Noxious Fumes"],"picked":"Endless Agony","floor":12.0},{"not_picked":["Prepared","Finisher"],"picked":"Quick Slash","floor":13.0},{"not_picked":["Escape Plan","Underhanded Strike"],"picked":"All Out Attack","floor":14.0},{"not_picked":["Wraith Form v2","Tools of the Trade"],"picked":"After Image","floor":16.0},{"not_picked":["Slice+1","PiercingWail"],"picked":"Cloak And Dagger+1","floor":18.0},{"not_picked":["Acrobatics","Setup"],"picked":"Sucker Punch","floor":20.0},{"not_picked":["Slice","Deflect"],"picked":"All Out Attack","floor":21.0},{"not_picked":["Endless Agony","Acrobatics+1"],"picked":"Blade Dance","floor":22.0},{"not_picked":["Dodge and Roll","Catalyst","All Out Attack"],"picked":"SKIP","floor":23.0},{"not_picked":["Choke","Backstab+1"],"picked":"PiercingWail","floor":24.0},{"not_picked":["Accuracy","Acrobatics"],"picked":"Infinite Blades","floor":25.0},{"not_picked":["Bouncing Flask","Outmaneuver"],"picked":"Well Laid Plans","floor":28.0},{"not_picked":["Heel Hook","Dagger Throw"],"picked":"Tools of the Trade","floor":29.0},{"not_picked":["Concentrate","Catalyst","Calculated Gamble"],"picked":"SKIP","floor":31}],"player_experience":486855,"relics_obtained":[{"floor":6.0,"key":"Dream Catcher"},{"floor":9.0,"key":"Lantern"},{"floor":23.0,"key":"Ornamental Fan"},{"floor":26.0,"key":"Tiny Chest"}],"event_choices":[{"cards_removed":["Defend_G"],"damage_healed":0.0,"max_hp_gain":0.0,"max_hp_loss":0.0,"gold_gain":0.0,"event_name":"Golden Wing","player_choice":"Card Removal","floor":4.0,"gold_loss":0.0,"damage_taken":7.0},{"damage_healed":0.0,"max_hp_gain":0.0,"max_hp_loss":0.0,"gold_gain":0.0,"cards_transformed":["Strike_G"],"event_name":"Living Wall","player_choice":"Change","floor":5.0,"gold_loss":0.0,"damage_taken":0.0,"cards_obtained":["Doppelganger"]},{"cards_removed":["Doppelganger"],"damage_healed":15.0,"max_hp_gain":10.0,"max_hp_loss":0.0,"gold_gain":0.0,"event_name":"Bonfire Elementals","player_choice":"Offered Rare","floor":10.0,"gold_loss":0.0,"damage_taken":0.0},{"damage_healed":0.0,"max_hp_gain":0.0,"max_hp_loss":0.0,"gold_gain":50.0,"event_name":"Nest","player_choice":"Stole From Cult","floor":27.0,"gold_loss":0.0,"damage_taken":0.0}],"is_beta":false,"boss_relics":[{"not_picked":["Black Star","HoveringKite"],"picked":"Fusion Hammer"}],"items_purged_floors":[2],"is_endless":false,"potions_floor_spawned":[3,8,13,21,22,23,29],"killed_by":"Automaton","ascension_level":18}}