{"host":"jq8d8epkoknfq6em","time":1613525797,"event":{"mods":["AchievementEnabler","BaseMod","Colored Map","Colored Powertips","Highlight Path","Minty Spire (QoL Compilation)","Quick Restart","Relic Stats","StSLib"],"gold_per_floor":[12,26,36,50,63,63,74,74,101,112,124,152,152,152,152,252,252,252,252],"floor_reached":18,"language":"ENG","playtime":1504,"items_purged":[],"score":266,"play_id":"07b6fcf6-0dd4-462b-bad4-f8ffaaa8a5b8","local_time":"20210217023637","is_ascension_mode":true,"campfire_choices":[{"data":"Metamorphosis","floor":6,"key":"SMITH"},{"data":"Calculated Gamble","floor":8,"key":"SMITH"},{"data":"Predator","floor":13,"key":"SMITH"},{"data":"Footwork","floor":15,"key":"SMITH"}],"circlet_count":0,"master_deck":["AscendersBane","Strike_G","Strike_G","Strike_G","Strike_G","Strike_G","Defend_G","Defend_G","Defend_G","Defend_G","Defend_G","Survivor","Neutralize","Metamorphosis+1","Bane","Dash","Bouncing Flask","Dash","Calculated Gamble+1","Acrobatics","Footwork+1","Predator+1","Corpse Explosion"],"relics":["Ring of the Snake","Strawberry","Lantern","Runic Pyramid"],"acts_visited":["Exordium","TheCity"],"potions_floor_usage":[2,10,16],"damage_taken":[{"damage":7,"enemies":"Small Slimes","floor":1,"turns":3},{"damage":0,"enemies":"2 Louse","floor":2,"turns":4},{"damage":3,"enemies":"Jaw Worm","floor":3,"turns":4},{"damage":9,"enemies":"Blue Slaver","floor":4,"turns":5},{"damage":5,"enemies":"Looter","floor":5,"turns":4},{"damage":0,"enemies":"Large Slime","floor":7,"turns":5},{"damage":5,"enemies":"2 Fungi Beasts","floor":10,"turns":3},{"damage":3,"enemies":"Looter","floor":11,"turns":3},{"damage":10,"enemies":"Gremlin Nob","floor":12,"turns":4},{"damage":1,"enemies":"The Guardian","floor":16,"turns":10},{"damage":12,"enemies":"Shell Parasite","floor":18,"turns":7}],"seed_played":"-62592583440341825","potions_obtained":[{"floor":1,"key":"Poison Potion"},{"floor":4,"key":"PowerPotion"},{"floor":7,"key":"Energy Potion"},{"floor":10,"key":"GamblersBrew"},{"floor":11,"key":"Block Potion"}],"is_trial":false,"path_per_floor":["M","M","M","M","M","R","M","R","T","M","M","E","R","?","R","B",null,"M"],"character_chosen":"THE_SILENT","items_purchased":[],"campfire_rested":0,"item_purchase_floors":[],"current_hp_per_floor":[56,56,53,44,39,39,39,39,46,41,38,28,28,33,33,32,70,58,58],"gold":252,"neow_bonus":"RANDOM_COLORLESS_2","is_daily":false,"chose_seed":false,"campfire_upgraded":4,"win_rate":0.0,"timestamp":1613525797,"path_taken":["M","M","M","M","M","R","M","R","T","M","M","E","R","?","R","BOSS","M"],"items_purchased_type":[],"build_version":"2020-12-22","purchased_purges":0,"victory":false,"max_hp_per_floor":[70,70,70,70,70,70,70,70,77,77,77,77,77,82,82,82,82,82,82],"relic_stats":{"counters":[11,52],"obtain_stats":[{"Lantern":12,"Strawberry":9,"Ring of the Snake":0,"Runic Pyramid":17},{"Lantern":9,"Strawberry":6,"Ring of the Snake":0,"Runic Pyramid":10},{"Lantern":35,"Strawberry":25,"Ring of the Snake":0,"Runic Pyramid":45}],"Ring of the Snake":[22]},"card_choices":[{"not_picked":["Violence","Magnetism"],"picked":"Metamorphosis","floor":0},{"not_picked":["Outmaneuver","Prepared"],"picked":"Bane","floor":1},{"not_picked":["Choke","Slice"],"picked":"Dash","floor":2},{"not_picked":["Tactician","Catalyst"],"picked":"Bouncing Flask","floor":3},{"not_picked":["Setup","Masterful Stab"],"picked":"Dash","floor":4},{"not_picked":["Dodge and Roll","Deadly Poison","Blade Dance"],"picked":"SKIP","floor":5},{"not_picked":["Setup","Dagger Throw"],"picked":"Calculated Gamble","floor":7},{"not_picked":["Slice","Quick Slash"],"picked":"Acrobatics","floor":10},{"not_picked":["Calculated Gamble","Setup"],"picked":"Footwork","floor":11},{"not_picked":["Caltrops","Masterful Stab"],"picked":"Predator","floor":12},{"not_picked":["A Thousand Cuts","Glass Knife"],"picked":"Corpse Explosion","floor":16}],"player_experience":1062553,"relics_obtained":[{"floor":9,"key":"Strawberry"},{"floor":12,"key":"Lantern"}],"event_choices":[{"damage_healed":0,"gold_gain":0,"player_choice":"Donut","damage_taken":0,"max_hp_gain":5,"max_hp_loss":0,"event_name":"Big Fish","floor":14,"gold_loss":0}],"is_beta":false,"boss_relics":[{"not_picked":["Empty Cage","Snecko Eye"],"picked":"Runic Pyramid"}],"items_purged_floors":[],"is_endless":false,"potions_floor_spawned":[1,4,7,10,11],"killed_by":"Shell Parasite","ascension_level":12}}