{"host":"h2977v3ax51ohsow","time":1613570095,"event":{"mods":["Act Like it!","Aspiration","BaseMod","Chen","Colored Powertips","Hallownest","Marisa£®ÏF”Í°°ƒß¿Ì…≥£©","Minty Spire (QoL Compilation)","Quick Restart","Reimu£®≤©¿ˆ¡È√Œ£©","StSLib","noobMod","°æ“≈ŒÔø®≈∆°øREMEMod"],"gold_per_floor":[119,130,130,130,148,182,182,223,223,223,236,236,252,283,283,414,414,437,397,412,20,45,45,378,391,391,412,862,877,877,898,898,1018,1018,1038,1053,1053,1053,632,666,666,701,701,701,724,267,267,21,21,21,21,21,21,61,61],"floor_reached":56,"language":"ZHS","playtime":3468,"items_purged":["Strike_Lin:ReiMu","FantasyBorder:ReiMu"],"score":1370,"play_id":"25163a1c-774d-4f1e-89ad-34b57092de2d","local_time":"20210217215455","is_ascension_mode":false,"campfire_choices":[{"data":"NB:ReiMu","floor":7,"key":"SMITH"},{"floor":10,"key":"REST"},{"data":"DependentForm:ReiMu","floor":15,"key":"SMITH"},{"data":"MikOfLucky:ReiMu","floor":23,"key":"SMITH"},{"floor":30,"key":"RECALL"},{"data":"KamiRite:ReiMu","floor":32,"key":"SMITH"},{"floor":41,"key":"REST"},{"floor":49,"key":"REST"},{"floor":52,"key":"REST"}],"circlet_count":0,"master_deck":["Strike_Lin:ReiMu","Strike_Lin:ReiMu","Strike_Lin:ReiMu","Defend_Lin:ReiMu","Defend_Lin:ReiMu","Defend_Lin:ReiMu","Defend_Lin:ReiMu","NB:ReiMu+1","Stagnation:ReiMu","Chen:Nimbleness","Conquer:ReiMu","TightArray:ReiMu","Revelation:ReiMu","TightArray:ReiMu","DependentForm:ReiMu+1","KamiRite:ReiMu+1","MikOfLucky:ReiMu+1","HakureiPhantom:ReiMu","KamiSacrifice:ReiMu+1","Jack Of All Trades","PrayRite:ReiMu","YinYangSange:ReiMu","ManaGlint:ReiMu+1","REME_HeartOfCthun","OctopathBindingBorder2:ReiMu+1","Shading:ReiMu","UniversalSpiritual:ReiMu+1","FantasyMoon:ReiMu","Gathering:ReiMu+1","KyokaiOfKami:ReiMu","MikOfLucky:ReiMu+1"],"relics":["FlyPower:ReiMu","ice","REME_ComplimentaryCards","NeowsBlessing","Golden Idol","Lantern","Gremlin Horn","Pear","Snecko Eye","ZunR:ReiMu","Matryoshka","aspiration:Nostalgia","Burning Blood","Old Coin","REME_PuzzleBoxRelic","Pocketwatch","Fusion Hammer","Oddly Smooth Stone","Bottled Tornado","Bow_fan:ReiMu","Orrery","Eternal Feather","Du-Vu Doll","Bottled Flame","REME_HourglassOfDeath","Question Card","Mummified Hand"],"acts_visited":["Exordium","TheCity","TheBeyond","TheEnding"],"potions_floor_usage":[6,6,16,22,27,31,50],"damage_taken":[{"damage":0,"enemies":"Cultist","floor":1,"turns":1},{"damage":0,"enemies":"Jaw Worm","floor":2,"turns":1},{"damage":0,"enemies":"2 Louse","floor":5,"turns":1},{"damage":14,"enemies":"3 Sentries","floor":6,"turns":7},{"damage":34,"enemies":"Gremlin Nob","floor":8,"turns":6},{"damage":0,"enemies":"2 Fungi Beasts","floor":11,"turns":3},{"damage":0,"enemies":"3 Louse","floor":13,"turns":2},{"damage":17,"enemies":"3 Sentries","floor":14,"turns":7},{"damage":8,"enemies":"The Guardian","floor":16,"turns":9},{"damage":15,"enemies":"Spheric Guardian","floor":18,"turns":6},{"damage":5,"enemies":"Shell Parasite","floor":20,"turns":4},{"damage":0,"enemies":"Centurion and Healer","floor":22,"turns":6},{"damage":5,"enemies":"Gremlin Leader","floor":24,"turns":5},{"damage":5,"enemies":"Cultist and Chosen","floor":25,"turns":6},{"damage":1,"enemies":"Snake Plant","floor":27,"turns":4},{"damage":0,"enemies":"Centurion and Healer","floor":29,"turns":4},{"damage":0,"enemies":"Shelled Parasite and Fungi","floor":31,"turns":3},{"damage":14,"enemies":"Champ","floor":33,"turns":9},{"damage":11,"enemies":"3 Shapes","floor":35,"turns":4},{"damage":6,"enemies":"Orb Walker","floor":36,"turns":3},{"damage":0,"enemies":"Giant Head","floor":40,"turns":2},{"damage":108,"enemies":"Nemesis","floor":42,"turns":7},{"damage":0,"enemies":"Maw","floor":45,"turns":4},{"damage":23,"enemies":"Awakened One","floor":50,"turns":8},{"damage":35,"enemies":"Shield and Spear","floor":54,"turns":4},{"damage":69,"enemies":"The Heart","floor":55,"turns":7}],"seed_played":"-8498684768087970696","potions_obtained":[{"floor":1,"key":"BottledKami:ReiMu"},{"floor":2,"key":"Block Potion"},{"floor":13,"key":"FairyPotion"},{"floor":14,"key":"PowerPotion"},{"floor":16,"key":"FearPotion"},{"floor":20,"key":"DistilledChaos"},{"floor":24,"key":"Block Potion"},{"floor":27,"key":"Dexterity Potion"},{"floor":42,"key":"Fire Potion"}],"is_trial":false,"path_per_floor":["M","M","$","?","M","E","R","E","T","R","M","?","M","E","R","B",null,"M","?","M","$","M","R","E","M","T","M","?","M","R","M","R","B",null,"M","M","?","T","$","E","R","E","T","?","M","$","?","$","R","B",null,"R","$","E","B",null],"character_chosen":"REIMU","items_purchased":["Matryoshka","aspiration:Nostalgia","Bow_fan:ReiMu","Orrery","FantasyMoon:ReiMu","REME_HourglassOfDeath","KyokaiOfKami:ReiMu","BlessingOfTheForge","Question Card"],"campfire_rested":4,"item_purchase_floors":[21,21,39,39,39,46,46,46,48],"current_hp_per_floor":[65,65,65,49,49,35,35,1,1,20,20,20,20,13,13,67,85,70,70,65,65,71,71,72,73,73,78,20,26,26,32,32,24,121,116,116,116,116,116,122,131,29,29,29,35,35,35,35,94,77,150,150,150,121,58],"gold":61,"neow_bonus":"THREE_ENEMY_KILL","is_daily":false,"chose_seed":false,"campfire_upgraded":4,"win_rate":0.0,"timestamp":1613570095,"path_taken":["M","M","?","?","M","E","R","E","T","R","M","?","M","E","R","BOSS","M","?","M","$","M","R","E","M","T","M","?","M","R","?","R","BOSS","M","M","?","?","$","E","R","E","T","?","M","$","?","$","R","BOSS","R","$","E","BOSS"],"items_purchased_type":["Relic","Relic","Relic","Relic","Card","Relic","Card","Potion","Relic"],"build_version":"2020-12-22","purchased_purges":2,"victory":true,"max_hp_per_floor":[65,65,65,65,65,65,65,65,65,65,65,65,65,75,75,85,85,91,91,95,95,98,98,101,107,107,113,113,114,114,117,117,121,121,128,130,130,130,130,131,131,136,136,136,137,137,137,137,137,150,150,150,150,157,250],"card_choices":[{"not_picked":["AlertArray:ReiMu","RainPray2:ReiMu"],"picked":"Conquer:ReiMu","floor":1},{"not_picked":["AlertArray:ReiMu","SpringWay:ReiMu"],"picked":"TightArray:ReiMu","floor":2},{"not_picked":["TightArray:ReiMu","Enchanting:ReiMu","SpringWay:ReiMu"],"picked":"SKIP","floor":5},{"not_picked":["SpringWay:ReiMu","TakeOff:ReiMu"],"picked":"FoulBorder2:ReiMu","floor":6},{"not_picked":["TakeOff:ReiMu","DoubleButterfly:ReiMu"],"picked":"Revelation:ReiMu","floor":8},{"not_picked":["RainPray2:ReiMu","Amulet:ReiMu"],"picked":"TightArray:ReiMu","floor":11},{"not_picked":["Amulet:ReiMu","RainPray2:ReiMu"],"picked":"FantasyBorder:ReiMu","floor":13},{"not_picked":["Dreaming2:ReiMu","PassingAway:ReiMu"],"picked":"DependentForm:ReiMu","floor":14},{"not_picked":["HakureiPhantom:ReiMu","OctopathSalyBorderN:ReiMu"],"picked":"KamiRite:ReiMu","floor":16},{"not_picked":["TightArray:ReiMu","Meditation:ReiMu","OrbThrow:ReiMu"],"picked":"SKIP","floor":18},{"not_picked":["CareerPray:ReiMu","AirManeuver:ReiMu","WonderfulDomain:ReiMu"],"picked":"SKIP","floor":20},{"not_picked":["SubAcupoint:ReiMu","EmergencyTakeOff:ReiMu"],"picked":"MikOfLucky:ReiMu","floor":22},{"not_picked":["UpKicking:ReiMu","SpiritualOutbreak2:ReiMu"],"picked":"HakureiPhantom:ReiMu","floor":24},{"not_picked":["Mountainwind:ReiMu","WonderfulDomain:ReiMu","PayForSelf:ReiMu"],"picked":"SKIP","floor":25},{"not_picked":["SpringWay:ReiMu","Conquer:ReiMu"],"picked":"KamiSacrifice:ReiMu+1","floor":27},{"not_picked":["EmergencyTakeOff:ReiMu","SpringWay:ReiMu","TightArray:ReiMu"],"picked":"SKIP","floor":29},{"not_picked":["NineCharacters:ReiMu","Conquer:ReiMu","CollectionFlower2:ReiMu"],"picked":"SKIP","floor":31},{"not_picked":["Dreaming:ReiMu","HakureiPhantom:ReiMu"],"picked":"PrayRite:ReiMu","floor":33},{"not_picked":["RainPray2:ReiMu","WonderfulDomain:ReiMu"],"picked":"YinYangSange:ReiMu","floor":35},{"not_picked":["EmergencyTakeOff:ReiMu+1","Enchanting:ReiMu"],"picked":"ManaGlint:ReiMu+1","floor":36},{"not_picked":["Jack Of All Trades","Dramatic Entrance"],"picked":"REME_HeartOfCthun","floor":37},{"not_picked":["YinYangSign:ReiMu+1","Enchanting:ReiMu"],"picked":"OctopathBindingBorder2:ReiMu+1","floor":39},{"not_picked":["PhosphorusFlame:ReiMu","Dreaming2:ReiMu"],"picked":"Shading:ReiMu","floor":39},{"not_picked":["MountainWay:ReiMu","SpringWay:ReiMu+1"],"picked":"UniversalSpiritual:ReiMu+1","floor":39},{"not_picked":["UpKicking:ReiMu","HakureiPhantom:ReiMu","AirStrike:ReiMu"],"picked":"SKIP","floor":40},{"not_picked":["Conquer:ReiMu+1","PhosphorusFlame:ReiMu+1","SpringWay:ReiMu+1"],"picked":"SKIP","floor":42},{"not_picked":["CareerPray:ReiMu+1","TightArray:ReiMu"],"picked":"Gathering:ReiMu+1","floor":45},{"not_picked":["AirStrike:ReiMu+1","Intuition:ReiMu","Amulet:ReiMu"],"picked":"MikOfLucky:ReiMu+1","floor":54}],"player_experience":129108,"relics_obtained":[{"floor":6,"key":"Lantern"},{"floor":8,"key":"Gremlin Horn"},{"floor":14,"key":"Pear"},{"floor":24,"key":"Old Coin"},{"floor":26,"key":"REME_PuzzleBoxRelic"},{"floor":26,"key":"Pocketwatch"},{"floor":38,"key":"Oddly Smooth Stone"},{"floor":38,"key":"Bottled Tornado"},{"floor":40,"key":"Eternal Feather"},{"floor":42,"key":"Du-Vu Doll"},{"floor":43,"key":"Bottled Flame"},{"floor":54,"key":"Mummified Hand"}],"event_choices":[{"damage_healed":0,"gold_gain":0,"player_choice":"Take Damage","damage_taken":16,"relics_obtained":["Golden Idol"],"max_hp_gain":0,"max_hp_loss":0,"event_name":"Golden Idol","floor":4,"gold_loss":0},{"damage_healed":0,"gold_gain":0,"player_choice":"Ignored","damage_taken":0,"max_hp_gain":0,"max_hp_loss":0,"event_name":"Liars Game","floor":12,"gold_loss":0},{"damage_healed":0,"gold_gain":0,"player_choice":"π∫¬Ú…Òæ∆","damage_taken":0,"relics_obtained":["ZunR:ReiMu"],"max_hp_gain":0,"max_hp_loss":0,"event_name":"ZunEvent","floor":19,"gold_loss":40},{"damage_healed":0,"gold_gain":450,"player_choice":"CARD POTION GOLD GOLD GOLD GOLD GOLD ","damage_taken":58,"max_hp_gain":0,"max_hp_loss":0,"event_name":"Knowing Skull","floor":28,"potions_obtained":["Block Potion"],"gold_loss":0,"cards_obtained":["Jack Of All Trades"]},{"damage_healed":0,"gold_gain":0,"player_choice":"Memory 1","damage_taken":0,"max_hp_gain":0,"max_hp_loss":0,"event_name":"SensoryStone","floor":37,"gold_loss":0},{"damage_healed":0,"gold_gain":0,"player_choice":"Ignored","damage_taken":0,"max_hp_gain":0,"max_hp_loss":0,"event_name":"Tomb of Lord Red Mask","floor":44,"gold_loss":0},{"cards_removed":["FoulBorder2:ReiMu"],"damage_healed":0,"gold_gain":0,"player_choice":"Removed Power","damage_taken":0,"max_hp_gain":0,"max_hp_loss":0,"event_name":"Falling","floor":47,"gold_loss":0}],"is_beta":false,"boss_relics":[{"not_picked":["Cursed Key","aspiration:SecretTechniqueScroll"],"picked":"Snecko Eye"},{"not_picked":["aspiration:WatcherSkillbook","aspiration:FutureDiary"],"picked":"Fusion Hammer"}],"items_purged_floors":[39,46],"is_endless":false,"potions_floor_spawned":[1,2,13,14,16,20,24,27,42],"ascension_level":0}}