{"host":"mo324zvkdr1xwprd","time":1613524175,"event":{"mods":["A Penny For Your Troubles","BaseMod","Better Note","Better Third Choice","BetterRewards","Hermit","Highlight Path","Hubris","Minty Spire (QoL Compilation)","Quick Restart","Rare Cards Sparkle","Shop Mod","StSLib","The Cursed","The Hierophant","The Servant 0.9.4","Transform Curses"],"gold_per_floor":[37,47,58,68,78,110,110,130,184,184,212,237,263,290,290,392,392,404,419,434,54,4,30,48,79,79,79,109,128,147,177,177,280,280,293,310,310,328,134,160,4,19,45,70,70,96,147,147,147,148,148,148,27,56,56],"floor_reached":56,"language":"ENG","playtime":4965,"items_purged":[],"score":2473,"play_id":"e00325b8-686b-48ed-b646-469e5469a431","local_time":"20210217010935","is_ascension_mode":true,"campfire_choices":[{"data":"Mind Blast","floor":7.0,"key":"SMITH"},{"data":"Feed","floor":15.0,"key":"SMITH"},{"data":"Flame Barrier","floor":27.0,"key":"SMITH"},{"floor":32.0,"key":"RECALL"},{"data":"Impervious","floor":45.0,"key":"SMITH"},{"data":"Juggernaut","floor":49.0,"key":"SMITH"},{"data":"Secret Technique","floor":52.0,"key":"SMITH"}],"circlet_count":0,"master_deck":["AscendersBane","Strike_R","Strike_R","Strike_R","Strike_R","Strike_R","Defend_R","Defend_R","Defend_R","Defend_R+1","Bash","Carnage","Flex","Secret Technique+1","hubris:CleavingFinish","Perfected Strike","Ghostly Armor","Ghostly Armor","Rage","Rage+1","Armaments","Shrug It Off","Flame Barrier+1","Pommel Strike","Feed+1","Exhume","Impervious+1","Sword Boomerang","Heavy Blade+1","Seeing Red","Rage","Pommel Strike+1","Intimidate+1","Impervious","Flex+1","Cleave+1","Dropkick","Juggernaut+1","Seeing Red+1","Rage+1","Armaments+1","Dropkick","Battle Trance","Thunderclap","Flex+1","Inflame+1","Impervious","hubris:DuctTapeCard"],"relics":["Burning Blood","WingedGreaves","Toy Ornithopter","Lantern","Bag of Preparation","hubris:EmptyBottle","Ice Cream","hubris:Potato","Letter Opener","Question Card","Singing Bowl","hubris:BottledRain","hubris:ToyBattleship","Mark of Pain","hubris:GlazedTorus","hubris:DuctTape","Vajra","Bottled Flame","FossilizedHelix","War Paint","hubris:GrandSneckoEye","Pen Nib","Juzu Bracelet","Membership Card","Happy Flower","hubris:SlimyHat","hubris:Reverence","Champion Belt","Mercury Hourglass","Self Forming Clay"],"acts_visited":["Exordium","TheCity","TheBeyond","TheEnding"],"potions_floor_usage":[55,55,55,55],"damage_taken":[{"damage":9.0,"enemies":"Jaw Worm","floor":1.0,"turns":2.0},{"damage":0.0,"enemies":"Small Slimes","floor":2.0,"turns":3.0},{"damage":0.0,"enemies":"Cultist","floor":3.0,"turns":3.0},{"damage":1.0,"enemies":"Looter","floor":4.0,"turns":4.0},{"damage":0.0,"enemies":"Gremlin Gang","floor":5.0,"turns":2.0},{"damage":1.0,"enemies":"3 Sentries","floor":6.0,"turns":5.0},{"damage":0.0,"enemies":"2 Fungi Beasts","floor":8.0,"turns":2.0},{"damage":7.0,"enemies":"Lagavulin","floor":11.0,"turns":5.0},{"damage":0.0,"enemies":"3 Sentries","floor":12.0,"turns":3.0},{"damage":9.0,"enemies":"Lagavulin","floor":13.0,"turns":4.0},{"damage":1.0,"enemies":"3 Sentries","floor":14.0,"turns":6.0},{"damage":7.0,"enemies":"The Guardian","floor":16.0,"turns":12.0},{"damage":0.0,"enemies":"Chosen","floor":18.0,"turns":3.0},{"damage":0.0,"enemies":"Spheric Guardian","floor":19.0,"turns":1.0},{"damage":2.0,"enemies":"Snake Plant","floor":20.0,"turns":6.0},{"damage":13.0,"enemies":"Book of Stabbing","floor":23.0,"turns":5.0},{"damage":0.0,"enemies":"Shelled Parasite and Fungi","floor":24.0,"turns":9.0},{"damage":2.0,"enemies":"Slavers","floor":25.0,"turns":6.0},{"damage":6.0,"enemies":"Gremlin Leader","floor":28.0,"turns":4.0},{"damage":0.0,"enemies":"Snecko","floor":29.0,"turns":4.0},{"damage":0.0,"enemies":"3 Cultists","floor":30.0,"turns":6.0},{"damage":0.0,"enemies":"Slavers","floor":31.0,"turns":5.0},{"damage":14.0,"enemies":"Champ","floor":33.0,"turns":10.0},{"damage":0.0,"enemies":"Orb Walker","floor":35.0,"turns":1.0},{"damage":0.0,"enemies":"3 Shapes","floor":36.0,"turns":7.0},{"damage":13.0,"enemies":"Spire Growth","floor":38.0,"turns":5.0},{"damage":10.0,"enemies":"Giant Head","floor":40.0,"turns":9.0},{"damage":0.0,"enemies":"Transient","floor":42.0,"turns":5.0},{"damage":0.0,"enemies":"Reptomancer","floor":44.0,"turns":3.0},{"damage":10.0,"enemies":"Nemesis","floor":46.0,"turns":5.0},{"damage":0.0,"enemies":"2 Orb Walkers","floor":47.0,"turns":3.0},{"damage":12.0,"enemies":"hubris:GrandSnecko","floor":50.0,"turns":9.0},{"damage":0.0,"enemies":"Shield and Spear","floor":54.0,"turns":4.0},{"damage":38,"enemies":"The Heart","floor":55,"turns":8}],"seed_played":"458065496633481114","potions_obtained":[{"floor":4.0,"key":"AttackPotion"},{"floor":5.0,"key":"Explosive Potion"},{"floor":8.0,"key":"ColorlessPotion"},{"floor":14.0,"key":"Strength Potion"},{"floor":16.0,"key":"BloodPotion"},{"floor":18.0,"key":"SpeedPotion"},{"floor":23.0,"key":"Ancient Potion"},{"floor":24.0,"key":"LiquidBronze"},{"floor":33.0,"key":"Explosive Potion"},{"floor":35.0,"key":"PowerPotion"},{"floor":44.0,"key":"ColorlessPotion"},{"floor":48.0,"key":"HeartOfIron"}],"is_trial":false,"path_per_floor":["M","M","M","M","M","E","R","M","T","?","E","E","E","E","R","B",null,"M","M","M","$","?","E","M","E","T","R","E","M","M","E","R","B",null,"M","M","?","M","$","E","$","M","T","E","R","E","?","?","R","B",null,"R","$","E","B",null],"character_chosen":"IRONCLAD","items_purchased":["Mind Blast","Carnage","Lantern","Bag of Preparation","Flex","hubris:EmptyBottle","Secret Technique","Ice Cream","hubris:CleavingFinish","Perfected Strike","hubris:GlazedTorus","Rage","Pen Nib","Dropkick","Membership Card","Mercury Hourglass"],"campfire_rested":0,"item_purchase_floors":[0,0,0,0,0,0,0,0,0,0,21,21,39,39,41,53],"current_hp_per_floor":[21,27,33,38,49,64,64,70,70,70,74,75,74,77,77,76,77,81,85,85,85,85,82,90,95,95,95,95,99,103,107,107,103,109,115,119,108,101,101,119,119,121,121,121,121,117,121,121,121,121,121,121,121,121,89],"gold":56,"neow_bonus":"","is_daily":false,"chose_seed":false,"campfire_upgraded":6,"win_rate":0.0,"timestamp":1613524175,"path_taken":["M","M","M","M","M","E","R","M","T","?","E","E","E","E","R","BOSS","M","M","M","$","?","E","M","E","T","R","E","M","?","E","R","BOSS","M","M","?","?","$","E","$","M","T","E","R","E","?","?","R","BOSS","R","$","E","BOSS"],"items_purchased_type":["Card","Card","Relic","Relic","Card","Relic","Card","Relic","Card","Card","Relic","Card","Relic","Card","Relic","Relic"],"build_version":"2020-12-22","purchased_purges":0,"victory":true,"max_hp_per_floor":[75,75,75,75,75,75,75,75,75,75,75,75,77,77,77,77,77,81,85,85,85,85,89,91,95,95,95,95,99,103,107,107,111,111,115,119,119,119,119,119,119,121,121,121,121,121,121,121,121,121,121,121,121,121,121],"card_choices":[{"not_picked":["Anger","Pommel Strike"],"picked":"Ghostly Armor","floor":1.0},{"not_picked":["Warcry","Perfected Strike"],"picked":"Ghostly Armor","floor":2.0},{"not_picked":["Pommel Strike","Havoc"],"picked":"Rage","floor":3.0},{"not_picked":["hubris:SharpeningStone","Pommel Strike"],"picked":"Rage","floor":4.0},{"not_picked":["Rampage","Wild Strike"],"picked":"Armaments","floor":5.0},{"not_picked":["Wild Strike","Bludgeon"],"picked":"Shrug It Off","floor":6.0},{"not_picked":["Sentinel","Havoc"],"picked":"Flame Barrier","floor":8.0},{"not_picked":["Warcry","Battle Trance"],"picked":"Pommel Strike","floor":11.0},{"not_picked":["Dropkick","Entrench","Intimidate"],"picked":"Feed","floor":12.0},{"not_picked":["Disarm","Second Wind","Wild Strike","True Grit"],"picked":"Singing Bowl","floor":13.0},{"not_picked":["Blood for Blood","Flex","hubris:SharpeningStone"],"picked":"Exhume","floor":14.0},{"not_picked":["Berserk","Exhume","Immolate"],"picked":"Impervious","floor":16.0},{"not_picked":["Rage","Warcry","Heavy Blade"],"picked":"Sword Boomerang","floor":18.0},{"not_picked":["Clothesline+1","Shrug It Off","Clash"],"picked":"Heavy Blade+1","floor":19.0},{"not_picked":["Feel No Pain","True Grit+1","Havoc"],"picked":"Seeing Red","floor":20.0},{"not_picked":["Berserk","Rampage","Clothesline"],"picked":"Pommel Strike+1","floor":23.0},{"not_picked":["True Grit+1","Thunderclap","Combust","hubris:SharpeningStone"],"picked":"Singing Bowl","floor":24.0},{"not_picked":["Body Slam","Heavy Blade","Rage"],"picked":"Intimidate+1","floor":25.0},{"not_picked":["Battle Trance+1","Armaments+1","Anger"],"picked":"Impervious","floor":28.0},{"not_picked":["Clothesline","Perfected Strike","Feel No Pain"],"picked":"Flex+1","floor":29.0},{"not_picked":["Pommel Strike","Dropkick","Clothesline"],"picked":"Cleave+1","floor":30.0},{"not_picked":["Rampage","Body Slam","Sentinel"],"picked":"Dropkick","floor":31.0},{"not_picked":["Feed","Fiend Fire","Reaper"],"picked":"Juggernaut","floor":33.0},{"not_picked":["Flex+1","Anger","Wild Strike"],"picked":"Seeing Red+1","floor":35.0},{"not_picked":["Ghostly Armor+1","Armaments","Clash+1"],"picked":"Rage+1","floor":36.0},{"not_picked":["Headbutt","Burning Pact","Pummel"],"picked":"Armaments+1","floor":38.0},{"not_picked":["Heavy Blade","Twin Strike","Seeing Red"],"picked":"Battle Trance","floor":40.0},{"not_picked":["Brutality","Clothesline","Cleave+1","Headbutt+1"],"picked":"Singing Bowl","floor":42.0},{"not_picked":["Whirlwind+1","Wild Strike","Clothesline+1"],"picked":"Thunderclap","floor":44.0},{"not_picked":["Sword Boomerang","Armaments+1","hubris:ReadiedAction"],"picked":"Flex+1","floor":46.0},{"not_picked":["Intimidate","hubris:StunningStrike","Bloodletting+1"],"picked":"Inflame+1","floor":47.0},{"not_picked":["Fire Breathing","True Grit","Perfected Strike+1"],"picked":"Impervious","floor":54.0}],"player_experience":716254,"relics_obtained":[{"floor":6.0,"key":"Letter Opener"},{"floor":11.0,"key":"Question Card"},{"floor":12.0,"key":"Singing Bowl"},{"floor":13.0,"key":"hubris:BottledRain"},{"floor":14.0,"key":"hubris:ToyBattleship"},{"floor":23.0,"key":"hubris:DuctTape"},{"floor":25.0,"key":"Vajra"},{"floor":26.0,"key":"Bottled Flame"},{"floor":28.0,"key":"FossilizedHelix"},{"floor":31.0,"key":"War Paint"},{"floor":40.0,"key":"Juzu Bracelet"},{"floor":43.0,"key":"Happy Flower"},{"floor":44.0,"key":"hubris:SlimyHat"},{"floor":46.0,"key":"hubris:Reverence"},{"floor":47.0,"key":"Champion Belt"},{"floor":54.0,"key":"Self Forming Clay"}],"event_choices":[{"damage_healed":0.0,"max_hp_gain":0.0,"max_hp_loss":0.0,"gold_gain":0.0,"event_name":"Living Wall","player_choice":"Grow","floor":10.0,"gold_loss":0.0,"damage_taken":0.0,"cards_upgraded":["Shockwave"]},{"damage_healed":0.0,"max_hp_gain":0.0,"max_hp_loss":0.0,"gold_gain":0.0,"event_name":"The Joust","player_choice":"Bet on Murderer","floor":22.0,"gold_loss":50.0,"damage_taken":0.0},{"damage_healed":0.0,"max_hp_gain":0.0,"max_hp_loss":0.0,"gold_gain":0.0,"event_name":"Wheel of Change","player_choice":"Damaged","floor":37.0,"gold_loss":0.0,"damage_taken":11.0},{"damage_healed":0.0,"max_hp_gain":0.0,"max_hp_loss":0.0,"gold_gain":0.0,"event_name":"Mysterious Sphere","player_choice":"Fight","floor":47.0,"gold_loss":0.0,"damage_taken":0.0},{"damage_healed":0.0,"max_hp_gain":0.0,"max_hp_loss":0.0,"gold_gain":0.0,"event_name":"Lab","player_choice":"Got Potions","floor":48.0,"gold_loss":0.0,"damage_taken":0.0}],"is_beta":false,"boss_relics":[{"not_picked":["Black Blood","Busted Crown"],"picked":"Mark of Pain"},{"not_picked":["Empty Cage","Tiny House"],"picked":"hubris:GrandSneckoEye"}],"items_purged_floors":[],"is_endless":false,"potions_floor_spawned":[4,5,8,14,16,18,23,24,33,35,38,44],"ascension_level":10}}