{"host":"c6xy0a74zz7y4nf6","time":1613602861,"event":{"mods":["BaseMod","Colored Map","Googly Eyes","Minty Spire (QoL Compilation)","StSLib","The Death Knight","The Exalted"],"gold_per_floor":[113,113,38,38,52,86,86,86,86],"floor_reached":8,"language":"ENG","playtime":307,"items_purged":["DeathKnight:Strike_DeathKnight"],"score":57,"play_id":"9757d58e-934d-4b80-83d9-4bc0e34a98eb","local_time":"20210217170101","is_ascension_mode":true,"campfire_choices":[{"floor":7,"key":"REST"}],"circlet_count":0,"master_deck":["DeathKnight:Strike_DeathKnight","DeathKnight:Strike_DeathKnight","DeathKnight:Strike_DeathKnight","DeathKnight:Strike_DeathKnight","DeathKnight:Defend_DeathKnight","DeathKnight:Defend_DeathKnight","DeathKnight:Defend_DeathKnight","DeathKnight:Defend_DeathKnight","DeathKnight:Defend_DeathKnight","DeathKnight:RuneTap","DeathKnight:RuneStrike","Regret","DeathKnight:HowlingBlast"],"relics":["DeathKnight:BrokenRuneblade","Tiny Chest","DeathKnight:PreciousRibbon","Anchor"],"acts_visited":["Exordium"],"potions_floor_usage":[6],"damage_taken":[{"damage":5,"enemies":"Small Slimes","floor":1,"turns":3},{"damage":5,"enemies":"Jaw Worm","floor":5,"turns":5},{"damage":55,"enemies":"Lagavulin","floor":6,"turns":11},{"damage":46,"enemies":"Gremlin Nob","floor":8,"turns":4}],"seed_played":"-1139969063591318854","potions_obtained":[{"floor":5,"key":"LiquidBronze"}],"is_trial":false,"path_per_floor":["M","?","$","?","M","E","R","E"],"character_chosen":"DEATH_KNIGHT","items_purchased":[],"campfire_rested":1,"item_purchase_floors":[],"current_hp_per_floor":[70,70,70,70,65,10,32,0,0],"gold":86,"neow_bonus":"RANDOM_COMMON_RELIC","is_daily":false,"chose_seed":false,"campfire_upgraded":0,"win_rate":0.0,"timestamp":1613602861,"path_taken":["M","?","$","?","M","E","R","E"],"items_purchased_type":[],"build_version":"2020-12-22","purchased_purges":1,"victory":false,"max_hp_per_floor":[75,75,75,75,75,75,75,75,75],"card_choices":[{"not_picked":["DeathKnight:Ossuary","DeathKnight:Marrowrend","DeathKnight:DarkSuccor"],"picked":"SKIP","floor":1},{"not_picked":["DeathKnight:MutagenicPlague","DeathKnight:PillarOfFrost","DeathKnight:DarkSuccor"],"picked":"SKIP","floor":5},{"not_picked":["DeathKnight:Obliterate","DeathKnight:ShatteringStrikes"],"picked":"DeathKnight:HowlingBlast","floor":6}],"player_experience":118676,"relics_obtained":[{"floor":6,"key":"Anchor"}],"event_choices":[{"damage_healed":0,"gold_gain":0,"player_choice":"Ignored","damage_taken":0,"max_hp_gain":0,"max_hp_loss":0,"event_name":"Shining Light","floor":2,"gold_loss":0},{"damage_healed":0,"gold_gain":0,"player_choice":"Box","damage_taken":0,"relics_obtained":["DeathKnight:PreciousRibbon"],"max_hp_gain":0,"max_hp_loss":0,"event_name":"Big Fish","floor":4,"gold_loss":0,"cards_obtained":["Regret"]}],"is_beta":false,"boss_relics":[],"items_purged_floors":[3],"is_endless":false,"potions_floor_spawned":[5],"killed_by":"Gremlin Nob","ascension_level":1}}