{"host":"5raohst9sk3kvp5v","time":1613541046,"event":{"mods":["BaseMod","Colored Powertips","Highlight Path","Minty Spire (QoL Compilation)","Quick Restart","Relic Stats","StSLib"],"gold_per_floor":[110,260,335,335,349,349,349,392,392,317,317,358,18,54,54,54,54],"floor_reached":16,"language":"ENG","playtime":569,"items_purged":["Strike_R"],"score":271,"play_id":"61791650-165e-42d3-b48b-fe31a3611ec6","local_time":"20210216235046","is_ascension_mode":true,"campfire_choices":[{"data":"Flame Barrier","floor":6.0,"key":"SMITH"},{"data":"Clothesline","floor":11.0,"key":"SMITH"},{"floor":15,"key":"REST"}],"circlet_count":0,"master_deck":["AscendersBane","Strike_R","Strike_R","Strike_R","Defend_R","Defend_R","Defend_R","Defend_R","Bash","Clothesline+1","Flame Barrier+1","Feel No Pain","Whirlwind","Inflame","True Grit","Intimidate"],"relics":["Burning Blood","NeowsBlessing","Golden Idol","HornCleat","Bottled Flame","TheAbacus","Paper Frog"],"acts_visited":["Exordium"],"potions_floor_usage":[],"damage_taken":[{"damage":0.0,"enemies":"2 Louse","floor":1.0,"turns":1.0},{"damage":0.0,"enemies":"Small Slimes","floor":5.0,"turns":1.0},{"damage":0.0,"enemies":"Lagavulin","floor":8.0,"turns":1.0},{"damage":15.0,"enemies":"3 Sentries","floor":12.0,"turns":15.0},{"damage":23.0,"enemies":"Gremlin Nob","floor":14.0,"turns":5.0},{"damage":42,"enemies":"Hexaghost","floor":16,"turns":11}],"seed_played":"1160579823884430042","potions_obtained":[{"floor":5.0,"key":"DuplicationPotion"},{"floor":14.0,"key":"Explosive Potion"}],"is_trial":false,"path_per_floor":["M","?","?","?","M","R","?","E","T","?","R","E","$","E","R","B"],"character_chosen":"IRONCLAD","items_purchased":["Inflame","True Grit","TheAbacus"],"campfire_rested":1,"item_purchase_floors":[13,13,13],"current_hp_per_floor":[74,74,63,37,43,43,36,42,42,42,42,33,33,16,38,0,0],"gold":54,"neow_bonus":"THREE_ENEMY_KILL","is_daily":false,"chose_seed":false,"campfire_upgraded":2,"win_rate":0.0,"timestamp":1613541046,"path_taken":["M","?","?","?","M","R","?","E","T","?","R","E","$","E","R","BOSS"],"items_purchased_type":["Card","Card","Relic"],"build_version":"2020-12-22","purchased_purges":1,"victory":false,"max_hp_per_floor":[75,75,75,75,75,75,75,75,75,75,75,75,75,75,75,75,75],"relic_stats":{"TheAbacus":[24],"counters":[6,34],"Golden Idol":27,"obtain_stats":[{"Bottled Flame":12,"HornCleat":8,"TheAbacus":13,"NeowsBlessing":0,"Golden Idol":4,"Burning Blood":0,"Paper Frog":14},{"Bottled Flame":4,"HornCleat":3,"TheAbacus":4,"NeowsBlessing":0,"Golden Idol":1,"Burning Blood":0,"Paper Frog":5},{"Bottled Flame":18,"HornCleat":3,"TheAbacus":18,"NeowsBlessing":0,"Golden Idol":1,"Burning Blood":0,"Paper Frog":23}],"Burning Blood":30},"card_choices":[{"not_picked":["Havoc","Sword Boomerang"],"picked":"Clothesline","floor":1.0},{"not_picked":["Shrug It Off","Clothesline"],"picked":"Flame Barrier","floor":5.0},{"not_picked":["Second Wind","Anger"],"picked":"Feel No Pain","floor":8.0},{"not_picked":["Spot Weakness","Evolve"],"picked":"Whirlwind","floor":12.0},{"not_picked":["Shrug It Off","Cleave"],"picked":"Intimidate","floor":14.0}],"player_experience":1736428,"relics_obtained":[{"floor":8.0,"key":"HornCleat"},{"floor":12.0,"key":"Bottled Flame"},{"floor":14.0,"key":"Paper Frog"}],"event_choices":[{"damage_healed":0.0,"max_hp_gain":0.0,"max_hp_loss":0.0,"gold_gain":150.0,"event_name":"Liars Game","player_choice":"AGREE","floor":2.0,"gold_loss":0.0,"damage_taken":0.0,"cards_obtained":["Doubt"]},{"damage_healed":0.0,"max_hp_gain":0.0,"max_hp_loss":0.0,"gold_gain":75.0,"event_name":"World of Goop","player_choice":"Gather Gold","floor":3.0,"gold_loss":0.0,"damage_taken":11.0},{"damage_healed":0.0,"max_hp_gain":0.0,"max_hp_loss":0.0,"gold_gain":0.0,"event_name":"Golden Idol","player_choice":"Take Damage","floor":4.0,"gold_loss":0.0,"damage_taken":26.0,"relics_obtained":["Golden Idol"]},{"cards_removed":["Doubt"],"damage_healed":0.0,"max_hp_gain":0.0,"max_hp_loss":0.0,"gold_gain":0.0,"event_name":"Golden Wing","player_choice":"Card Removal","floor":7.0,"gold_loss":0.0,"damage_taken":7.0},{"cards_removed":["Strike_R"],"damage_healed":0.0,"max_hp_gain":0.0,"max_hp_loss":0.0,"gold_gain":0.0,"event_name":"The Cleric","player_choice":"Card Removal","floor":10.0,"gold_loss":75.0,"damage_taken":0.0}],"is_beta":false,"boss_relics":[],"items_purged_floors":[13],"is_endless":false,"potions_floor_spawned":[5,14],"killed_by":"Hexaghost","ascension_level":19}}