{"host":"x52zk6e1f2bye2h7","time":1613562337,"event":{"mods":["AchievementEnabler","BaseMod","Highlight Path","Minty Spire (QoL Compilation)","everything is the same but u backflip on backflip"],"gold_per_floor":[117,192,50,50,68,96,73,73,73,108,108,133,160,175,175,280,280,295,141,155,165,115,115,147,158,158,184,184,210,226,243,243,340,340,352,371,388,133,149,149,1,34,58,74,37,55,85,105,105,105,105,105,2,30,30,30],"floor_reached":55,"language":"ENG","playtime":2939,"items_purged":["Strike_P","Defend_P"],"score":899,"play_id":"f94e62f0-9269-43bd-a92a-da0fab0bdaae","local_time":"20210217114537","is_ascension_mode":true,"campfire_choices":[{"data":"MentalFortress","floor":11,"key":"SMITH"},{"data":"MentalFortress","floor":15,"key":"SMITH"},{"floor":23,"key":"RECALL"},{"floor":28,"key":"REST"},{"floor":32,"key":"REST"},{"data":"Eruption","floor":40,"key":"SMITH"},{"floor":49,"key":"REST"},{"data":"MentalFortress","floor":52,"key":"SMITH"}],"circlet_count":0,"master_deck":["Strike_P+1","Strike_P+1","Strike_P+1","Eruption+1","Vigilance+1","FollowUp+1","MentalFortress+1","ReachHeaven+1","Adaptation+1","EmptyFist","Crescendo+1","ClearTheMind+1","MentalFortress+1","LessonLearned+1","FlurryOfBlows+1","Crescendo+1","FlurryOfBlows","CutThroughFate+1","DeusExMachina","EmptyFist+1","ClearTheMind+1","EmptyBody+1","WheelKick+1","FlurryOfBlows+1","FearNoEvil+1","FlurryOfBlows+1","MentalFortress+1","FlurryOfBlows+1"],"relics":["PureWater","NeowsBlessing","Mummified Hand","Pantograph","Sundial","Art of War","Bronze Scales","Empty Cage","HandDrill","Strawberry","Molten Egg 2","Orichalcum","VioletLotus","Nunchaku","DollysMirror","Akabeko","Damaru","Bag of Marbles","Boot"],"acts_visited":["Exordium","TheCity","TheBeyond","TheEnding"],"potions_floor_usage":[10,10,16,24,25,27,29,39,44,48,50,54],"damage_taken":[{"damage":0,"enemies":"Small Slimes","floor":1,"turns":1},{"damage":0,"enemies":"2 Louse","floor":5,"turns":1},{"damage":0,"enemies":"Gremlin Nob","floor":6,"turns":1},{"damage":16,"enemies":"Lagavulin","floor":10,"turns":5},{"damage":0,"enemies":"3 Sentries","floor":12,"turns":4},{"damage":0,"enemies":"Jaw Worm","floor":14,"turns":2},{"damage":5,"enemies":"Hexaghost","floor":16,"turns":6},{"damage":0,"enemies":"Spheric Guardian","floor":18,"turns":3},{"damage":20,"enemies":"2 Thieves","floor":20,"turns":3},{"damage":0,"enemies":"3 Cultists","floor":21,"turns":4},{"damage":19,"enemies":"Gremlin Leader","floor":24,"turns":4},{"damage":9,"enemies":"Snake Plant","floor":25,"turns":3},{"damage":8,"enemies":"Book of Stabbing","floor":27,"turns":4},{"damage":3,"enemies":"Gremlin Leader","floor":29,"turns":7},{"damage":0,"enemies":"Centurion and Healer","floor":30,"turns":2},{"damage":10,"enemies":"Snecko","floor":31,"turns":4},{"damage":8,"enemies":"Automaton","floor":33,"turns":8},{"damage":5,"enemies":"3 Darklings","floor":35,"turns":3},{"damage":37,"enemies":"Orb Walker","floor":36,"turns":4},{"damage":9,"enemies":"Transient","floor":37,"turns":5},{"damage":4,"enemies":"3 Darklings","floor":39,"turns":2},{"damage":0,"enemies":"Giant Head","floor":42,"turns":6},{"damage":4,"enemies":"Sphere and 2 Shapes","floor":44,"turns":3},{"damage":0,"enemies":"Transient","floor":46,"turns":5},{"damage":2,"enemies":"Reptomancer","floor":47,"turns":4},{"damage":4,"enemies":"Spire Growth","floor":48,"turns":2},{"damage":18,"enemies":"Donu and Deca","floor":50,"turns":5},{"damage":69,"enemies":"Shield and Spear","floor":54,"turns":5},{"damage":38,"enemies":"The Heart","floor":55,"turns":2}],"seed_played":"-4872994160831313568","potions_obtained":[{"floor":5,"key":"ColorlessPotion"},{"floor":6,"key":"StancePotion"},{"floor":12,"key":"Strength Potion"},{"floor":14,"key":"DistilledChaos"},{"floor":18,"key":"AttackPotion"},{"floor":21,"key":"Strength Potion"},{"floor":24,"key":"Block Potion"},{"floor":25,"key":"Weak Potion"},{"floor":36,"key":"DistilledChaos"},{"floor":39,"key":"AttackPotion"},{"floor":42,"key":"Block Potion"},{"floor":46,"key":"ColorlessPotion"}],"is_trial":false,"path_per_floor":["M","?","$","?","M","E","$","?","T","E","R","E","T","M","R","B",null,"M","$","M","M","?","R","E","M","T","E","R","E","M","M","R","B",null,"M","M","M","$","M","R","$","E","T","M","$","M","E","M","R","B",null,"R","$","E","B"],"character_chosen":"WATCHER","items_purchased":["MentalFortress","EmptyFist","HandDrill","Nunchaku","DollysMirror","FearNoEvil+1","SteroidPotion","FlurryOfBlows+1"],"campfire_rested":3,"item_purchase_floors":[3,7,19,38,41,45,53,53],"current_hp_per_floor":[72,61,61,61,61,61,61,47,47,31,31,31,31,31,31,51,72,72,72,52,52,52,52,40,31,31,23,46,43,43,33,56,71,79,74,37,28,28,24,24,24,24,24,20,20,20,18,14,37,44,79,79,79,10,0,0],"gold":30,"neow_bonus":"THREE_ENEMY_KILL","is_daily":false,"chose_seed":false,"campfire_upgraded":4,"win_rate":0.0,"timestamp":1613562337,"path_taken":["M","?","$","?","M","E","$","?","T","E","R","E","?","M","R","BOSS","M","$","?","M","?","R","E","M","T","E","R","E","M","M","R","BOSS","M","?","M","$","M","R","$","E","T","M","$","M","E","M","R","BOSS","R","$","E","BOSS"],"items_purchased_type":["Card","Card","Relic","Relic","Relic","Card","Potion","Card"],"build_version":"2020-12-22","purchased_purges":2,"victory":false,"max_hp_per_floor":[72,72,72,72,72,72,72,72,72,72,72,72,72,72,72,72,72,72,72,72,72,72,72,79,79,79,79,79,79,79,79,79,79,79,79,79,79,79,79,79,79,79,79,79,79,79,79,79,79,79,79,79,79,79,79,79],"card_choices":[{"not_picked":["Indignation","BowlingBash"],"picked":"FollowUp","floor":1},{"not_picked":["Tantrum","SashWhip","Perseverance"],"picked":"SKIP","floor":5},{"not_picked":["EmptyBody","Crescendo"],"picked":"Adaptation","floor":6},{"not_picked":["Sanctity","DeceiveReality"],"picked":"Crescendo","floor":10},{"not_picked":["Vault","Crescendo"],"picked":"ClearTheMind","floor":12},{"not_picked":["Prostrate","WaveOfTheHand"],"picked":"MentalFortress","floor":14},{"not_picked":["SpiritShield","DevaForm"],"picked":"LessonLearned","floor":16},{"not_picked":["Crescendo","EmptyFist+1"],"picked":"FlurryOfBlows+1","floor":18},{"not_picked":["Prostrate","ThirdEye"],"picked":"Crescendo+1","floor":20},{"not_picked":["SignatureMove+1","PathToVictory","SpiritShield"],"picked":"SKIP","floor":21},{"not_picked":["FearNoEvil","MasterReality","Consecrate+1"],"picked":"SKIP","floor":24},{"not_picked":["CutThroughFate","WheelKick+1"],"picked":"FlurryOfBlows","floor":25},{"not_picked":["DevaForm","ThirdEye","JustLucky+1"],"picked":"SKIP","floor":27},{"not_picked":["ThirdEye","FollowUp+1"],"picked":"CutThroughFate+1","floor":29},{"not_picked":["PathToVictory+1","SandsOfTime+1","Wallop+1"],"picked":"SKIP","floor":30},{"not_picked":["SandsOfTime+1","PathToVictory","Conclude+1"],"picked":"SKIP","floor":31},{"not_picked":["LessonLearned+1","Ragnarok+1"],"picked":"DeusExMachina","floor":33},{"not_picked":["JustLucky+1","Crescendo"],"picked":"EmptyFist+1","floor":35},{"not_picked":["Prostrate+1","Meditate"],"picked":"ClearTheMind+1","floor":36},{"not_picked":["Prostrate","Wireheading+1"],"picked":"EmptyBody","floor":37},{"not_picked":["EmptyBody+1","Swivel"],"picked":"WheelKick+1","floor":39},{"not_picked":["Study","Judgement","CrushJoints+1"],"picked":"SKIP","floor":42},{"not_picked":["FollowUp+1","Evaluate+1","Swivel+1"],"picked":"SKIP","floor":44},{"not_picked":["Consecrate+1","FearNoEvil+1","Halt+1"],"picked":"SKIP","floor":46},{"not_picked":["WindmillStrike+1","PathToVictory"],"picked":"FlurryOfBlows+1","floor":47},{"not_picked":["Consecrate+1","ThirdEye+1"],"picked":"MentalFortress","floor":48},{"not_picked":["SignatureMove+1","Sanctity","Study+1"],"picked":"SKIP","floor":54}],"player_experience":129575,"relics_obtained":[{"floor":6,"key":"Mummified Hand"},{"floor":9,"key":"Pantograph"},{"floor":10,"key":"Sundial"},{"floor":12,"key":"Art of War"},{"floor":13,"key":"Bronze Scales"},{"floor":24,"key":"Strawberry"},{"floor":27,"key":"Molten Egg 2"},{"floor":29,"key":"Orichalcum"},{"floor":42,"key":"Akabeko"},{"floor":43,"key":"Damaru"},{"floor":47,"key":"Bag of Marbles"},{"floor":54,"key":"Boot"}],"event_choices":[{"damage_healed":0,"gold_gain":75,"player_choice":"Gather Gold","damage_taken":11,"max_hp_gain":0,"max_hp_loss":0,"event_name":"World of Goop","floor":2,"gold_loss":0},{"damage_healed":0,"gold_gain":0,"cards_transformed":["Defend_P"],"player_choice":"Change","damage_taken":0,"max_hp_gain":0,"max_hp_loss":0,"event_name":"Living Wall","floor":4,"gold_loss":0,"cards_obtained":["ReachHeaven"]},{"damage_healed":0,"gold_gain":0,"player_choice":"Entered Light","damage_taken":14,"max_hp_gain":0,"max_hp_loss":0,"event_name":"Shining Light","floor":8,"gold_loss":0,"cards_upgraded":["FollowUp","Strike_P"]},{"damage_healed":0,"gold_gain":0,"player_choice":"Bet on Murderer","damage_taken":0,"max_hp_gain":0,"max_hp_loss":0,"event_name":"The Joust","floor":22,"gold_loss":50}],"is_beta":false,"boss_relics":[{"not_picked":["SacredBark","Coffee Dripper"],"picked":"Empty Cage"},{"not_picked":["Pandora\u0027s Box","Astrolabe"],"picked":"VioletLotus"}],"items_purged_floors":[3,38],"is_endless":false,"potions_floor_spawned":[5,6,12,14,18,21,24,25,36,39,42,46],"killed_by":"The Heart","ascension_level":1}}