{"host":"id1lehtnb7dzklac","time":1613572586,"event":{"mods":["AchievementEnabler","BaseMod","Bestiary","Block Reminder","Colored Map","Highlight Path","Minty Spire (QoL Compilation)","Permanent Neow","Quick Restart","Random Character Button","StSLib","slay the spire mod where everything is the same but ironclad has a cowboy hat"],"gold_per_floor":[116,127,138,158,5,35,48,77,101,118,43,43,57,87,87,184,184,195,206,225,125,143,143,174,187,213,244,260,260,260,293,293,293,293],"floor_reached":33,"language":"ENG","playtime":1845,"items_purged":["Strike_P","Strike_P"],"score":426,"play_id":"3356f9f6-47d8-4216-a8b5-1a49eccdad4f","local_time":"20210217223626","is_ascension_mode":true,"campfire_choices":[{"data":"TalkToTheHand","floor":12.0,"key":"SMITH"},{"data":"TalkToTheHand","floor":15.0,"key":"SMITH"},{"data":"EmptyFist","floor":23.0,"key":"SMITH"},{"data":"CutThroughFate","floor":29.0,"key":"SMITH"},{"data":"Scrawl","floor":32.0,"key":"SMITH"}],"circlet_count":0,"master_deck":["Strike_P","Strike_P","Defend_P","Defend_P","Defend_P","Defend_P","Eruption","Vigilance","BowlingBash","CrushJoints","TalkToTheHand+1","BowlingBash","TalkToTheHand+1","Vault","Protect","FlurryOfBlows","CutThroughFate+1","EmptyFist+1","Scrawl+1","FlurryOfBlows","Tantrum+1"],"relics":["Sozu","DollysMirror","Tiny Chest","Letter Opener","Pen Nib","Nunchaku","Black Star","Damaru","Thread and Needle","Blood Vial","Blue Candle","Ornamental Fan","Bronze Scales","Vajra"],"acts_visited":["Exordium","TheCity"],"potions_floor_usage":[],"damage_taken":[{"damage":0.0,"enemies":"Cultist","floor":1.0,"turns":4.0},{"damage":2.0,"enemies":"Small Slimes","floor":2.0,"turns":3.0},{"damage":6.0,"enemies":"Jaw Worm","floor":3.0,"turns":3.0},{"damage":3.0,"enemies":"Exordium Thugs","floor":4.0,"turns":4.0},{"damage":17.0,"enemies":"Lagavulin","floor":6.0,"turns":6.0},{"damage":0.0,"enemies":"Gremlin Gang","floor":7.0,"turns":4.0},{"damage":3.0,"enemies":"3 Sentries","floor":8.0,"turns":7.0},{"damage":0.0,"enemies":"Exordium Wildlife","floor":10.0,"turns":2.0},{"damage":0.0,"enemies":"Exordium Thugs","floor":13.0,"turns":4.0},{"damage":0.0,"enemies":"Lagavulin","floor":14.0,"turns":4.0},{"damage":0.0,"enemies":"Slime Boss","floor":16.0,"turns":6.0},{"damage":0.0,"enemies":"Chosen","floor":18.0,"turns":4.0},{"damage":0.0,"enemies":"Spheric Guardian","floor":19.0,"turns":3.0},{"damage":0.0,"enemies":"3 Cultists","floor":20.0,"turns":4.0},{"damage":3.0,"enemies":"Snake Plant","floor":22.0,"turns":5.0},{"damage":27.0,"enemies":"Gremlin Leader","floor":24.0,"turns":4.0},{"damage":0.0,"enemies":"Shelled Parasite and Fungi","floor":25.0,"turns":5.0},{"damage":1.0,"enemies":"Slavers","floor":27.0,"turns":5.0},{"damage":0.0,"enemies":"Centurion and Healer","floor":28.0,"turns":4.0},{"damage":9.0,"enemies":"Book of Stabbing","floor":31.0,"turns":4.0},{"damage":0,"enemies":"Automaton","floor":33,"turns":7}],"seed_played":"-8391178688366620618","potions_obtained":[],"is_trial":false,"path_per_floor":["M","M","M","M","$","E","M","E","T","M","$","R","M","E","R","B",null,"M","M","M","$","M","R","E","M","T","E","M","R","T","E","R","B"],"character_chosen":"WATCHER","items_purchased":["DollysMirror"],"campfire_rested":0,"item_purchase_floors":[5],"current_hp_per_floor":[72,70,64,61,61,44,44,41,41,41,41,41,41,41,41,41,72,72,72,72,72,69,69,42,42,42,41,43,43,43,36,36,38,38],"gold":293,"neow_bonus":"BOSS_RELIC","is_daily":false,"chose_seed":false,"campfire_upgraded":5,"win_rate":0.0,"timestamp":1613572586,"path_taken":["M","M","M","M","$","E","M","E","T","?","?","R","M","E","R","BOSS","M","M","M","$","M","R","E","M","T","E","?","R","?","E","R","BOSS"],"items_purchased_type":["Relic"],"build_version":"2020-12-22","purchased_purges":2,"victory":false,"max_hp_per_floor":[72,72,72,72,72,72,72,72,72,72,72,72,72,72,72,72,72,72,72,72,72,72,72,72,72,72,72,72,72,72,72,72,72,72],"card_choices":[{"not_picked":["EmptyBody","BattleHymn"],"picked":"BowlingBash","floor":1.0},{"not_picked":["Protect","Swivel"],"picked":"CrushJoints","floor":2.0},{"not_picked":["WheelKick","ThirdEye"],"picked":"TalkToTheHand","floor":3.0},{"not_picked":["EmptyBody","Halt"],"picked":"BowlingBash","floor":4.0},{"not_picked":["Pray","FlurryOfBlows"],"picked":"Vault","floor":6.0},{"not_picked":["Consecrate","LikeWater","JustLucky"],"picked":"SKIP","floor":7.0},{"not_picked":["ThirdEye","ConjureBlade"],"picked":"Protect","floor":8.0},{"not_picked":["ThirdEye","Swivel"],"picked":"FlurryOfBlows","floor":10.0},{"not_picked":["DeceiveReality","CrushJoints"],"picked":"CutThroughFate","floor":13.0},{"not_picked":["ForeignInfluence","FollowUp"],"picked":"EmptyFist","floor":14.0},{"not_picked":["Blasphemy","Establishment"],"picked":"Scrawl","floor":16.0},{"not_picked":["FlyingSleeves","PathToVictory"],"picked":"FlurryOfBlows","floor":18.0},{"not_picked":["Halt","BowlingBash","Study+1"],"picked":"SKIP","floor":19.0},{"not_picked":["FollowUp","CutThroughFate","PathToVictory+1"],"picked":"SKIP","floor":20.0},{"not_picked":["WreathOfFlame","FollowUp","EmptyFist"],"picked":"SKIP","floor":22.0},{"not_picked":["Vengeance+1","ThirdEye","Protect+1"],"picked":"SKIP","floor":24.0},{"not_picked":["ForeignInfluence","Protect","FlyingSleeves+1"],"picked":"SKIP","floor":25.0},{"not_picked":["CutThroughFate","Meditate"],"picked":"Tantrum+1","floor":27.0},{"not_picked":["Protect","CrushJoints","Meditate"],"picked":"SKIP","floor":28.0},{"not_picked":["CrushJoints+1","Establishment","Prostrate"],"picked":"SKIP","floor":31.0}],"player_experience":251639,"relics_obtained":[{"floor":6.0,"key":"Tiny Chest"},{"floor":8.0,"key":"Letter Opener"},{"floor":9.0,"key":"Pen Nib"},{"floor":14.0,"key":"Nunchaku"},{"floor":24.0,"key":"Damaru"},{"floor":24.0,"key":"Thread and Needle"},{"floor":27.0,"key":"Blood Vial"},{"floor":27.0,"key":"Blue Candle"},{"floor":30.0,"key":"Ornamental Fan"},{"floor":31.0,"key":"Bronze Scales"},{"floor":31.0,"key":"Vajra"}],"event_choices":[],"is_beta":false,"boss_relics":[{"not_picked":["Tiny House","Runic Dome"],"picked":"Black Star"}],"items_purged_floors":[11,21],"is_endless":false,"potions_floor_spawned":[3,6,8,16,18,24,25,28,31],"killed_by":"Automaton","ascension_level":1}}