{"host":"3z9xbwjeimmg738z","time":1613534741,"event":{"mods":["100% Spire Juice","2.2 Compatiblity","Act Like it!","AlwaysNeverKeys","Bard","BaseMod","Beaked The Cultist","Better Altar","Better Match","Better Note","Better Sensory Stone","Better Skull","Better Synergies","Better Third Choice","CapriCore","Colored Powertips","Defuse TimeMaze Blight","Dio Mod","Displayed Cursed Tome","Emptier Cage","Faster Ascension Climbing","GifTheSpireLib","Minty Spire (QoL Compilation)","Permanent Neow","Replay The Spire","Ruina","StSLib","The Showman","TheBandit","Uncapped"],"gold_per_floor":[118,118,137,154,34,63,83,83,83],"floor_reached":8,"language":"ENG","playtime":723,"items_purged":[],"score":61,"play_id":"0b4ad3dc-2eca-4222-a019-1438bdc357e6","local_time":"20210216200541","daily_mods":["ControlledChaos"],"is_ascension_mode":true,"campfire_choices":[],"circlet_count":0,"master_deck":["Moonworks:Strike","Moonworks:Strike+1","Moonworks:Strike+1","Moonworks:Strike","Moonworks:Defend","Moonworks:Defend","Moonworks:Defend","Moonworks:Defend","Moonworks:Ambush","Moonworks:LongDistanceShot","Moonworks:CookingTime+1","Moonworks:EvilSpyWorkPreparation","Moonworks:NicePresent"],"relics":["Moonworks:BrokenBomb","Moonworks:Homemark","Frozen Eye","Replay:Rubber Ducky"],"acts_visited":["Exordium"],"potions_floor_usage":[],"damage_taken":[{"damage":21,"enemies":"Cultist","floor":1,"turns":5},{"damage":0,"enemies":"Small Slimes","floor":3,"turns":4},{"damage":3,"enemies":"Jaw Worm","floor":4,"turns":3},{"damage":13,"enemies":"Lagavulin","floor":6,"turns":9},{"damage":7,"enemies":"Exordium Thugs","floor":7,"turns":6},{"damage":1022,"enemies":"Replay:BlueRogue","floor":8,"turns":4}],"seed_played":"-2370614524397051882","potions_obtained":[{"floor":1,"key":"Weak Potion"},{"floor":6,"key":"Weak Potion"},{"floor":7,"key":"Toxic Potion"}],"is_trial":true,"path_per_floor":["M","?","M","M","?","E","M","E"],"character_chosen":"THE_STARBREAKER","items_purchased":[],"campfire_rested":0,"item_purchase_floors":[],"current_hp_per_floor":[39,27,32,32,32,24,22,0,0],"gold":83,"neow_bonus":"","is_daily":false,"chose_seed":false,"campfire_upgraded":0,"win_rate":0.0,"timestamp":1613534741,"path_taken":["M","?","M","M","?","E","?","E"],"items_purchased_type":[],"build_version":"2020-12-22","purchased_purges":0,"victory":false,"max_hp_per_floor":[60,60,60,60,60,60,60,60,60],"card_choices":[{"not_picked":["Moonworks:JonathanRush","Moonworks:IndiscriminateFireSupport"],"picked":"Moonworks:CookingTime","floor":1},{"not_picked":["Moonworks:LulusLuckyEgg","Moonworks:BigBangBell"],"picked":"Moonworks:EvilSpyWorkPreparation","floor":3},{"not_picked":["Moonworks:BigMagnum","Moonworks:Assault"],"picked":"Moonworks:NicePresent","floor":4},{"not_picked":["Moonworks:AngelHand","Moonworks:AwakeningOfTalent","Moonworks:BigMagnum"],"picked":"SKIP","floor":6},{"not_picked":["Moonworks:ImOnFire","Moonworks:IndiscriminateFireSupport","Moonworks:Dash"],"picked":"SKIP","floor":7}],"player_experience":189004,"relics_obtained":[{"floor":6,"key":"Replay:Rubber Ducky"}],"event_choices":[{"damage_healed":39,"gold_gain":0,"player_choice":"Upgrade","damage_taken":12,"max_hp_gain":0,"max_hp_loss":60,"event_name":"betterThird:BetterShining","floor":2,"gold_loss":0,"cards_upgraded":["Moonworks:Strike","Moonworks:Strike"]},{"damage_healed":0,"gold_gain":0,"player_choice":"Grow","damage_taken":0,"max_hp_gain":0,"max_hp_loss":0,"event_name":"Living Wall","floor":5,"gold_loss":0,"cards_upgraded":["Moonworks:CookingTime"]}],"is_beta":false,"boss_relics":[],"items_purged_floors":[],"is_endless":false,"potions_floor_spawned":[1,6,7],"killed_by":"Replay:BlueRogue","ascension_level":1}}