{"host":"mhzgc0zma59jtmoj","time":1613545838,"event":{"mods":["BaseMod","BetterRewards","Custom Start","Glutton Mod","Ironclad Rager","Minty Spire (QoL Compilation)","Replay The Spire","Somnambulant","StSLib","The Cursed","The Hierophant","The Jungle","Treasure Hunter"],"gold_per_floor":[16,16,191,266,283,313,53,82,108,134,134,34,175,191,191,312,312,336,81,181,195,195,230,254,129,129,129,129,129],"floor_reached":28,"language":"ENG","playtime":1186,"items_purged":["Survivor","Doubt","Poisoned Stab"],"score":277,"play_id":"9d089ffd-72f4-46c9-84d8-19a99bce14cd","local_time":"20210217021038","is_ascension_mode":true,"campfire_choices":[{"floor":15,"key":"REST"}],"circlet_count":0,"master_deck":["Neutralize","Poisoned Stab","Poisoned Stab","Poisoned Stab+1","Poisoned Stab+1","Dodge and Roll","Dodge and Roll","Dodge and Roll","Dodge and Roll","Dodge and Roll","Noxious Fumes","Footwork","Footwork","Die Die Die","Slice","Sadistic Nature","Masterful Stab","Calculated Gamble","Masterful Stab","ReplayTheSpireMod:Scrap Shanks","ReplayTheSpireMod:Scrap Shanks","ReplayTheSpireMod:Private Reserves","Neutralize"],"relics":["Ring of the Snake","Happy Flower","Pantograph","Whetstone","Replay:Kaleidoscope","Ancient Tea Set","Replay:Bottled Flurry","Golden Idol","Replay:Drink Me","Bronze Scales"],"acts_visited":["Exordium","TheCity"],"potions_floor_usage":[14,23],"damage_taken":[{"damage":0.0,"enemies":"Cultist","floor":1.0,"turns":3.0},{"damage":0.0,"enemies":"2 Louse","floor":5.0,"turns":3.0},{"damage":6.0,"enemies":"3 Sentries","floor":6.0,"turns":7.0},{"damage":10.0,"enemies":"Gremlin Nob","floor":8.0,"turns":4.0},{"damage":1,"enemies":"3 Sentries","floor":10,"turns":7},{"damage":3,"enemies":"Small Slimes","floor":14,"turns":3},{"damage":14,"enemies":"Hexaghost","floor":16,"turns":7},{"damage":0,"enemies":"Spheric Guardian","floor":18,"turns":5},{"damage":0,"enemies":"Chosen","floor":21,"turns":4},{"damage":14,"enemies":"Slavers","floor":23,"turns":5},{"damage":5,"enemies":"Snake Plant","floor":24,"turns":4},{"damage":41,"enemies":"Snecko","floor":28,"turns":4}],"seed_played":"-8971211014057400057","potions_obtained":[{"floor":1.0,"key":"AttackPotion"},{"floor":5.0,"key":"Block Potion"},{"floor":6.0,"key":"Poison Potion"},{"floor":18,"key":"BlessingOfTheForge"}],"is_trial":false,"path_per_floor":["M","?","?","?","M","E","$","E","T","E","?","$","?","M","R","B",null,"M","$","?","M","?","E","M","$","T","?","M"],"character_chosen":"THE_SILENT","items_purchased":["Whetstone","Footwork","Sadistic Nature","Masterful Stab"],"campfire_rested":1,"item_purchase_floors":[7,7,19,19],"current_hp_per_floor":[45,33,33,22,22,16,16,6,6,5,5,5,5,2,20,31,48,48,48,48,48,48,34,29,29,29,29,0,0],"gold":129,"neow_bonus":"SILENT_ASSASSIN","is_daily":false,"chose_seed":false,"campfire_upgraded":0,"win_rate":0.0,"timestamp":1613545838,"path_taken":["M","?","?","?","M","E","$","E","T","E","?","$","?","M","R","BOSS","M","$","?","?","?","E","M","?","T","?","?"],"items_purchased_type":["Relic","Card","Card","Card"],"build_version":"2020-12-22","purchased_purges":3,"victory":false,"max_hp_per_floor":[63,63,63,63,63,63,63,63,63,63,63,63,63,63,63,63,48,48,48,48,48,48,48,48,48,48,48,48,48],"card_choices":[{"not_picked":["Riddle With Holes","ReplayTheSpireMod:Shiv Toss","Outmaneuver"],"picked":"SKIP","floor":1.0},{"not_picked":["Toxin Wave","Poisoned Stab"],"picked":"Noxious Fumes","floor":5.0},{"not_picked":["TH:EnergyPotion","TH:ElvenBoots"],"picked":"SKIP","floor":6.0},{"not_picked":["Accuracy","Flechettes","Dodge and Roll"],"picked":"SKIP","floor":6.0},{"not_picked":["Skewer","Deflect"],"picked":"Footwork","floor":8.0},{"not_picked":["TH:BikiniMail","TH:ElvenBoots"],"picked":"SKIP","floor":8.0},{"not_picked":["TH:ArmorSpikes","TH:DeckOfManyThings"],"picked":"SKIP","floor":9.0},{"not_picked":["TH:DeckOfManyThings","TH:EnergyPotion"],"picked":"SKIP","floor":10},{"not_picked":["PiercingWail","Prepared","ReplayTheSpireMod:Exploit Weakness"],"picked":"SKIP","floor":10},{"not_picked":["Blade Dance","Dagger Throw","Backstab"],"picked":"SKIP","floor":14},{"not_picked":["Glass Knife","Bullet Time"],"picked":"Die Die Die","floor":16},{"not_picked":["Dodge and Roll","Quick Slash"],"picked":"Slice","floor":18},{"not_picked":["Hidden Blade","Bane"],"picked":"Calculated Gamble","floor":21},{"not_picked":["Flying Knee","After Image"],"picked":"ReplayTheSpireMod:Scrap Shanks","floor":23},{"not_picked":["TH:CopperCoins","TH:BikiniMail"],"picked":"SKIP","floor":23},{"not_picked":["Backflip","Replay:Poison Smokescreen+1"],"picked":"ReplayTheSpireMod:Scrap Shanks","floor":24},{"not_picked":["TH:CursedSword","TH:ArmorSpikes"],"picked":"SKIP","floor":26}],"player_experience":294144,"relics_obtained":[{"floor":6.0,"key":"Pantograph"},{"floor":8.0,"key":"Replay:Kaleidoscope"},{"floor":9.0,"key":"Ancient Tea Set"},{"floor":10,"key":"Replay:Bottled Flurry"},{"floor":23,"key":"Bronze Scales"}],"event_choices":[{"damage_healed":0.0,"max_hp_gain":0.0,"max_hp_loss":0.0,"gold_gain":0.0,"event_name":"Scrap Ooze","player_choice":"Success","floor":2.0,"gold_loss":0.0,"damage_taken":12.0,"relics_obtained":["Happy Flower"]},{"damage_healed":0.0,"max_hp_gain":0.0,"max_hp_loss":0.0,"gold_gain":175.0,"event_name":"Liars Game","player_choice":"AGREE","floor":3.0,"gold_loss":0.0,"damage_taken":0.0,"cards_obtained":["Doubt"]},{"damage_healed":0.0,"max_hp_gain":0.0,"max_hp_loss":0.0,"gold_gain":75.0,"event_name":"World of Goop","player_choice":"Gather Gold","floor":4.0,"gold_loss":0.0,"damage_taken":11.0},{"damage_healed":0,"gold_gain":0,"player_choice":"Take Wound","damage_taken":0,"relics_obtained":["Golden Idol"],"max_hp_gain":0,"max_hp_loss":0,"event_name":"Golden Idol","floor":11,"gold_loss":0,"cards_obtained":["Injury"]},{"damage_healed":0,"gold_gain":100,"player_choice":"Pray","damage_taken":0,"max_hp_gain":0,"max_hp_loss":0,"event_name":"Golden Shrine","floor":20,"gold_loss":0},{"damage_healed":0,"gold_gain":0,"player_choice":"Copied","damage_taken":0,"max_hp_gain":0,"max_hp_loss":0,"event_name":"Duplicator","floor":22,"gold_loss":0,"cards_obtained":["Masterful Stab"]},{"damage_healed":0,"gold_gain":0,"player_choice":"2 cards matched","damage_taken":0,"max_hp_gain":0,"max_hp_loss":0,"event_name":"Match and Keep!","floor":27,"gold_loss":0,"cards_obtained":["ReplayTheSpireMod:Private Reserves","Neutralize"]}],"is_beta":false,"boss_relics":[{"not_picked":["HoveringKite","Replay:Fungal Core"],"picked":"Replay:Drink Me"}],"items_purged_floors":[7,12,25],"is_endless":false,"potions_floor_spawned":[1,5,6,18],"killed_by":"Snecko","ascension_level":2}}