{"host":"d02vqrhhew441p6s","time":1613586888,"event":{"mods":["BaseMod","Duelist Mod","Halation","Hubris","Infinite Spire","Minty Spire (QoL Compilation)","StSLib","The Jungle"],"gold_per_floor":[141,141,160,160,160,291,291,166,191,210,210,223,250,264,264,361,361,361,361],"floor_reached":18,"language":"ENG","playtime":1137,"items_purged":[],"score":368,"play_id":"8f4dfbdc-9025-4fc6-bec1-375a868694f6","local_time":"20210217193448","is_ascension_mode":true,"campfire_choices":[{"data":"theDuelist:ShallowGrave","floor":7,"key":"SMITH"},{"data":"theDuelist:OboroGuruma","floor":11,"key":"SMITH"},{"floor":15,"key":"REST"}],"circlet_count":0,"master_deck":["theDuelist:ZombieCorpse","theDuelist:ZombieCorpse","theDuelist:ZombieCorpse","theDuelist:ZombieCorpse","theDuelist:ArchfiendZombieSkull","theDuelist:ArmoredZombie","theDuelist:ArmoredZombie","theDuelist:ArmoredZombie","AscendersBane","theDuelist:ClownZombie","theDuelist:ClownZombie","theDuelist:PatricianDarkness","theDuelist:ShallowGrave+1","theDuelist:TutanMask","theDuelist:SkullFlame","theDuelist:Yasha","theDuelist:GhostSister","theDuelist:OboroGuruma+1","theDuelist:YukiOnnaIce","theDuelist:GhostReaper","theDuelist:DecayedCommander"],"relics":["theDuelist:MillenniumPuzzle","theDuelist:CardPoolRelic","theDuelist:CardPoolBasicRelic","theDuelist:BoosterPackPoolRelic","theDuelist:CardPoolAddRelic","theDuelist:CardPoolMinusRelic","theDuelist:CardPoolSaveRelic","theDuelist:CardPoolOptionsRelic","NeowsBlessing","hubris:Icosahedron","hubris:Towel","theDuelist:MillenniumCoin","Smiling Mask","Unceasing Top","halation:PlatinumPhoenix"],"acts_visited":["Exordium","TheCity"],"potions_floor_usage":[13],"damage_taken":[{"damage":0,"enemies":"Small Slimes","floor":1,"turns":1},{"damage":0,"enemies":"Jaw Worm","floor":3,"turns":1},{"damage":0,"enemies":"Gremlin Nob","floor":6,"turns":1},{"damage":0,"enemies":"2 Louse","floor":10,"turns":2},{"damage":10,"enemies":"Blue Slaver","floor":12,"turns":3},{"damage":28,"enemies":"3 Sentries","floor":13,"turns":7},{"damage":24,"enemies":"Gremlin Gang","floor":14,"turns":4},{"damage":0,"enemies":"The Guardian","floor":16,"turns":7},{"damage":0,"enemies":"2 Thieves","floor":18,"turns":1}],"seed_played":"-5922712890628524858","potions_obtained":[{"floor":3,"key":"theDuelist:FlamingBottle"},{"floor":10,"key":"theDuelist:DestructPotionPot"},{"floor":14,"key":"theDuelist:SummonArmorPotion"},{"floor":16,"key":"Dexterity Potion"}],"is_trial":false,"path_per_floor":["M","?","M","?","?","E","R","$","T","M","R","M","E","M","R","B",null,"M"],"character_chosen":"THE_DUELIST","items_purchased":["theDuelist:VampireLady","theDuelist:GhostSister"],"campfire_rested":1,"item_purchase_floors":[8,8],"current_hp_per_floor":[72,72,72,72,72,72,72,72,72,80,80,70,42,18,42,42,71,71,71],"gold":361,"neow_bonus":"THREE_ENEMY_KILL","is_daily":false,"chose_seed":false,"campfire_upgraded":2,"win_rate":0.0,"timestamp":1613586888,"path_taken":["M","?","M","?","?","E","R","?","T","M","R","M","E","M","R","BOSS","M"],"items_purchased_type":["Card","Card"],"build_version":"2020-12-22","purchased_purges":0,"victory":false,"max_hp_per_floor":[80,80,80,80,80,80,80,80,80,80,80,80,80,80,80,80,80,80,80],"card_choices":[{"not_picked":["theDuelist:ShiranuiSamurai","theDuelist:ShiranuiSamuraisaga","theDuelist:ShiranuiSquire","theDuelist:ShiranuiSunsaga"],"picked":"theDuelist:ShiranuiSkillsagaSupremacy","floor":1},{"not_picked":["theDuelist:CorrodingShark","theDuelist:ShiranuiSpectralsword","theDuelist:ShiranuiSwordmaster","theDuelist:GigastoneOmega"],"picked":"theDuelist:SkullFlame","floor":3},{"not_picked":["theDuelist:Kasha","theDuelist:ZombieWarrior","theDuelist:Polymerization","theDuelist:DarkDustSpirit"],"picked":"theDuelist:Yasha","floor":6},{"not_picked":["theDuelist:PyramidWonders","theDuelist:GhostrickScare","theDuelist:BookMoon","theDuelist:OniGamiCombo"],"picked":"theDuelist:OboroGuruma","floor":10},{"not_picked":["theDuelist:VampireRedBaron","theDuelist:YukiOnnaIce","theDuelist:GhostSister","theDuelist:RobbinZombie"],"picked":"theDuelist:SoulAbsorbingBone","floor":12},{"not_picked":["theDuelist:ZombieMammoth","theDuelist:Necroface","theDuelist:VendreadNights","theDuelist:SoulRelease"],"picked":"theDuelist:YukiOnnaIce","floor":13},{"not_picked":["theDuelist:VendreadCore","theDuelist:PhantomGhost","theDuelist:GhostrickYeti","theDuelist:NightmareHorse"],"picked":"theDuelist:GhostReaper","floor":14},{"not_picked":["theDuelist:VendreadStriges","theDuelist:VendreadDaybreak","theDuelist:InstantFusion","theDuelist:BookEclipse"],"picked":"theDuelist:DecayedCommander","floor":16}],"player_experience":558288,"relics_obtained":[{"floor":6,"key":"theDuelist:MillenniumCoin"},{"floor":9,"key":"Smiling Mask"},{"floor":13,"key":"Unceasing Top"}],"event_choices":[{"damage_healed":0,"gold_gain":0,"player_choice":"Leave","duelist":true,"damage_taken":0,"max_hp_gain":0,"max_hp_loss":0,"event_name":"Battle City","floor":2,"gold_loss":0}],"is_beta":false,"boss_relics":[{"not_picked":["infinitespire:Cupcake","Coffee Dripper"],"picked":"halation:PlatinumPhoenix"}],"items_purged_floors":[],"is_endless":false,"potions_floor_spawned":[3,10,14,16],"killed_by":"2 Thieves","ascension_level":10}}