{"host":"t9wo05e1llrbe5dt","time":1613522314,"event":{"mods":["2.2 Compatiblity","AchievementEnabler","Ascension Unlocker","BaseMod","Bestiary","Better Altar","Better Match","Better Note","Better Sensory Stone","Better Skull","Better Third Choice","Better Vampires","Better-Laid Plans","Block Reminder","Colored Map","Colored Powertips","Curses Come First","DeckTracker","Displayed Cursed Tome","Downfall","Filter the Spire","Googly Eyes","Gremlin Mod","GungeonMod","Hermit","Highlight Path","Marked Mod","Minty Spire (QoL Compilation)","Quick Restart","Random Character Button","Rare Cards Sparkle","Reorder Act Four","Reworked Bosses","Spicy Shops","StSLib","The Bug Knight","The Cursed","The Hierophant","The IronCluck","The Mystic","The Necromancer","The Runesmith","Transform Curses","Uncapped","everything is the same but u backflip on backflip","slay the spire mod where everything is the same but ironclad has a cowboy hat"],"gold_per_floor":[99,115,131,56,41,41,41,63,63,63,63,117,117,147,166,263,263,163,183,193,193,68,78,78,78,63,63,76,90,90,3,3,3,3],"floor_reached":32,"language":"ENG","playtime":2108,"items_purged":[],"score":237,"play_id":"df0d4c23-9063-4a50-a4e8-4e77f2ecb932","local_time":"20210216183834","is_ascension_mode":true,"campfire_choices":[{"data":"1","floor":1,"key":"LIFT"},{"floor":6,"key":"RECALL"},{"data":"2","floor":11,"key":"LIFT"},{"floor":13,"key":"REST"},{"data":"3","floor":18,"key":"LIFT"},{"floor":30,"key":"REST"}],"circlet_count":0,"master_deck":["Guardian:Strike_Guardian","Guardian:Strike_Guardian","Guardian:Strike_Guardian","Guardian:Defend_Guardian","Guardian:Defend_Guardian","Guardian:Defend_Guardian","Guardian:Defend_Guardian","Guardian:CurlUp","Guardian:TwinSlam","Guardian:TemporalStrike","Guardian:TimeBomb","Guardian:Recover","Guardian:BronzeOrb","Guardian:Planning","Guardian:GemFinder+1","Guardian:TemporalShield+1","Writhe","Guardian:Gem_Lightblue","Guardian:CrystalBeam","Guardian:GatlingBeam","Guardian:Gem_Lightblue","Guardian:PiercingHide+1","Guardian:RollAttack","Guardian:Emergency+1","Guardian:Gem_Red","Guardian:RefractedBeam+1","Guardian:Gem_Cyan","Guardian:WalkerClaw","Guardian:Reroute","Guardian:CrystalBeam"],"relics":["Guardian:ModeShifter","Girya","Odd Mushroom","Bronze Scales","DemoMod:ChaffGrenade","SacredBark","downfall:HeartBlessingRed","Toy Ornithopter"],"acts_visited":["Exordium","TheCity"],"potions_floor_usage":[16,23],"damage_taken":[{"damage":6,"enemies":"2 Louse","floor":2,"turns":4},{"damage":5,"enemies":"Cultist","floor":3,"turns":4},{"damage":9,"enemies":"downfall:FleeingMerchant","floor":5,"turns":4},{"damage":22,"enemies":"The Mushroom Lair","floor":8,"turns":4},{"damage":0,"enemies":"Jaw Worm","floor":15,"turns":3},{"damage":14,"enemies":"WA_ARCHETYPE_RETAIN","floor":16,"turns":6},{"damage":0,"enemies":"Chosen","floor":19,"turns":4},{"damage":13,"enemies":"downfall:LooterAlt2","floor":20,"turns":4},{"damage":9,"enemies":"downfall:FleeingMerchant","floor":22,"turns":4},{"damage":5,"enemies":"Snake Plant","floor":23,"turns":3},{"damage":0,"enemies":"downfall:FleeingMerchant","floor":26,"turns":4},{"damage":15,"enemies":"Shelled Parasite and Fungi","floor":28,"turns":5},{"damage":15,"enemies":"Sentry and Sphere","floor":29,"turns":5},{"damage":14,"enemies":"downfall:FleeingMerchant","floor":31,"turns":4},{"damage":21,"enemies":"Snake Plant","floor":32,"turns":2}],"seed_played":"-5502752616267596635","potions_obtained":[{"floor":3,"key":"FearPotion"},{"floor":16,"key":"Block Potion"},{"floor":20,"key":"SteroidPotion"},{"floor":29,"key":"FearPotion"}],"is_trial":false,"path_per_floor":["R","M","M","?","$","R","T","?","?","?","R","T","R","?","M","B",null,"R","M","M","?","$","M","T","?","$","?","M","M","R","$","M"],"character_chosen":"GUARDIAN","items_purchased":["Guardian:GatlingBeam","Guardian:Reroute","Guardian:CrystalBeam"],"campfire_rested":2,"item_purchase_floors":[22,31,31],"current_hp_per_floor":[80,74,69,69,60,60,60,38,38,38,38,38,62,62,62,48,80,80,80,67,67,58,53,53,53,53,38,23,8,33,19,0,0,0],"gold":3,"neow_bonus":"ONE_RARE_RELIC","is_daily":false,"chose_seed":false,"campfire_upgraded":0,"win_rate":0.0,"timestamp":1613522314,"path_taken":["R","M","M","?","$","R","T","?","?","?","R","?","R","?","M","BOSS","R","M","M","?","$","?","T","?","?","?","M","M","R","$","M"],"items_purchased_type":["Card","Card","Card"],"build_version":"2020-12-22","purchased_purges":0,"victory":false,"max_hp_per_floor":[80,80,80,80,80,80,80,80,80,80,80,80,80,80,80,80,80,80,80,80,80,80,80,80,80,80,85,85,85,85,85,85,85,85],"card_choices":[{"not_picked":["Guardian:PrismaticBeam","Guardian:PiercingHide"],"picked":"Guardian:TemporalStrike","floor":2},{"not_picked":["Guardian:PrimingBeam","Guardian:Harden"],"picked":"Guardian:Gem_Fragmented","floor":3},{"not_picked":["Guardian:Recover","Guardian:Gem_Lightblue"],"picked":"Guardian:Gem_Red","floor":4},{"not_picked":["Guardian:BronzeOrb","Guardian:MultiBeam"],"picked":"Guardian:TimeBomb","floor":4},{"not_picked":["Guardian:Incinerate","Guardian:ShieldCharger"],"picked":"Guardian:Recover","floor":5},{"not_picked":["Guardian:Suspension","Guardian:TimeCapacitor"],"picked":"Guardian:BronzeOrb","floor":8},{"not_picked":["Guardian:WalkerClaw","Guardian:PolyBeam"],"picked":"Guardian:Planning","floor":15},{"not_picked":["Guardian:BaubleBeam","Guardian:GemFire"],"picked":"Guardian:GemFinder","floor":16},{"not_picked":["Guardian:Gem_Lightblue","Guardian:Gem_Cyan"],"picked":"Guardian:Gem_Green","floor":19},{"not_picked":["Guardian:Suspension","Guardian:RollAttack"],"picked":"Guardian:Gem_Green","floor":19},{"not_picked":["Guardian:Gem_Green","Guardian:Gem_Cyan"],"picked":"Guardian:Gem_Red","floor":20},{"not_picked":["Guardian:VentSteam","Guardian:RollAttack+1"],"picked":"Guardian:TemporalShield","floor":20},{"not_picked":["Guardian:Gem_Green","Guardian:Gem_Red"],"picked":"Guardian:Gem_Lightblue","floor":22},{"not_picked":["Guardian:Gem_Cyan","Guardian:Preprogram"],"picked":"Guardian:CrystalBeam","floor":22},{"not_picked":["Guardian:Gem_Red","Guardian:Gem_Cyan"],"picked":"Guardian:Gem_Lightblue","floor":23},{"not_picked":["Guardian:RefractedBeam+1","Guardian:PrimingBeam"],"picked":"Guardian:PiercingHide+1","floor":23},{"not_picked":["Guardian:Gem_Red","Guardian:Gem_Cyan"],"picked":"Guardian:Gem_Lightblue","floor":26},{"not_picked":["Guardian:Planning","Guardian:Repulse+1"],"picked":"Guardian:RollAttack","floor":26},{"not_picked":["Guardian:ChargeCore","Guardian:Planning"],"picked":"Guardian:Emergency+1","floor":28},{"not_picked":["Guardian:Gem_Lightblue","Guardian:Gem_Green"],"picked":"Guardian:Gem_Red","floor":29},{"not_picked":["Guardian:RollAttack","Guardian:Repulse"],"picked":"Guardian:RefractedBeam+1","floor":29},{"not_picked":["Guardian:Gem_Red","Guardian:Gem_Green"],"picked":"Guardian:Gem_Cyan","floor":31},{"not_picked":["Guardian:BronzeOrb","Guardian:DecasProtection+1"],"picked":"Guardian:WalkerClaw","floor":31}],"player_experience":197803,"relics_obtained":[{"floor":8,"key":"Odd Mushroom"},{"floor":12,"key":"Bronze Scales"},{"floor":24,"key":"Toy Ornithopter"}],"event_choices":[{"damage_healed":0,"gold_gain":0,"player_choice":"1","damage_taken":0,"max_hp_gain":0,"max_hp_loss":0,"event_name":"betterMatch:BetterMatch","floor":4,"gold_loss":0,"cards_obtained":["betterMatch:CommonCard","betterMatch:UncommonCard"]},{"damage_healed":0,"gold_gain":0,"player_choice":"Fought Mushrooms","damage_taken":0,"max_hp_gain":0,"max_hp_loss":0,"event_name":"Mushrooms","floor":8,"gold_loss":0},{"cards_removed":["Clumsy"],"damage_healed":0,"gold_gain":0,"player_choice":"Card Removal","damage_taken":0,"max_hp_gain":0,"max_hp_loss":0,"event_name":"The Cleric","floor":10,"gold_loss":0},{"damage_healed":0,"gold_gain":0,"player_choice":"Ignored","damage_taken":0,"max_hp_gain":0,"max_hp_loss":0,"event_name":"betterNote:BetterNote","floor":25,"gold_loss":0,"cards_obtained":["Runesmith:MetallurgicalResearch"]}],"is_beta":false,"boss_relics":[{"not_picked":["Coffee Dripper","Pandora\u0027s Box"],"picked":"SacredBark"}],"items_purged_floors":[],"is_endless":false,"potions_floor_spawned":[3,16,20,29],"killed_by":"Snake Plant","ascension_level":1}}