{"host":"snn1c4qsf0fj7fzf","time":1613530025,"event":{"mods":["AchievementEnabler","Act Like it!","Aspiration","Astrologer","BaseMod","Colored Powertips","Downfall","Gensokyo","Hermit","Infinite Spire","Lobotomy","Minty Spire (QoL Compilation)","Random Character Button","Rare Cards Sparkle","Reimu??????","Reliquary","Replay The Spire","Shop Mod","Spire Arcade","StSLib","The Administrix","The Cursed","The Gatherer","The Hierophant","The Poker Player","The Runesmith"],"gold_per_floor":[116,41,41,53,13,39,52,77,104,104,104],"floor_reached":10,"language":"ENG","playtime":503,"items_purged":["Defend_P"],"score":80,"play_id":"6c768a62-f48a-4363-a5ff-9007952cb554","local_time":"20210217104705","is_ascension_mode":true,"campfire_choices":[],"circlet_count":0,"master_deck":["Strike_P","Strike_P","Strike_P","Strike_P","Defend_P","Defend_P","Defend_P","Eruption","Vigilance","Replay:Hum","ThirdEye","ConjureBlade","Alpha"],"relics":["PureWater","PaintedHorse:ReiMu","Juzu Bracelet","Centennial Puzzle","Vajra"],"acts_visited":["Exordium"],"potions_floor_usage":[6,8],"damage_taken":[{"damage":0,"enemies":"Cultist","floor":1,"turns":2},{"damage":0,"enemies":"Small Slimes","floor":4,"turns":3},{"damage":9,"enemies":"Gremlin Nob","floor":6,"turns":3},{"damage":13,"enemies":"2 Louse","floor":7,"turns":3},{"damage":44,"enemies":"3 Sentries","floor":8,"turns":8},{"damage":18,"enemies":"Gremlin Nob","floor":10,"turns":2}],"seed_played":"-7517783678399785304","potions_obtained":[{"floor":4,"key":"Weak Potion"},{"floor":6,"key":"Guardian:BlockOnCardUsePotion"},{"floor":7,"key":"SpeedPotion"}],"is_trial":false,"path_per_floor":["M","$","?","M","?","E","M","E","T","E"],"character_chosen":"WATCHER","items_purchased":[],"campfire_rested":0,"item_purchase_floors":[],"current_hp_per_floor":[79,79,79,79,79,70,57,13,13,0,0],"gold":104,"neow_bonus":"TEN_PERCENT_HP_BONUS","is_daily":false,"chose_seed":false,"campfire_upgraded":0,"win_rate":0.0,"timestamp":1613530025,"path_taken":["M","?","?","M","?","E","M","E","T","E"],"items_purchased_type":[],"build_version":"2020-12-22","purchased_purges":1,"victory":false,"max_hp_per_floor":[79,79,79,79,79,79,79,79,79,79,79],"card_choices":[{"not_picked":["Replay:Anticipation","Consecrate"],"picked":"Replay:Hum","floor":1},{"not_picked":["Evaluate","ThirdEye","EmptyBody"],"picked":"SKIP","floor":4},{"not_picked":["Evaluate","EmptyBody"],"picked":"ThirdEye","floor":4},{"not_picked":["FlyingSleeves","Crescendo"],"picked":"ConjureBlade","floor":6},{"not_picked":["ClearTheMind","BowlingBash","Fasting2"],"picked":"SKIP","floor":7},{"not_picked":["Replay:Vibes","EmptyFist"],"picked":"Alpha","floor":8}],"player_experience":413538,"relics_obtained":[{"floor":6,"key":"Juzu Bracelet"},{"floor":8,"key":"Centennial Puzzle"},{"floor":9,"key":"Vajra"}],"event_choices":[{"damage_healed":0,"gold_gain":0,"player_choice":"Donate","damage_taken":0,"relics_obtained":["PaintedHorse:ReiMu"],"max_hp_gain":0,"max_hp_loss":0,"event_name":"yidonshenshe","floor":5,"gold_loss":40}],"is_beta":false,"boss_relics":[],"items_purged_floors":[2],"is_endless":false,"potions_floor_spawned":[4,6,7],"killed_by":"Gremlin Nob","ascension_level":1}}