{"host":"1dj9npbb6xcuhhm7","time":1613545274,"event":{"mods":["BaseMod","Colored Map","Colored Powertips","Downfall","Googly Eyes","Highlight Path","Marisa????????","Minty Spire (QoL Compilation)","Rare Cards Sparkle","StSLib"],"gold_per_floor":[0,14,33,44,56,206,206,206,233,243,243,255,255,10,29,124,124,124,134,44,44,55,40,65,65,83,83,97,97,97,97,114,114,114,114],"floor_reached":33,"language":"ENG","playtime":2795,"items_purged":["Guardian:Strike_Guardian"],"score":249,"play_id":"7b080616-7cbc-4fd7-ad42-acf7ceaaf40a","local_time":"20210217010114","is_ascension_mode":false,"campfire_choices":[{"data":"Guardian:Recover","floor":1,"key":"SMITH"},{"data":"Guardian:DonusPower","floor":11,"key":"SMITH"},{"data":"Guardian:PrismaticBeam","floor":13,"key":"SMITH"},{"data":"Guardian:ExploitGems","floor":18,"key":"SMITH"},{"data":"Guardian:Orbwalk","floor":27,"key":"SMITH"},{"data":"Guardian:ShieldSpikes","floor":30,"key":"SMITH"}],"circlet_count":0,"master_deck":["Guardian:Strike_Guardian","Guardian:Defend_Guardian","Guardian:Defend_Guardian","Guardian:Defend_Guardian","Guardian:Defend_Guardian","Guardian:CurlUp","Guardian:TwinSlam","Guardian:PrismaticBeam+1","Guardian:Recover+1","Guardian:DonusPower+1","Guardian:TemporalShield","downfall:Icky","Guardian:ExploitGems+1","Guardian:SpikerProtocol","Guardian:BronzeArmor","Guardian:Orbwalk+1","CurseOfTheBell","Guardian:ShieldSpikes+1","Guardian:SpikerProtocol+1","Guardian:Clone","Guardian:Gem_Purple","Pride","Guardian:Gem_Green"],"relics":["Guardian:ModeShifter","Vajra","InkBottle","Calling Bell","Orichalcum","Darkstone Periapt","Gambling Chip","Lantern","StoneCalendar","Enchiridion"],"acts_visited":["Exordium","TheCity"],"potions_floor_usage":[9,9,12,16,16,16,33,33,33],"damage_taken":[{"damage":7,"enemies":"2 Louse","floor":2,"turns":3},{"damage":8,"enemies":"Small Slimes","floor":3,"turns":4},{"damage":3,"enemies":"Jaw Worm","floor":4,"turns":4},{"damage":2,"enemies":"2 Fungi Beasts","floor":5,"turns":8},{"damage":2,"enemies":"Lagavulin","floor":9,"turns":8},{"damage":1,"enemies":"Large Slime","floor":10,"turns":9},{"damage":2,"enemies":"downfall:LooterAlt","floor":12,"turns":5},{"damage":0,"enemies":"downfall:FleeingMerchant","floor":14,"turns":4},{"damage":8,"enemies":"Exordium Thugs","floor":15,"turns":5},{"damage":12,"enemies":"DF_ARCHETYPE_STREAMLINE","floor":16,"turns":14},{"damage":10,"enemies":"downfall:LooterAlt2","floor":19,"turns":5},{"damage":5,"enemies":"downfall:FleeingMerchant","floor":20,"turns":4},{"damage":0,"enemies":"Chosen","floor":21,"turns":1},{"damage":0,"enemies":"Shelled Parasite and Fungi","floor":22,"turns":6},{"damage":0,"enemies":"downfall:FleeingMerchant","floor":23,"turns":4},{"damage":0,"enemies":"Snake Plant","floor":26,"turns":4},{"damage":6,"enemies":"Centurion and Healer","floor":28,"turns":10},{"damage":0,"enemies":"Cultist and Chosen","floor":32,"turns":7},{"damage":55,"enemies":"SI_MIRROR_ARCHETYPE","floor":33,"turns":16}],"seed_played":"-2978948240497393065","potions_obtained":[{"floor":4,"key":"PowerPotion"},{"floor":5,"key":"hexamod:SoulburnPotion"},{"floor":9,"key":"Weak Potion"},{"floor":12,"key":"Fruit Juice"},{"floor":15,"key":"SteroidPotion"},{"floor":22,"key":"Explosive Potion"},{"floor":26,"key":"LiquidBronze"},{"floor":28,"key":"EssenceOfSteel"}],"is_trial":false,"path_per_floor":["R","M","M","M","M","?","T","?","E","M","R","M","R","$","M","B",null,"R","M","$","M","M","$","T","?","M","R","M","?","R","?","M","B"],"character_chosen":"GUARDIAN","items_purchased":["Guardian:Gem_Cyan","Guardian:Gem_Yellow","Guardian:Orbwalk","Strength Potion"],"campfire_rested":0,"item_purchase_floors":[14,14,14,14],"current_hp_per_floor":[80,73,65,62,60,60,60,60,58,57,57,60,60,60,52,40,85,85,75,70,70,70,70,70,76,76,76,70,70,70,54,54,0,0,0],"gold":114,"neow_bonus":"TRANSFORM_TWO_CARDS","is_daily":false,"chose_seed":false,"campfire_upgraded":6,"win_rate":0.0,"timestamp":1613545274,"path_taken":["R","M","M","M","M","?","T","?","E","M","R","M","R","$","M","BOSS","R","M","$","M","M","$","T","?","M","R","M","?","R","?","M","BOSS"],"items_purchased_type":["Card","Card","Card","Potion"],"build_version":"2020-12-22","purchased_purges":1,"victory":false,"max_hp_per_floor":[80,80,80,80,80,80,80,80,80,80,80,85,85,85,85,85,85,85,85,85,85,85,85,85,91,91,91,91,91,91,91,91,91,91,91],"card_choices":[{"not_picked":["Guardian:Gem_Red","Guardian:PrismaticBeam"],"picked":"Guardian:DonusPower","floor":2},{"not_picked":["Guardian:Gem_Red","Guardian:Suspension"],"picked":"Guardian:TemporalShield","floor":3},{"not_picked":["Guardian:Gem_Green","Guardian:RollAttack"],"picked":"Guardian:Gem_White","floor":4},{"not_picked":["Guardian:RollAttack","Guardian:Incinerate"],"picked":"Guardian:Gem_Crimson","floor":5},{"not_picked":["Guardian:Emergency","Guardian:HyperBeam_Guardian"],"picked":"Guardian:ExploitGems","floor":9},{"not_picked":["Guardian:PrimingBeam","Guardian:WalkerClaw"],"picked":"Guardian:SpikerProtocol","floor":10},{"not_picked":["Guardian:CrystalBeam","Guardian:RollAttack"],"picked":"Guardian:Gem_Purple","floor":12},{"not_picked":["Guardian:Reroute","Guardian:PrimingBeam"],"picked":"Guardian:BronzeArmor","floor":14},{"not_picked":["Guardian:WalkerClaw","Guardian:StasisStrike"],"picked":"Guardian:Gem_Green","floor":15},{"not_picked":["Guardian:FastForward","Guardian:BaubleBeam"],"picked":"Guardian:Gem_Orange","floor":16},{"not_picked":["Guardian:TemporalStrike","Guardian:RollAttack"],"picked":"Guardian:ShieldSpikes","floor":19},{"not_picked":["Guardian:Gem_Cyan","Guardian:Gem_Yellow"],"picked":"Guardian:Gem_Synthetic","floor":20},{"not_picked":["Guardian:Gem_Purple","Guardian:RollAttack"],"picked":"Guardian:SpikerProtocol+1","floor":21},{"not_picked":["Guardian:SentryBeam+1","Guardian:Harden"],"picked":"Guardian:Clone","floor":22},{"not_picked":["Guardian:Emergency+1","Guardian:PrimingBeam"],"picked":"Guardian:Gem_Purple","floor":23},{"not_picked":["Guardian:TimeCapacitor+1","Guardian:FloatingOrbs","Guardian:WalkerClaw"],"picked":"SKIP","floor":26},{"not_picked":["Guardian:MultiBeam","Guardian:Gem_Lightblue"],"picked":"Guardian:Gem_Green","floor":28},{"not_picked":["Guardian:TimeBomb","Guardian:GuardianWhirl","Guardian:ShieldCharger"],"picked":"SKIP","floor":32}],"player_experience":43276,"relics_obtained":[{"floor":7,"key":"Vajra"},{"floor":9,"key":"InkBottle"},{"floor":17,"key":"Orichalcum"},{"floor":17,"key":"Darkstone Periapt"},{"floor":17,"key":"Gambling Chip"},{"floor":24,"key":"Lantern"},{"floor":31,"key":"Enchiridion"}],"event_choices":[{"damage_healed":0,"gold_gain":0,"player_choice":"Stole Relic","damage_taken":0,"relics_obtained":["StoneCalendar"],"max_hp_gain":0,"max_hp_loss":0,"event_name":"Addict","floor":25,"gold_loss":0,"cards_obtained":["Pride"]}],"is_beta":false,"boss_relics":[{"not_picked":["Runic Dome","Coffee Dripper"],"picked":"Calling Bell"}],"items_purged_floors":[20],"is_endless":false,"potions_floor_spawned":[4,5,9,12,15,22,26,28],"killed_by":"SI_MIRROR_ARCHETYPE","ascension_level":0}}