{"host":"8a72fthmlk1o8pdb","time":1613524117,"event":{"mods":["AchievementEnabler","Aspiration","Astrologer","Bard","BaseMod","Beaked The Cultist","Better Altar","Better Match","Better Note","Better Sensory Stone","Better Skull","Better Third Choice","ChefMod","Colored Map","Colored Powertips","Dark Map","Downfall","Friendly Minions","GifTheSpireLib","Googly Eyes","Gremlin Mod","Hermit","Hubris","JesterMod","Jorbs\u0027s Wanderer Trilogy","Marisa????????","Melee Mod","Minty Spire (QoL Compilation)","Monster B Gone","Permanent Neow","Pikachu Mod","Random Character Button","Rare Cards Sparkle","Relic Filter Mod","Relic Stats","Reliquary","Robot Space Explorer","Shade Mod","Shop Mod","Smile Girya","Somnambulant","Spire Arcade","Spire Birthday Party","StSLib","The Animator","The Blue Laboratory","The Construct","The Cursed","The Disciple","The Edgeheg","The Hayseed","The Hierophant","The Juggle","The Jungle","The Marked","The Mystic","The Necromancer","The Poker Player","The Problem Sleuth","The Runesmith","The Showman","TheBandit","TheFirefly","TheVacant","everything is the same but u backflip on backflip","thorton"],"gold_per_floor":[113,130,145,157,177,177,177],"floor_reached":6,"language":"ENG","playtime":539,"items_purged":[],"score":40,"play_id":"85bfd869-39c7-4a24-85ba-87f2c3205513","local_time":"20210216170837","is_ascension_mode":false,"campfire_choices":[],"circlet_count":0,"master_deck":["thefirefly:Strike","thefirefly:Strike","thefirefly:Strike","thefirefly:Strike","thefirefly:Defend","thefirefly:Defend","thefirefly:Defend","thefirefly:Defend","thefirefly:StealthMode","thefirefly:PhotonBlast","thefirefly:FlareScreen","thefirefly:EvasiveManeuver","thefirefly:DataMiner","thefirefly:DecoyShot"],"relics":["thefirefly:StealthSystem","reliquary:TuningFork"],"acts_visited":["Exordium"],"potions_floor_usage":[6],"damage_taken":[{"damage":2,"enemies":"Cultist","floor":1,"turns":5},{"damage":1,"enemies":"Small Slimes","floor":2,"turns":5},{"damage":1,"enemies":"2 Louse","floor":3,"turns":3},{"damage":0,"enemies":"Exordium Wildlife","floor":4,"turns":3},{"damage":3,"enemies":"Blue Slaver","floor":5,"turns":6},{"damage":54,"enemies":"Gremlin Nob","floor":6,"turns":6}],"seed_played":"3128093467173256128","potions_obtained":[{"floor":2,"key":"ColorlessPotion"}],"is_trial":false,"path_per_floor":["M","M","M","M","M","E"],"character_chosen":"THE_FIREFLY","items_purchased":[],"campfire_rested":0,"item_purchase_floors":[],"current_hp_per_floor":[53,52,51,51,48,0,0],"gold":177,"neow_bonus":"RANDOM_COMMON_RELIC","is_daily":false,"chose_seed":false,"campfire_upgraded":0,"win_rate":0.0,"timestamp":1613524117,"path_taken":["M","M","?","M","?","E"],"items_purchased_type":[],"build_version":"2020-12-22","purchased_purges":0,"victory":false,"max_hp_per_floor":[55,55,55,55,55,55,55],"relic_stats":{"counters":[6,28],"obtain_stats":[{"thefirefly:StealthSystem":0,"reliquary:TuningFork":0},{"thefirefly:StealthSystem":0,"reliquary:TuningFork":0},{"thefirefly:StealthSystem":0,"reliquary:TuningFork":0}]},"card_choices":[{"not_picked":["thefirefly:EMP","thefirefly:Rend"],"picked":"thefirefly:FlareScreen","floor":1},{"not_picked":["thefirefly:Boost","thefirefly:LifeSupport"],"picked":"thefirefly:EvasiveManeuver","floor":2},{"not_picked":["thefirefly:Kugelblitz","thefirefly:CoveringFire"],"picked":"thefirefly:DataMiner","floor":3},{"not_picked":["thefirefly:Pacify","thefirefly:FlakCannon"],"picked":"thefirefly:DecoyShot","floor":4},{"not_picked":["thefirefly:Rend","thefirefly:Ruminate","thefirefly:ReverseEngine"],"picked":"SKIP","floor":5}],"player_experience":228126,"relics_obtained":[],"event_choices":[],"is_beta":false,"boss_relics":[],"items_purged_floors":[],"is_endless":false,"potions_floor_spawned":[2],"killed_by":"Gremlin Nob","ascension_level":0}}