{"host":"ydh61a5ftgdajrbo","time":1613566504,"event":{"mods":["BaseMod","Colored Map","Colored Powertips","DeckTracker","Downfall","Hermit","Koishi","Minty Spire (QoL Compilation)","Prisma Mod","Relic Stats","Spire Arcade","StSLib","SuperFastMode","The Cursed","The Jungle","The Mystic","The Runesmith","The Senshi","The Servant 0.9.4"],"gold_per_floor":[117,127,139,139,139,139,23,62,88,88,129,147,162,176,176,265,265,243,243,243,255,273,273,5,5,5,22,22,22,22,51,51,123,123,138,158,158,169,44,73,73,73,96,96,108,108,133,133,133,133],"floor_reached":51,"language":"ZHS","playtime":1861,"items_purged":["Strike_G","Strike_G","Defend_G"],"score":1363,"play_id":"62dd4813-a040-40b1-ac14-44a8628ae501","local_time":"20210217205504","is_ascension_mode":true,"campfire_choices":[{"data":"Bouncing Flask","floor":6.0,"key":"SMITH"},{"data":"Bouncing Flask","floor":10.0,"key":"SMITH"},{"floor":15.0,"key":"REST"},{"floor":23.0,"key":"REST"},{"data":"Catalyst","floor":28.0,"key":"SMITH"},{"data":"Backflip","floor":30.0,"key":"SMITH"},{"data":"Deadly Poison","floor":32.0,"key":"SMITH"},{"floor":42,"key":"REST"},{"data":"Envenom","floor":44,"key":"SMITH"},{"floor":49,"key":"REST"}],"circlet_count":0,"master_deck":["AscendersBane","Strike_G","Strike_G","Strike_G","Defend_G","Defend_G","Defend_G","Survivor","Neutralize","Underhanded Strike","Bouncing Flask+1","Bouncing Flask+1","Noxious Fumes","Crippling Poison+1","Cloak And Dagger","Blade Dance","Backflip+1","Envenom+1","Backflip","Catalyst+1","Backflip","Deadly Poison+1","After Image","Backflip+1","PiercingWail","Purity"],"relics":["Ring of the Serpent","Bloody Idol","Snake Skull","Juzu Bracelet","theSenshi:SailorFukuRelic","Lee\u0027s Waffle","Happy Flower","Art of War","Busted Crown","Bronze Scales","Boot","Guardian:GemstoneGun"],"acts_visited":["Exordium","TheCity","TheBeyond"],"potions_floor_usage":[50,50],"damage_taken":[{"damage":0.0,"enemies":"2 Louse","floor":1.0,"turns":5.0},{"damage":0.0,"enemies":"Small Slimes","floor":2.0,"turns":4.0},{"damage":2.0,"enemies":"Jaw Worm","floor":3.0,"turns":5.0},{"damage":11.0,"enemies":"Gremlin Nob","floor":8.0,"turns":3.0},{"damage":16.0,"enemies":"3 Sentries","floor":11.0,"turns":7.0},{"damage":1.0,"enemies":"2 Fungi Beasts","floor":12.0,"turns":4.0},{"damage":5.0,"enemies":"Blue Slaver","floor":13.0,"turns":5.0},{"damage":10.0,"enemies":"Exordium Thugs","floor":14.0,"turns":5.0},{"damage":7.0,"enemies":"Hexaghost","floor":16.0,"turns":7.0},{"damage":21.0,"enemies":"2 Thieves","floor":18.0,"turns":4.0},{"damage":15.0,"enemies":"Shell Parasite","floor":21.0,"turns":3.0},{"damage":12.0,"enemies":"Chosen and Byrds","floor":22.0,"turns":4.0},{"damage":10.0,"enemies":"Snecko","floor":27.0,"turns":4.0},{"damage":14.0,"enemies":"Book of Stabbing","floor":31.0,"turns":3.0},{"damage":46.0,"enemies":"Champ","floor":33.0,"turns":7.0},{"damage":29.0,"enemies":"3 Darklings","floor":35.0,"turns":5.0},{"damage":7.0,"enemies":"Orb Walker","floor":36.0,"turns":3.0},{"damage":11,"enemies":"Writhing Mass","floor":38,"turns":4},{"damage":19,"enemies":"Giant Head","floor":40,"turns":6},{"damage":13,"enemies":"3 Darklings","floor":45,"turns":4},{"damage":2,"enemies":"Mind Bloom Boss Battle","floor":47,"turns":4},{"damage":53,"enemies":"Donu and Deca","floor":50,"turns":8}],"seed_played":"7436477722450978","potions_obtained":[{"floor":2.0,"key":"FearPotion"},{"floor":3.0,"key":"ColorlessPotion"},{"floor":11.0,"key":"Slimebound:ThreeZeroPotion"},{"floor":12.0,"key":"Strength Potion"},{"floor":21.0,"key":"Poison Potion"},{"floor":22.0,"key":"ColorlessPotion"},{"floor":40,"key":"PowerPotion"},{"floor":45,"key":"Fire Potion"}],"is_trial":false,"path_per_floor":["M","M","M","?","?","R","$","E","T","R","E","M","M","M","R","B",null,"M","?","?","M","M","R","$","?","T","M","R","$","R","E","R","B",null,"M","M","?","M","$","E","$","R","T","R","M","?","?","?","R","B",null],"character_chosen":"THE_SILENT","items_purchased":["Noxious Fumes","Lee\u0027s Waffle"],"campfire_rested":4,"item_purchase_floors":[7,24],"current_hp_per_floor":[65,65,63,63,56,56,56,45,45,45,29,28,23,13,34,27,61,40,40,40,30,23,44,79,79,79,74,74,74,74,65,65,24,65,41,39,39,33,33,19,19,42,47,47,39,39,42,42,65,12],"gold":133,"neow_bonus":"TEN_PERCENT_HP_BONUS","is_daily":false,"chose_seed":false,"campfire_upgraded":6,"win_rate":0.0,"timestamp":1613566504,"path_taken":["M","M","M","?","?","R","?","E","T","R","E","M","M","M","R","BOSS","M","?","?","M","M","R","$","?","T","M","R","$","R","E","R","BOSS","M","M","?","M","?","E","$","R","T","R","M","?","?","?","R","BOSS"],"items_purchased_type":["Card","Relic"],"build_version":"2020-12-22","purchased_purges":3,"victory":true,"max_hp_per_floor":[72,72,72,72,72,72,72,72,72,72,72,72,72,72,72,72,72,72,72,72,72,72,72,79,79,79,79,79,79,79,79,79,79,79,79,79,79,79,79,79,79,79,79,79,79,79,79,79,79,79],"relic_stats":{"Lee\u0027s Waffle":35,"Busted Crown":14,"Happy Flower":[16],"counters":[22,104],"Bloody Idol":60,"Bronze Scales":[66],"Snake Skull":[276],"Juzu Bracelet":2,"Art of War":[10],"Boot":[23],"obtain_stats":[{"Lee\u0027s Waffle":24,"Happy Flower":26,"Golden Idol":4,"Guardian:GemstoneGun":47,"Snake Skull":8,"Juzu Bracelet":9,"Boot":43,"Busted Crown":34,"Bloody Idol":19,"Bronze Scales":40,"Art of War":31,"theSenshi:SailorFukuRelic":11,"Ring of the Serpent":17,"Ring of the Snake":0},{"Lee\u0027s Waffle":12,"Happy Flower":12,"Golden Idol":3,"Guardian:GemstoneGun":21,"Snake Skull":4,"Juzu Bracelet":4,"Boot":19,"Busted Crown":15,"Bloody Idol":10,"Bronze Scales":19,"Art of War":14,"theSenshi:SailorFukuRelic":5,"Ring of the Serpent":9,"Ring of the Snake":0},{"Lee\u0027s Waffle":56,"Happy Flower":56,"Golden Idol":14,"Guardian:GemstoneGun":96,"Snake Skull":17,"Juzu Bracelet":17,"Boot":88,"Busted Crown":70,"Bloody Idol":49,"Bronze Scales":88,"Art of War":63,"theSenshi:SailorFukuRelic":24,"Ring of the Serpent":45,"Ring of the Snake":0}]},"card_choices":[{"not_picked":["Reflex","Concentrate"],"picked":"Underhanded Strike","floor":1.0},{"not_picked":["Prepared","Quick Slash"],"picked":"Bouncing Flask","floor":2.0},{"not_picked":["Concentrate","PiercingWail"],"picked":"Bouncing Flask","floor":3.0},{"not_picked":["Tools of the Trade","Masterful Stab"],"picked":"Crippling Poison","floor":8.0},{"not_picked":["Masterful Stab","Calculated Gamble"],"picked":"Cloak And Dagger","floor":11.0},{"not_picked":["Skewer","Prepared","Quick Slash"],"picked":"SKIP","floor":12.0},{"not_picked":["Prepared","Reflex"],"picked":"Blade Dance","floor":13.0},{"not_picked":["Dagger Spray","Terror"],"picked":"Backflip","floor":14.0},{"not_picked":["Storm of Steel","Night Terror"],"picked":"Envenom","floor":16.0},{"not_picked":["Endless Agony","Distraction"],"picked":"Bane","floor":18.0},{"not_picked":["Finisher","Flechettes","Slice"],"picked":"SKIP","floor":21.0},{"not_picked":["Expertise","Masterful Stab"],"picked":"Backflip","floor":22.0},{"not_picked":["Well Laid Plans","Terror"],"picked":"Backflip","floor":27.0},{"not_picked":["Eviscerate","Slice"],"picked":"Deadly Poison","floor":31.0},{"not_picked":["Die Die Die","Venomology"],"picked":"After Image","floor":33.0},{"not_picked":["Predator"],"picked":"SKIP","floor":35.0},{"not_picked":[],"picked":"Backflip+1","floor":36.0},{"not_picked":["Riddle With Holes"],"picked":"SKIP","floor":38},{"not_picked":["Backflip"],"picked":"SKIP","floor":40},{"not_picked":[],"picked":"PiercingWail","floor":45},{"not_picked":[],"picked":"Purity","floor":48}],"player_experience":405745,"relics_obtained":[{"floor":8.0,"key":"Snake Skull"},{"floor":9.0,"key":"Juzu Bracelet"},{"floor":11.0,"key":"theSenshi:SailorFukuRelic"},{"floor":26.0,"key":"Happy Flower"},{"floor":31.0,"key":"Art of War"},{"floor":40,"key":"Bronze Scales"},{"floor":43,"key":"Boot"},{"floor":47,"key":"Guardian:GemstoneGun"}],"event_choices":[{"damage_healed":0.0,"max_hp_gain":0.0,"max_hp_loss":0.0,"gold_gain":0.0,"event_name":"Golden Idol","player_choice":"Take Wound","floor":4.0,"gold_loss":0.0,"damage_taken":0.0,"relics_obtained":["Golden Idol"],"cards_obtained":["Injury"]},{"cards_removed":["Injury"],"damage_healed":0.0,"max_hp_gain":0.0,"max_hp_loss":0.0,"gold_gain":0.0,"event_name":"Golden Wing","player_choice":"Card Removal","floor":5.0,"gold_loss":0.0,"damage_taken":7.0},{"damage_healed":0.0,"max_hp_gain":0.0,"max_hp_loss":0.0,"gold_gain":0.0,"event_name":"Forgotten Altar","player_choice":"Gave Idol","floor":19.0,"relics_lost":["Golden Idol"],"gold_loss":0.0,"damage_taken":0.0,"relics_obtained":["Bloody Idol"]},{"cards_removed":["Defend_G"],"damage_healed":0.0,"max_hp_gain":0.0,"max_hp_loss":0.0,"gold_gain":0.0,"event_name":"Purifier","player_choice":"Purged","floor":20.0,"gold_loss":0.0,"damage_taken":0.0},{"damage_healed":0.0,"max_hp_gain":0.0,"max_hp_loss":0.0,"gold_gain":0.0,"event_name":"The Library","player_choice":"Read","floor":25.0,"gold_loss":0.0,"damage_taken":0.0,"cards_obtained":["Catalyst"]},{"cards_removed":["Bane"],"damage_healed":0.0,"max_hp_gain":0.0,"max_hp_loss":0.0,"gold_gain":0.0,"event_name":"Falling","player_choice":"Removed Attack","floor":37.0,"gold_loss":0.0,"damage_taken":0.0},{"damage_healed":0,"gold_gain":0,"player_choice":"Forge","damage_taken":0,"max_hp_gain":0,"max_hp_loss":0,"event_name":"Accursed Blacksmith","floor":46,"gold_loss":0,"cards_upgraded":["Crippling Poison"]},{"damage_healed":0,"gold_gain":0,"player_choice":"Fight","damage_taken":0,"max_hp_gain":0,"max_hp_loss":0,"event_name":"MindBloom","floor":47,"gold_loss":0},{"damage_healed":0,"gold_gain":0,"player_choice":"Memory 1","damage_taken":0,"max_hp_gain":0,"max_hp_loss":0,"event_name":"SensoryStone","floor":48,"gold_loss":0}],"is_beta":false,"boss_relics":[{"not_picked":["expansioncontent:StudyCardRelic","Empty Cage"],"picked":"Ring of the Serpent"},{"not_picked":["Velvet Choker","Tiny House"],"picked":"Busted Crown"}],"items_purged_floors":[7,24,39],"is_endless":false,"potions_floor_spawned":[2,3,11,12,21,22,27,40,45],"ascension_level":18}}