{"host":"poshtwjux72eqzmy","time":1613537375,"event":{"mods":["BaseMod","Bestiary","Block Reminder","Highlight Path","Minty Spire (QoL Compilation)","Quick Restart","Relic Stats","StSLib","ojb\u0027s Info Mod"],"gold_per_floor":[213,50,50,69,84,101,135,147,171,17,17,50,50,70,70,164,164,182,195,195,38,55,55,55,55],"floor_reached":24,"language":"ENG","playtime":1998,"items_purged":["Strike_R"],"score":416,"play_id":"29264048-f9b9-4ae2-9138-4b5a176bc137","local_time":"20210217064935","is_ascension_mode":true,"campfire_choices":[{"data":"Armaments","floor":13,"key":"SMITH"},{"data":"Barricade","floor":15,"key":"SMITH"},{"data":"Battle Trance","floor":23,"key":"SMITH"}],"circlet_count":0,"master_deck":["AscendersBane","Strike_R","Strike_R","Strike_R","Strike_R","Defend_R","Defend_R","Defend_R","Defend_R","Bash","Armaments+1","Barricade+1","Pommel Strike","Entrench","Inflame","Battle Trance+1","Brutality","Sentinel+1"],"relics":["Burning Blood","Frozen Eye","Ornamental Fan","Art of War","Bloody Idol","Juzu Bracelet","Cursed Key","ClockworkSouvenir"],"acts_visited":["Exordium","TheCity"],"potions_floor_usage":[7,12,16,24],"damage_taken":[{"damage":1.0,"enemies":"Cultist","floor":1.0,"turns":4.0},{"damage":9.0,"enemies":"Jaw Worm","floor":4.0,"turns":4.0},{"damage":12.0,"enemies":"Small Slimes","floor":5.0,"turns":5.0},{"damage":5.0,"enemies":"2 Fungi Beasts","floor":6.0,"turns":4.0},{"damage":20,"enemies":"Lagavulin","floor":7,"turns":8},{"damage":19,"enemies":"3 Louse","floor":8,"turns":5},{"damage":30,"enemies":"3 Sentries","floor":12,"turns":13},{"damage":7,"enemies":"Looter","floor":14,"turns":4},{"damage":20,"enemies":"Slime Boss","floor":16,"turns":23},{"damage":17,"enemies":"Spheric Guardian","floor":18,"turns":8},{"damage":32,"enemies":"Chosen","floor":19,"turns":7},{"damage":7,"enemies":"Centurion and Healer","floor":22,"turns":8},{"damage":29,"enemies":"Slavers","floor":24,"turns":2}],"seed_played":"3674758740122700630","potions_obtained":[{"floor":6.0,"key":"SneckoOil"},{"floor":14,"key":"Strength Potion"},{"floor":19,"key":"Ancient Potion"}],"is_trial":false,"path_per_floor":["M","$","?","M","M","M","E","M","T","$","?","E","R","M","R","B",null,"M","M","?","$","M","R","E"],"character_chosen":"IRONCLAD","items_purchased":["Frozen Eye","LiquidMemories","ClockworkSouvenir"],"campfire_rested":0,"item_purchase_floors":[2,10,21],"current_hp_per_floor":[73,73,78,75,69,70,56,43,43,43,43,19,19,18,18,7,56,45,19,19,19,23,23,0,0],"gold":55,"neow_bonus":"HUNDRED_GOLD","is_daily":false,"chose_seed":false,"campfire_upgraded":3,"win_rate":0.0,"timestamp":1613537375,"path_taken":["M","?","?","M","M","M","E","?","T","$","?","E","R","M","R","BOSS","M","M","?","$","M","R","E"],"items_purchased_type":["Relic","Potion","Relic"],"build_version":"2020-12-22","purchased_purges":1,"victory":false,"max_hp_per_floor":[75,75,80,80,80,80,80,80,80,80,72,72,72,72,72,72,72,72,72,72,72,72,72,72,72],"relic_stats":{"counters":[13,95],"Ornamental Fan":[40],"Bloody Idol":5,"Art of War":[20],"Juzu Bracelet":0,"Cursed Key":0,"obtain_stats":[{"Frozen Eye":2,"Ornamental Fan":7,"Golden Idol":11,"Bloody Idol":20,"Art of War":9,"Juzu Bracelet":12,"Cursed Key":17,"Burning Blood":0,"ClockworkSouvenir":21},{"Frozen Eye":1,"Ornamental Fan":5,"Golden Idol":6,"Bloody Idol":11,"Art of War":6,"Juzu Bracelet":7,"Cursed Key":9,"Burning Blood":0,"ClockworkSouvenir":11},{"Frozen Eye":4,"Ornamental Fan":25,"Golden Idol":30,"Bloody Idol":85,"Art of War":30,"Juzu Bracelet":43,"Cursed Key":70,"Burning Blood":0,"ClockworkSouvenir":85}],"Burning Blood":72},"card_choices":[{"not_picked":["Sword Boomerang","Warcry"],"picked":"Armaments","floor":1.0},{"not_picked":["Evolve","Shrug It Off"],"picked":"Barricade","floor":4.0},{"not_picked":["Dropkick","Flex"],"picked":"Pommel Strike","floor":5.0},{"not_picked":["Disarm","Warcry"],"picked":"Entrench","floor":6.0},{"not_picked":["Iron Wave","Burning Pact"],"picked":"Inflame","floor":7},{"not_picked":["Armaments","Clash","Rage"],"picked":"SKIP","floor":8},{"not_picked":["Blood for Blood","Uppercut"],"picked":"Battle Trance","floor":12},{"not_picked":["Perfected Strike","Warcry","Twin Strike"],"picked":"SKIP","floor":14},{"not_picked":["Bludgeon","Barricade"],"picked":"Brutality","floor":16},{"not_picked":["Flex","Reckless Charge","Burning Pact"],"picked":"SKIP","floor":18},{"not_picked":["Wild Strike","Spot Weakness"],"picked":"Sentinel+1","floor":19},{"not_picked":["Headbutt+1","Shrug It Off","Uppercut"],"picked":"SKIP","floor":22}],"player_experience":1128213,"relics_obtained":[{"floor":7,"key":"Ornamental Fan"},{"floor":9,"key":"Art of War"},{"floor":12,"key":"Juzu Bracelet"}],"event_choices":[{"damage_healed":0.0,"max_hp_gain":5.0,"max_hp_loss":0.0,"gold_gain":0.0,"event_name":"Big Fish","player_choice":"Donut","floor":3.0,"gold_loss":0.0,"damage_taken":0.0},{"damage_healed":0,"gold_gain":0,"player_choice":"Lose Max HP","damage_taken":0,"relics_obtained":["Golden Idol"],"max_hp_gain":0,"max_hp_loss":8,"event_name":"Golden Idol","floor":11,"gold_loss":0},{"damage_healed":0,"gold_gain":0,"player_choice":"Gave Idol","damage_taken":0,"relics_obtained":["Bloody Idol"],"max_hp_gain":0,"max_hp_loss":0,"event_name":"Forgotten Altar","floor":20,"relics_lost":["Golden Idol"],"gold_loss":0}],"is_beta":false,"boss_relics":[{"not_picked":["SacredBark","Busted Crown"],"picked":"Cursed Key"}],"items_purged_floors":[10],"is_endless":false,"potions_floor_spawned":[6,14,19],"killed_by":"Slavers","ascension_level":20}}