{"host":"i09pxcjttd31eh4q","time":1613537522,"event":{"mods":["AchievementEnabler","BaseMod","Colored Map","Keyboard Shortcuts","Minty Spire (QoL Compilation)","StSLib","SuperFastMode"],"gold_per_floor":[113,163,88,108,108,108,138,148,175,195,21,21,39,71,71,71,71],"floor_reached":16,"language":"KOR","playtime":323,"items_purged":["Strike_G","Strike_G"],"score":270,"play_id":"457041c3-ee35-4f71-b7b0-80fd9f7d5ca7","local_time":"20210217135202","is_ascension_mode":true,"campfire_choices":[{"data":"Neutralize","floor":6,"key":"SMITH"},{"floor":12,"key":"DIG"},{"floor":15,"key":"DIG"}],"circlet_count":0,"master_deck":["AscendersBane","Strike_G","Strike_G","Strike_G","Defend_G","Defend_G","Defend_G","Defend_G","Defend_G","Survivor","Neutralize+1","Quick Slash","Dagger Throw","Escape Plan","Adrenaline","Masterful Stab"],"relics":["Ring of the Snake","NeowsBlessing","Question Card","Shovel","Ancient Tea Set","Bag of Marbles","Orichalcum","Blood Vial"],"acts_visited":["Exordium"],"potions_floor_usage":[14,16,16],"damage_taken":[{"damage":0,"enemies":"Small Slimes","floor":1,"turns":1},{"damage":0,"enemies":"Cultist","floor":4,"turns":1},{"damage":0,"enemies":"Gremlin Nob","floor":7,"turns":1},{"damage":0,"enemies":"Jaw Worm","floor":8,"turns":4},{"damage":7,"enemies":"Exordium Wildlife","floor":10,"turns":5},{"damage":0,"enemies":"2 Fungi Beasts","floor":13,"turns":3},{"damage":7,"enemies":"Lagavulin","floor":14,"turns":4},{"damage":37,"enemies":"The Guardian","floor":16,"turns":20}],"seed_played":"-7842213917679564817","potions_obtained":[{"floor":1,"key":"FearPotion"},{"floor":8,"key":"EssenceOfSteel"},{"floor":13,"key":"Fire Potion"},{"floor":14,"key":"EssenceOfSteel"}],"is_trial":false,"path_per_floor":["M","?","$","M","T","R","E","M","T","M","$","R","M","E","R","B"],"character_chosen":"THE_SILENT","items_purchased":["Adrenaline"],"campfire_rested":0,"item_purchase_floors":[11],"current_hp_per_floor":[59,59,59,59,59,59,59,59,59,52,52,52,52,45,45,10,10],"gold":71,"neow_bonus":"THREE_ENEMY_KILL","is_daily":false,"chose_seed":false,"campfire_upgraded":1,"win_rate":0.0,"timestamp":1613537522,"path_taken":["M","?","?","M","?","R","E","M","T","M","$","R","?","E","R","BOSS"],"items_purchased_type":["Card"],"build_version":"2020-12-22","purchased_purges":2,"victory":false,"max_hp_per_floor":[66,66,66,66,66,66,66,66,66,66,66,66,66,66,66,66,66],"card_choices":[{"not_picked":["Predator","Catalyst"],"picked":"Quick Slash","floor":1},{"not_picked":["Sucker Punch","Distraction"],"picked":"Dagger Throw","floor":4},{"not_picked":["Concentrate","Deadly Poison","Leg Sweep"],"picked":"Escape Plan","floor":7},{"not_picked":["Slice","Distraction","Quick Slash","Flying Knee"],"picked":"SKIP","floor":8},{"not_picked":["Slice","PiercingWail","Dodge and Roll","Quick Slash"],"picked":"SKIP","floor":10},{"not_picked":["Leg Sweep","Quick Slash","Predator"],"picked":"Masterful Stab","floor":13},{"not_picked":["Catalyst","Eviscerate","Finisher","Poisoned Stab"],"picked":"SKIP","floor":14}],"player_experience":916422,"relics_obtained":[{"floor":5,"key":"Question Card"},{"floor":7,"key":"Shovel"},{"floor":9,"key":"Ancient Tea Set"},{"floor":12,"key":"Bag of Marbles"},{"floor":14,"key":"Orichalcum"},{"floor":15,"key":"Blood Vial"}],"event_choices":[{"damage_healed":0,"gold_gain":50,"player_choice":"Pray","damage_taken":0,"max_hp_gain":0,"max_hp_loss":0,"event_name":"Golden Shrine","floor":2,"gold_loss":0}],"is_beta":false,"boss_relics":[],"items_purged_floors":[3,11],"is_endless":false,"potions_floor_spawned":[1,8,13,14],"killed_by":"The Guardian","ascension_level":20}}