{"host":"7ij4m6ehapfophuy","time":1613604361,"event":{"mods":["BaseMod","Bestiary","Curses Come First","Filter the Spire","Minty Spire (QoL Compilation)","Relic Stats","StSLib","ojb\u0027s Better Paths Mod"],"gold_per_floor":[115,132,132,132,148,178,178,188,188,217,233,250,284,284,284,388,388,404,417,431,61,81,107,107,107,107,141,66,66,78,104,104,202,202,217,217,229,243,61,93,110,141,141,154,179,191,222,248,260,272,284,296,87,120,120],"floor_reached":56,"language":"ENG","playtime":5759,"items_purged":["Regret","Bash"],"score":1451,"play_id":"a3da0266-36dd-4d5e-9e9c-a229ea8b2f01","local_time":"20210217182601","is_ascension_mode":true,"campfire_choices":[{"data":"Uppercut","floor":15.0,"key":"SMITH"},{"data":"Rupture","floor":25.0,"key":"SMITH"},{"data":"Exhume","floor":29.0,"key":"SMITH"},{"data":"Battle Trance","floor":32.0,"key":"SMITH"},{"data":"Rupture","floor":46.0,"key":"SMITH"},{"floor":49.0,"key":"RECALL"},{"data":"Brutality","floor":52.0,"key":"SMITH"}],"circlet_count":0,"master_deck":["Feed+1","Feed+1","Twin Strike+1","Rupture+1","Blood for Blood","Fire Breathing","Exhume+1","Uppercut+1","Shrug It Off","Impervious","Power Through+1","Shrug It Off","Brutality+1","Battle Trance+1","Bloodletting","Disarm+1","Second Wind+1","Feel No Pain","Reaper+1","Madness","Madness","Rupture+1","Seeing Red+1","Parasite","Sword Boomerang+1","Pommel Strike+1","Evolve"],"relics":["Pandora\u0027s Box","Du-Vu Doll","Incense Burner","Art of War","MealTicket","Cursed Key","Bag of Marbles","Bronze Scales","Regal Pillow","War Paint","Happy Flower","Mango","Black Star","Pen Nib","Unceasing Top","Strawberry","Ancient Tea Set","Meat on the Bone","MawBank","Question Card","ClockworkSouvenir","Mummified Hand","Whetstone"],"acts_visited":["Exordium","TheCity","TheBeyond","TheEnding"],"potions_floor_usage":[55,55,55,55],"damage_taken":[{"damage":0.0,"enemies":"Cultist","floor":1.0,"turns":2.0},{"damage":8.0,"enemies":"Jaw Worm","floor":2.0,"turns":3.0},{"damage":0.0,"enemies":"Small Slimes","floor":5.0,"turns":3.0},{"damage":24.0,"enemies":"Gremlin Nob","floor":6.0,"turns":4.0},{"damage":4.0,"enemies":"Red Slaver","floor":8.0,"turns":4.0},{"damage":11.0,"enemies":"3 Sentries","floor":10.0,"turns":5.0},{"damage":0.0,"enemies":"Large Slime","floor":11.0,"turns":5.0},{"damage":0.0,"enemies":"3 Louse","floor":12.0,"turns":4.0},{"damage":21.0,"enemies":"Gremlin Nob","floor":13.0,"turns":5.0},{"damage":20.0,"enemies":"Hexaghost","floor":16.0,"turns":9.0},{"damage":24.0,"enemies":"3 Byrds","floor":18.0,"turns":6.0},{"damage":3.0,"enemies":"2 Thieves","floor":19.0,"turns":4.0},{"damage":13.0,"enemies":"Centurion and Healer","floor":20.0,"turns":5.0},{"damage":14.0,"enemies":"3 Cultists","floor":22.0,"turns":4.0},{"damage":25.0,"enemies":"Slavers","floor":23.0,"turns":5.0},{"damage":18.0,"enemies":"Gremlin Leader","floor":27.0,"turns":5.0},{"damage":5.0,"enemies":"Snake Plant","floor":30.0,"turns":4.0},{"damage":5.0,"enemies":"Book of Stabbing","floor":31.0,"turns":4.0},{"damage":26.0,"enemies":"Collector","floor":33.0,"turns":7.0},{"damage":12.0,"enemies":"Orb Walker","floor":35.0,"turns":4.0},{"damage":6.0,"enemies":"3 Shapes","floor":37.0,"turns":4.0},{"damage":15.0,"enemies":"Maw","floor":38.0,"turns":8.0},{"damage":12.0,"enemies":"Nemesis","floor":40.0,"turns":7.0},{"damage":9.0,"enemies":"Spire Growth","floor":41.0,"turns":4.0},{"damage":11.0,"enemies":"Reptomancer","floor":42.0,"turns":6.0},{"damage":19.0,"enemies":"Sphere and 2 Shapes","floor":44.0,"turns":4.0},{"damage":13.0,"enemies":"Giant Head","floor":45.0,"turns":6.0},{"damage":29.0,"enemies":"4 Shapes","floor":47.0,"turns":4.0},{"damage":11.0,"enemies":"Maw","floor":48.0,"turns":4.0},{"damage":38.0,"enemies":"Donu and Deca","floor":50.0,"turns":7.0},{"damage":53.0,"enemies":"Shield and Spear","floor":54.0,"turns":6.0},{"damage":37,"enemies":"The Heart","floor":55,"turns":7}],"seed_played":"6630852220500671709","potions_obtained":[{"floor":2.0,"key":"LiquidMemories"},{"floor":5.0,"key":"Swift Potion"},{"floor":7.0,"key":"Block Potion"},{"floor":7.0,"key":"EntropicBrew"},{"floor":16.0,"key":"DistilledChaos"},{"floor":19.0,"key":"DistilledChaos"},{"floor":31.0,"key":"LiquidMemories"},{"floor":33.0,"key":"Ancient Potion"}],"is_trial":false,"path_per_floor":["M","M","?","?","M","E","?","M","T","E","M","M","E","?","R","B",null,"M","M","M","$","M","E","?","R","T","E","$","R","M","E","R","B",null,"M","?","M","M","$","E","M","E","T","M","E","R","M","M","R","B",null,"R","$","E","B",null],"character_chosen":"IRONCLAD","items_purchased":["Bag of Marbles","Bloodletting","Bronze Scales","Rupture","ClockworkSouvenir","Evolve"],"campfire_rested":0,"item_purchase_floors":[21,21,21,39,53,53],"current_hp_per_floor":[80,75,68,51,59,39,39,39,39,32,40,52,35,32,32,16,131,111,116,111,126,120,103,103,103,103,89,104,104,103,112,112,86,189,177,153,163,176,191,201,205,209,209,210,220,220,199,199,199,179,236,236,236,226,244],"gold":120,"neow_bonus":"BOSS_RELIC","is_daily":false,"chose_seed":false,"campfire_upgraded":6,"win_rate":0.0,"timestamp":1613604361,"path_taken":["M","M","?","?","M","E","?","?","T","E","M","M","E","?","R","BOSS","M","M","M","$","M","E","?","R","T","E","$","R","M","E","R","BOSS","M","?","M","M","$","E","M","E","T","M","E","R","M","M","R","BOSS","R","$","E","BOSS"],"items_purchased_type":["Relic","Card","Relic","Card","Relic","Card"],"build_version":"2020-12-22","purchased_purges":2,"victory":true,"max_hp_per_floor":[80,83,83,83,91,95,95,99,99,103,111,123,127,127,127,131,131,135,143,151,151,159,167,167,167,167,171,171,171,175,189,189,189,189,189,189,193,197,197,201,205,212,212,216,220,220,228,232,232,236,236,236,236,244,244],"relic_stats":{"Regal Pillow":0,"Happy Flower":[28],"counters":[32,159],"Pen Nib":[9],"Whetstone":["Twin Strike","Reaper"],"War Paint":["Disarm","Power Through"],"Cursed Key":2,"MawBank":96,"Question Card":3,"Mummified Hand":[5],"Bronze Scales":[336],"Pandora\u0027s Box":["Feed","Feed","Twin Strike","Rupture","Blood for Blood","Fire Breathing","Juggernaut","Exhume","Uppercut"],"MealTicket":45,"Art of War":[10],"Black Star":4,"obtain_stats":[{"Regal Pillow":23,"Happy Flower":27,"Mango":31,"Pen Nib":40,"Incense Burner":10,"Whetstone":54,"War Paint":26,"Cursed Key":17,"Ancient Tea Set":42,"MawBank":45,"Question Card":45,"Burning Blood":0,"ClockworkSouvenir":53,"Du-Vu Doll":6,"Mummified Hand":54,"Bronze Scales":21,"Strawberry":42,"Pandora\u0027s Box":0,"MealTicket":14,"Art of War":13,"Bag of Marbles":21,"Black Star":34,"Unceasing Top":40,"Meat on the Bone":43},{"Regal Pillow":15,"Happy Flower":16,"Mango":18,"Pen Nib":23,"Incense Burner":6,"Whetstone":31,"War Paint":15,"Cursed Key":10,"Ancient Tea Set":25,"MawBank":27,"Question Card":27,"Burning Blood":0,"ClockworkSouvenir":30,"Du-Vu Doll":4,"Mummified Hand":31,"Bronze Scales":13,"Strawberry":25,"Pandora\u0027s Box":0,"MealTicket":9,"Art of War":9,"Bag of Marbles":13,"Black Star":19,"Unceasing Top":23,"Meat on the Bone":25},{"Regal Pillow":68,"Happy Flower":73,"Mango":81,"Pen Nib":111,"Incense Burner":21,"Whetstone":152,"War Paint":68,"Cursed Key":44,"Ancient Tea Set":121,"MawBank":131,"Question Card":131,"Burning Blood":0,"ClockworkSouvenir":146,"Du-Vu Doll":12,"Mummified Hand":152,"Bronze Scales":59,"Strawberry":121,"Pandora\u0027s Box":0,"MealTicket":35,"Art of War":35,"Bag of Marbles":59,"Black Star":88,"Unceasing Top":111,"Meat on the Bone":121}],"Unceasing Top":[25],"Meat on the Bone":0},"card_choices":[{"not_picked":["Cleave","Wild Strike"],"picked":"Shrug It Off","floor":1.0},{"not_picked":["Havoc","Clash","Carnage"],"picked":"SKIP","floor":2.0},{"not_picked":["Anger","Entrench","Limit Break"],"picked":"SKIP","floor":5.0},{"not_picked":["Body Slam","Flex"],"picked":"Impervious","floor":6.0},{"not_picked":["Sword Boomerang","Twin Strike","Shockwave"],"picked":"SKIP","floor":8.0},{"not_picked":["Feed","Reckless Charge","Clash"],"picked":"SKIP","floor":10.0},{"not_picked":["Warcry","Cleave"],"picked":"Power Through","floor":11.0},{"not_picked":["Cleave","Infernal Blade"],"picked":"Shrug It Off","floor":12.0},{"not_picked":["Flame Barrier","Shrug It Off","Blood for Blood"],"picked":"SKIP","floor":13.0},{"not_picked":["Reaper","Exhume"],"picked":"Brutality","floor":16.0},{"not_picked":["Iron Wave","Perfected Strike","Searing Blow"],"picked":"SKIP","floor":18.0},{"not_picked":["Cleave","Anger","Iron Wave"],"picked":"SKIP","floor":19.0},{"not_picked":["Headbutt","Rampage"],"picked":"Battle Trance","floor":20.0},{"not_picked":["Rage","Flame Barrier"],"picked":"Disarm","floor":22.0},{"not_picked":["Dropkick","Feel No Pain"],"picked":"Second Wind+1","floor":23.0},{"not_picked":["Shrug It Off+1","Blood for Blood","Intimidate"],"picked":"SKIP","floor":27.0},{"not_picked":["Iron Wave","Warcry+1","Juggernaut"],"picked":"SKIP","floor":30.0},{"not_picked":["Sword Boomerang+1","Cleave"],"picked":"Feel No Pain","floor":31.0},{"not_picked":["Bludgeon","Berserk"],"picked":"Reaper","floor":33.0},{"not_picked":["Shrug It Off+1","Bloodletting","Havoc"],"picked":"SKIP","floor":35.0},{"not_picked":["Searing Blow+1","Warcry","Pommel Strike+1"],"picked":"SKIP","floor":37.0},{"not_picked":["Perfected Strike+1","Searing Blow+1","Shrug It Off+1"],"picked":"SKIP","floor":38.0},{"not_picked":["Shrug It Off","Anger+1","Corruption"],"picked":"SKIP","floor":40.0},{"not_picked":["Warcry","Flame Barrier","Infernal Blade"],"picked":"SKIP","floor":41.0},{"not_picked":["Warcry","Spot Weakness"],"picked":"Seeing Red+1","floor":42.0},{"not_picked":["Perfected Strike","Flex+1"],"picked":"Sword Boomerang+1","floor":44.0},{"not_picked":["Second Wind","Clash+1"],"picked":"Pommel Strike+1","floor":45.0},{"not_picked":["Cleave","Dual Wield","Shrug It Off","Bloodletting"],"picked":"SKIP","floor":47.0},{"not_picked":["Twin Strike","Armaments+1","Body Slam","Headbutt"],"picked":"SKIP","floor":48.0},{"not_picked":["Cleave+1","Second Wind","Inflame","Whirlwind"],"picked":"SKIP","floor":54.0}],"player_experience":1137644,"relics_obtained":[{"floor":6.0,"key":"Du-Vu Doll"},{"floor":10.0,"key":"Incense Burner"},{"floor":13.0,"key":"Art of War"},{"floor":23.0,"key":"Regal Pillow"},{"floor":26.0,"key":"War Paint"},{"floor":27.0,"key":"Happy Flower"},{"floor":31.0,"key":"Mango"},{"floor":40.0,"key":"Pen Nib"},{"floor":40.0,"key":"Unceasing Top"},{"floor":42.0,"key":"Strawberry"},{"floor":42.0,"key":"Ancient Tea Set"},{"floor":43.0,"key":"Meat on the Bone"},{"floor":45.0,"key":"MawBank"},{"floor":45.0,"key":"Question Card"},{"floor":54.0,"key":"Mummified Hand"},{"floor":54.0,"key":"Whetstone"}],"event_choices":[{"cards_removed":["Juggernaut"],"damage_healed":0.0,"max_hp_gain":0.0,"max_hp_loss":0.0,"gold_gain":0.0,"event_name":"Golden Wing","player_choice":"Card Removal","floor":3.0,"gold_loss":0.0,"damage_taken":7.0},{"damage_healed":0.0,"max_hp_gain":0.0,"max_hp_loss":0.0,"gold_gain":0.0,"event_name":"Shining Light","player_choice":"Entered Light","floor":4.0,"gold_loss":0.0,"damage_taken":17.0,"cards_upgraded":["Feed","Feed"]},{"damage_healed":0.0,"max_hp_gain":0.0,"max_hp_loss":0.0,"gold_gain":0.0,"event_name":"Lab","player_choice":"Got Potions","floor":7.0,"gold_loss":0.0,"damage_taken":0.0},{"damage_healed":0.0,"max_hp_gain":0.0,"max_hp_loss":0.0,"gold_gain":0.0,"event_name":"Scrap Ooze","player_choice":"Success","floor":14.0,"gold_loss":0.0,"damage_taken":3.0,"relics_obtained":["MealTicket"]},{"damage_healed":0.0,"max_hp_gain":0.0,"max_hp_loss":0.0,"gold_gain":0.0,"event_name":"Vampires","player_choice":"Ignored","floor":24.0,"gold_loss":0.0,"damage_taken":0.0},{"damage_healed":0.0,"max_hp_gain":0.0,"max_hp_loss":0.0,"gold_gain":0.0,"event_name":"Winding Halls","player_choice":"Embrace Madness","floor":36.0,"gold_loss":0.0,"damage_taken":24.0,"cards_obtained":["Madness","Madness"]}],"is_beta":false,"boss_relics":[{"not_picked":["Velvet Choker","Busted Crown"],"picked":"Cursed Key"},{"not_picked":["Calling Bell","Sozu"],"picked":"Black Star"}],"items_purged_floors":[28,39],"is_endless":false,"potions_floor_spawned":[2,5,8,13,16,19,23,31,33,37,38,42,44],"ascension_level":1}}