{"host":"t1puqh5lxz8sp6fn","time":1613558368,"event":{"mods":["AchievementEnabler","BaseMod","Colored Powertips","Minty Spire (QoL Compilation)","Rare Cards Sparkle","Relic Stats","StSLib"],"gold_per_floor":[113,113,124,140,151,151,178,178,205,146,55,55,71,103,103,181,181,195,195,208,226,253,283,6,34,86,38,58,76,76,76,76,76,76],"floor_reached":33,"playtime":1159,"items_purged":["Strike_B"],"score":516,"play_id":"f9cab610-d3e1-4cfa-8fee-42c718276580","local_time":"20210217073928","is_ascension_mode":true,"campfire_choices":[{"floor":6.0,"key":"REST"},{"data":"Loop","floor":12.0,"key":"SMITH"},{"floor":15.0,"key":"REST"},{"floor":30,"key":"REST"},{"floor":32,"key":"REST"}],"circlet_count":0,"master_deck":["AscendersBane","Strike_B+1","Strike_B","Strike_B","Defend_B+1","Defend_B","Defend_B","Defend_B","Zap+1","Dualcast","Cold Snap","Streamline","Go for the Eyes","Reinforced Body+1","Core Surge","Loop+1","Leap","Electrodynamics","Undo","Recycle","Discovery","Double Energy","Hologram","Chill"],"relics":["Cracked Core","Bronze Scales","Tiny Chest","Blood Vial","War Paint","Pen Nib","Nuclear Battery","MutagenicStrength","Potion Belt","Cables","Anchor"],"acts_visited":["Exordium","TheCity"],"potions_floor_usage":[25,28,29],"damage_taken":[{"damage":4.0,"enemies":"Small Slimes","floor":1.0,"turns":3.0},{"damage":12.0,"enemies":"Jaw Worm","floor":3.0,"turns":3.0},{"damage":0.0,"enemies":"Cultist","floor":4.0,"turns":3.0},{"damage":3.0,"enemies":"Blue Slaver","floor":5.0,"turns":3.0},{"damage":21.0,"enemies":"Lagavulin","floor":7.0,"turns":4.0},{"damage":5.0,"enemies":"Exordium Wildlife","floor":13.0,"turns":4.0},{"damage":17.0,"enemies":"3 Sentries","floor":14.0,"turns":5.0},{"damage":1.0,"enemies":"Hexaghost","floor":16.0,"turns":9.0},{"damage":8.0,"enemies":"2 Thieves","floor":18.0,"turns":3.0},{"damage":0.0,"enemies":"Spheric Guardian","floor":20.0,"turns":3.0},{"damage":26.0,"enemies":"Snake Plant","floor":21.0,"turns":4.0},{"damage":14.0,"enemies":"Book of Stabbing","floor":23.0,"turns":6.0},{"damage":17,"enemies":"Slavers","floor":25,"turns":3},{"damage":0,"enemies":"Centurion and Healer","floor":28,"turns":5},{"damage":4,"enemies":"Cultist and Chosen","floor":29,"turns":6},{"damage":71,"enemies":"Automaton","floor":33,"turns":6}],"seed_played":"-6788693358796929553","potions_obtained":[{"floor":5.0,"key":"FearPotion"},{"floor":7.0,"key":"PowerPotion"},{"floor":14.0,"key":"AttackPotion"},{"floor":16.0,"key":"Energy Potion"},{"floor":25,"key":"Dexterity Potion"}],"is_trial":false,"path_per_floor":["M","?","M","M","M","R","E","$","T","?","$","R","M","E","R","B",null,"M","?","M","M","T","E","$","E","T","$","M","M","R","?","R","B"],"character_chosen":"DEFECT","items_purchased":["Loop","Dexterity Potion","Recycle","Discovery","FocusPotion","Dexterity Potion"],"campfire_rested":4,"item_purchase_floors":[11,11,24,24,24,27],"current_hp_per_floor":[60,39,27,27,24,45,24,24,24,24,24,24,21,6,27,28,60,54,54,56,32,32,20,20,5,5,5,7,5,26,26,47,0,0],"gold":76,"neow_bonus":"RANDOM_COMMON_RELIC","is_daily":false,"chose_seed":false,"campfire_upgraded":1,"win_rate":0.0,"timestamp":1613558368,"path_taken":["M","?","M","M","M","R","E","$","T","?","$","R","?","E","R","BOSS","M","?","M","M","?","E","$","E","T","?","?","M","R","?","R","BOSS"],"items_purchased_type":["Card","Potion","Card","Card","Potion","Potion"],"build_version":"2020-12-13","purchased_purges":1,"victory":false,"max_hp_per_floor":[71,71,71,71,71,71,71,71,71,71,71,71,71,71,71,71,71,71,71,71,71,71,71,71,71,71,71,71,71,71,71,71,71,71],"relic_stats":{"Blood Vial":22,"counters":[16,69],"Bronze Scales":[215],"Tiny Chest":1,"Pen Nib":[7],"War Paint":["Reinforced Body","Defend_B"],"obtain_stats":[{"Blood Vial":9,"Potion Belt":23,"Anchor":26,"Bronze Scales":0,"MutagenicStrength":19,"Tiny Chest":7,"Pen Nib":14,"War Paint":10,"Cracked Core":0,"Nuclear Battery":17,"Cables":25},{"Blood Vial":5,"Potion Belt":12,"Anchor":13,"Bronze Scales":0,"MutagenicStrength":9,"Tiny Chest":5,"Pen Nib":7,"War Paint":5,"Cracked Core":0,"Nuclear Battery":8,"Cables":13},{"Blood Vial":16,"Potion Belt":49,"Anchor":52,"Bronze Scales":0,"MutagenicStrength":37,"Tiny Chest":16,"Pen Nib":25,"War Paint":16,"Cracked Core":0,"Nuclear Battery":34,"Cables":52}],"Cables":[15,9,3,0,3]},"card_choices":[{"not_picked":["Redo","Compile Driver"],"picked":"Cold Snap","floor":1.0},{"not_picked":["Force Field","Stack"],"picked":"Streamline","floor":3.0},{"not_picked":["Steam Power","Force Field"],"picked":"Go for the Eyes","floor":4.0},{"not_picked":["Conserve Battery","Beam Cell"],"picked":"Reinforced Body","floor":5.0},{"not_picked":["Sunder","Lockon"],"picked":"Core Surge","floor":7.0},{"not_picked":["Redo","Gash","Stack"],"picked":"SKIP","floor":13.0},{"not_picked":["Capacitor","Cold Snap"],"picked":"Leap","floor":14.0},{"not_picked":["All For One","Fission"],"picked":"Electrodynamics","floor":16.0},{"not_picked":["Cold Snap","Consume","Leap"],"picked":"SKIP","floor":18.0},{"not_picked":["Rebound","Ball Lightning"],"picked":"Undo","floor":20.0},{"not_picked":["Stack","Conserve Battery","Redo"],"picked":"SKIP","floor":21.0},{"not_picked":["Rebound+1","Fission","Force Field"],"picked":"SKIP","floor":23.0},{"not_picked":["Cold Snap","Leap"],"picked":"Double Energy","floor":25},{"not_picked":["Leap","Sunder"],"picked":"Hologram","floor":28},{"not_picked":["Sunder","Leap+1"],"picked":"Chill","floor":29}],"player_experience":541797,"relics_obtained":[{"floor":7.0,"key":"Tiny Chest"},{"floor":9.0,"key":"Blood Vial"},{"floor":14.0,"key":"Pen Nib"},{"floor":23.0,"key":"Potion Belt"},{"floor":25,"key":"Cables"},{"floor":26,"key":"Anchor"}],"event_choices":[{"damage_healed":0.0,"max_hp_gain":0.0,"max_hp_loss":0.0,"gold_gain":0.0,"event_name":"Shining Light","player_choice":"Entered Light","floor":2.0,"gold_loss":0.0,"damage_taken":21.0,"cards_upgraded":["Zap","Strike_B"]},{"damage_healed":0.0,"max_hp_gain":0.0,"max_hp_loss":0.0,"gold_gain":0.0,"event_name":"WeMeetAgain","player_choice":"Paid Gold","floor":10.0,"gold_loss":59.0,"damage_taken":0.0,"relics_obtained":["War Paint"]},{"damage_healed":0.0,"max_hp_gain":0.0,"max_hp_loss":0.0,"gold_gain":0.0,"event_name":"Drug Dealer","player_choice":"Inject Mutagens","floor":19.0,"gold_loss":0.0,"damage_taken":0.0,"relics_obtained":["MutagenicStrength"]},{"damage_healed":0,"gold_gain":0,"player_choice":"Ignored","damage_taken":0,"max_hp_gain":0,"max_hp_loss":0,"event_name":"The Mausoleum","floor":31,"gold_loss":0}],"is_beta":false,"boss_relics":[{"not_picked":["Fusion Hammer","Pandora\u0027s Box"],"picked":"Nuclear Battery"}],"items_purged_floors":[24],"is_endless":false,"potions_floor_spawned":[5,7,14,16,18,25],"killed_by":"Automaton","ascension_level":15}}