{"host":"bg8va46pgqgvtzim","time":1613566671,"event":{"mods":["BaseMod","Minty Spire (QoL Compilation)","Quick Restart","StSLib","SuperFastMode"],"gold_per_floor":[114,132,148,148,160,160,170,204,204,235,251,298,298,223,238,238,255,274,274,293,293,293,421,421,439,463,463,477,477,392,406,406,446,470,489,489,489,514,548,562,562,582,613,613,613,732,732,755,755,770,795,795,815,815,856,929,432,458,508,508,508,533,569,569,589,613,613,613,613,613,14,54,54],"floor_reached":74,"language":"ZHS","playtime":3225,"items_purged":["Strike_R","Strike_R","Heavy Blade+1"],"score":1542,"play_id":"fb478d29-43e7-4f99-a1ad-38f7c792ceca","local_time":"20210217205751","is_ascension_mode":true,"campfire_choices":[{"data":"Immolate","floor":9.0,"key":"SMITH"},{"data":"Armaments","floor":21.0,"key":"SMITH"},{"data":"Barricade","floor":22.0,"key":"SMITH"},{"data":"Entrench","floor":32.0,"key":"SMITH"},{"data":"Feel No Pain","floor":36.0,"key":"SMITH"},{"data":"Warcry","floor":41.0,"key":"SMITH"},{"data":"Feel No Pain","floor":45.0,"key":"SMITH"},{"data":"True Grit","floor":54,"key":"SMITH"},{"data":"Impervious","floor":61,"key":"SMITH"},{"floor":64,"key":"RECALL"},{"data":"Double Tap","floor":67,"key":"SMITH"},{"data":"Rage","floor":70,"key":"SMITH"}],"circlet_count":0,"master_deck":["Defend_R+1","Defend_R","Defend_R","Defend_R","Bash","Armaments+1","Immolate+1","Shrug It Off+1","Barricade+1","Double Tap+1","Reaper+1","Dual Wield+1","Evolve+1","Berserk+1","Havoc+1","Entrench+1","Rage+1","Intimidate+1","True Grit+1","Feel No Pain+1","Impervious+1","Warcry+1","Bloodletting+1","True Grit+1","Entrench+1","Burning Pact+1","Dropkick+1","Second Wind","Dark Embrace"],"relics":["Burning Blood","Magic Flower","Lizard Tail","Molten Egg 2","Red Skull","Juzu Bracelet","Golden Idol","Astrolabe","Self Forming Clay","Tiny Chest","Champion Belt","Regal Pillow","Omamori","InkBottle","Necronomicon","Runic Pyramid","Ginger","Letter Opener","Mummified Hand","OrangePellets","Nunchaku","Bag of Marbles","Unceasing Top","ClockworkSouvenir","Centennial Puzzle","Bag of Preparation"],"acts_visited":["Exordium","TheCity","TheBeyond","TheEnding"],"potions_floor_usage":[73,73],"damage_taken":[{"damage":2.0,"enemies":"2 Louse","floor":1.0,"turns":4.0},{"damage":1.0,"enemies":"Cultist","floor":2.0,"turns":4.0},{"damage":0.0,"enemies":"Small Slimes","floor":3.0,"turns":4.0},{"damage":10.0,"enemies":"Looter","floor":5.0,"turns":3.0},{"damage":0.0,"enemies":"Lots of Slimes","floor":7.0,"turns":1.0},{"damage":10.0,"enemies":"3 Sentries","floor":8.0,"turns":4.0},{"damage":27.0,"enemies":"Lagavulin","floor":10.0,"turns":8.0},{"damage":0.0,"enemies":"3 Louse","floor":11.0,"turns":1.0},{"damage":0.0,"enemies":"Exordium Thugs","floor":15.0,"turns":2.0},{"damage":10.0,"enemies":"Looter","floor":17.0,"turns":3.0},{"damage":8.0,"enemies":"Red Slaver","floor":18.0,"turns":3.0},{"damage":0.0,"enemies":"2 Fungi Beasts","floor":20.0,"turns":3.0},{"damage":23.0,"enemies":"Slime Boss","floor":23.0,"turns":11.0},{"damage":23.0,"enemies":"Spheric Guardian","floor":25.0,"turns":11.0},{"damage":18.0,"enemies":"Chosen","floor":26.0,"turns":5.0},{"damage":24.0,"enemies":"Centurion and Healer","floor":28.0,"turns":6.0},{"damage":12.0,"enemies":"Snake Plant","floor":31.0,"turns":15.0},{"damage":68.0,"enemies":"Slavers","floor":33.0,"turns":12.0},{"damage":0.0,"enemies":"Snecko","floor":34.0,"turns":10.0},{"damage":14.0,"enemies":"Centurion and Healer","floor":35.0,"turns":8.0},{"damage":62.0,"enemies":"Gremlin Leader","floor":39.0,"turns":14.0},{"damage":0.0,"enemies":"3 Cultists","floor":40.0,"turns":6.0},{"damage":9.0,"enemies":"Snake Plant","floor":42.0,"turns":9.0},{"damage":39.0,"enemies":"Slavers","floor":43.0,"turns":9.0},{"damage":13.0,"enemies":"Collector","floor":46.0,"turns":14.0},{"damage":9.0,"enemies":"Orb Walker","floor":48.0,"turns":5.0},{"damage":0.0,"enemies":"3 Shapes","floor":50.0,"turns":3.0},{"damage":0.0,"enemies":"3 Darklings","floor":51.0,"turns":1.0},{"damage":29,"enemies":"Writhing Mass","floor":53,"turns":16},{"damage":11,"enemies":"Nemesis","floor":55,"turns":13},{"damage":23,"enemies":"Jaw Worm Horde","floor":62,"turns":4},{"damage":18,"enemies":"Giant Head","floor":63,"turns":10},{"damage":6,"enemies":"Maw","floor":65,"turns":9},{"damage":10,"enemies":"3 Darklings","floor":66,"turns":4},{"damage":7,"enemies":"Donu and Deca","floor":68,"turns":17},{"damage":37,"enemies":"Shield and Spear","floor":72,"turns":8},{"damage":0,"enemies":"The Heart","floor":73,"turns":10}],"seed_played":"257954139404477465","potions_obtained":[{"floor":2.0,"key":"FearPotion"},{"floor":7.0,"key":"Block Potion"},{"floor":8.0,"key":"BloodPotion"},{"floor":11.0,"key":"EssenceOfSteel"},{"floor":17.0,"key":"Explosive Potion"},{"floor":18.0,"key":"DuplicationPotion"},{"floor":28.0,"key":"ColorlessPotion"},{"floor":40.0,"key":"LiquidBronze"},{"floor":48.0,"key":"Strength Potion"},{"floor":50.0,"key":"BloodPotion"}],"is_trial":false,"path_per_floor":["M","M","M","?","M","?","M","E","R","E","M","T","T","$","M","?","M","M","?","M","R","R","B",null,"M","M","?","M","?","?","M","R","E","M","M","R","T","T","E","M","R","M","E","?","R","B",null,"M","?","M","M","?","M","R","E","T","$","T","T","?","R","M","E","R","M","M","R","B",null,"R","$","E","B",null],"character_chosen":"IRONCLAD","items_purchased":["Mummified Hand","OrangePellets","Second Wind","Dark Embrace","ClockworkSouvenir","Centennial Puzzle","Energy Potion"],"campfire_rested":0,"item_purchase_floors":[57,57,71,71,71,71,71],"current_hp_per_floor":[63,71,80,80,79,79,80,79,79,61,70,70,70,70,79,63,62,79,59,68,68,68,54,80,80,71,71,72,72,72,74,74,80,80,80,80,80,80,80,80,80,80,80,64,64,80,80,80,80,80,80,80,65,65,69,69,69,69,69,69,69,66,80,80,80,79,79,80,80,80,80,80,80],"gold":54,"neow_bonus":"ONE_RARE_RELIC","is_daily":false,"chose_seed":false,"campfire_upgraded":11,"win_rate":0.0,"timestamp":1613566671,"path_taken":["M","M","M","?","M","?","M","E","R","E","M","T","T","$","M","?","M","M","?","M","R","R","BOSS","M","M","?","M","?","?","M","R","E","M","M","R","T","T","E","M","R","M","E","?","R","BOSS","M","?","M","M","?","M","R","E","?","$","T","T","?","R","M","E","R","M","M","R","BOSS","R","$","E","BOSS"],"items_purchased_type":["Relic","Relic","Card","Card","Relic","Relic","Potion"],"build_version":"2020-12-22","purchased_purges":3,"victory":true,"max_hp_per_floor":[80,80,80,80,80,80,80,80,80,80,80,80,80,80,80,80,80,80,80,80,80,80,80,80,80,80,80,80,80,80,80,80,80,80,80,80,80,80,80,80,80,80,80,80,80,80,80,80,80,80,80,80,80,80,80,80,80,80,80,80,80,80,80,80,80,80,80,80,80,80,80,80,80],"card_choices":[{"not_picked":["Clash","Headbutt"],"picked":"Armaments","floor":1.0},{"not_picked":["Sword Boomerang","Body Slam"],"picked":"Whirlwind","floor":2.0},{"not_picked":["Perfected Strike","Pummel"],"picked":"Anger","floor":3.0},{"not_picked":["Headbutt","Whirlwind"],"picked":"Immolate","floor":5.0},{"not_picked":["Dual Wield","Iron Wave"],"picked":"Shrug It Off","floor":7.0},{"not_picked":["Iron Wave+1","Hemokinesis+1","Heavy Blade+1"],"picked":"SKIP","floor":8.0},{"not_picked":["Clash+1","Infernal Blade","Seeing Red"],"picked":"SKIP","floor":10.0},{"not_picked":["Sever Soul+1","Pommel Strike+1","Thunderclap+1"],"picked":"SKIP","floor":11.0},{"not_picked":["Clash+1","Wild Strike+1"],"picked":"Barricade","floor":15.0},{"not_picked":["Cleave+1","Thunderclap+1","Anger+1"],"picked":"SKIP","floor":17.0},{"not_picked":["Warcry","Bloodletting"],"picked":"Double Tap","floor":18.0},{"not_picked":["Searing Blow+1","Dropkick+1","Blood for Blood+1"],"picked":"SKIP","floor":20.0},{"not_picked":["Bludgeon+1","Exhume"],"picked":"Reaper+1","floor":23.0},{"not_picked":["Metallicize+1","Combust"],"picked":"Feel No Pain","floor":25.0},{"not_picked":["Searing Blow+1","Warcry+1"],"picked":"Havoc+1","floor":26.0},{"not_picked":["Warcry","True Grit"],"picked":"Entrench","floor":28.0},{"not_picked":["Spot Weakness","Sever Soul+1"],"picked":"Intimidate+1","floor":31.0},{"not_picked":["Flex","Body Slam+1"],"picked":"True Grit+1","floor":33.0},{"not_picked":["Clothesline+1","Juggernaut","Clash+1"],"picked":"SKIP","floor":34.0},{"not_picked":["Perfected Strike+1","Wild Strike+1"],"picked":"Feel No Pain","floor":35.0},{"not_picked":["Twin Strike+1","Havoc"],"picked":"Impervious","floor":39.0},{"not_picked":["Dropkick+1","Rage"],"picked":"Warcry","floor":40.0},{"not_picked":["Cleave+1","Twin Strike+1"],"picked":"Bloodletting+1","floor":42.0},{"not_picked":["Headbutt+1","Cleave+1","Searing Blow+1"],"picked":"SKIP","floor":43.0},{"not_picked":["Entrench","Heavy Blade+1"],"picked":"True Grit","floor":48.0},{"not_picked":["Flex","Pommel Strike+1","Cleave+1"],"picked":"SKIP","floor":50.0},{"not_picked":["Brutality","Hemokinesis+1"],"picked":"Entrench+1","floor":51.0},{"not_picked":["Carnage+1","Headbutt+1"],"picked":"Burning Pact+1","floor":53},{"not_picked":["Anger+1","Thunderclap+1","Armaments"],"picked":"SKIP","floor":55},{"not_picked":["Rage+1","Flame Barrier+1","Sword Boomerang+1"],"picked":"SKIP","floor":62},{"not_picked":["Clothesline+1","Uppercut+1"],"picked":"Dropkick+1","floor":63},{"not_picked":["Armaments+1","Flex+1","Iron Wave+1"],"picked":"SKIP","floor":65},{"not_picked":["Warcry","Flex+1","Pummel+1"],"picked":"SKIP","floor":66},{"not_picked":["Sword Boomerang+1","Twin Strike+1","Shrug It Off+1"],"picked":"SKIP","floor":72}],"player_experience":2485753,"relics_obtained":[{"floor":8.0,"key":"Molten Egg 2"},{"floor":10.0,"key":"Red Skull"},{"floor":12.0,"key":"Juzu Bracelet"},{"floor":33.0,"key":"Tiny Chest"},{"floor":37.0,"key":"Champion Belt"},{"floor":38.0,"key":"Regal Pillow"},{"floor":39.0,"key":"Omamori"},{"floor":43.0,"key":"InkBottle"},{"floor":44.0,"key":"Necronomicon"},{"floor":55,"key":"Ginger"},{"floor":56,"key":"Letter Opener"},{"floor":58,"key":"Nunchaku"},{"floor":59,"key":"Bag of Marbles"},{"floor":63,"key":"Unceasing Top"},{"floor":72,"key":"Bag of Preparation"}],"event_choices":[{"damage_healed":0.0,"max_hp_gain":0.0,"max_hp_loss":0.0,"gold_gain":0.0,"event_name":"Liars Game","player_choice":"Ignored","floor":4.0,"gold_loss":0.0,"damage_taken":0.0},{"damage_healed":0.0,"max_hp_gain":0.0,"max_hp_loss":0.0,"gold_gain":0.0,"event_name":"WeMeetAgain","player_choice":"Gave Potion","floor":6.0,"gold_loss":0.0,"damage_taken":0.0,"relics_obtained":["Lizard Tail"]},{"damage_healed":0.0,"max_hp_gain":0.0,"max_hp_loss":0.0,"gold_gain":0.0,"event_name":"Shining Light","player_choice":"Entered Light","floor":16.0,"gold_loss":0.0,"damage_taken":16.0,"cards_upgraded":["Shrug It Off","Defend_R"]},{"damage_healed":0.0,"max_hp_gain":0.0,"max_hp_loss":0.0,"gold_gain":0.0,"event_name":"Golden Idol","player_choice":"Take Damage","floor":19.0,"gold_loss":0.0,"damage_taken":20.0,"relics_obtained":["Golden Idol"]},{"damage_healed":0.0,"max_hp_gain":0.0,"max_hp_loss":0.0,"gold_gain":0.0,"event_name":"The Woman in Blue","player_choice":"Bought 0 Potions","floor":27.0,"gold_loss":0.0,"damage_taken":0.0},{"damage_healed":0.0,"max_hp_gain":0.0,"max_hp_loss":0.0,"gold_gain":0.0,"cards_transformed":["Strike_R","Strike_R"],"event_name":"Drug Dealer","player_choice":"Became Test Subject","floor":29.0,"gold_loss":0.0,"damage_taken":0.0,"cards_obtained":["Heavy Blade","Rage"]},{"damage_healed":0.0,"max_hp_gain":0.0,"max_hp_loss":0.0,"gold_gain":0.0,"event_name":"Addict","player_choice":"Obtained Relic","floor":30.0,"gold_loss":85.0,"damage_taken":0.0,"relics_obtained":["Self Forming Clay"]},{"damage_healed":0.0,"max_hp_gain":0.0,"max_hp_loss":0.0,"gold_gain":0.0,"event_name":"Cursed Tome","player_choice":"Obtained Book","floor":44.0,"gold_loss":0.0,"damage_taken":16.0},{"damage_healed":0.0,"max_hp_gain":0.0,"max_hp_loss":0.0,"gold_gain":0.0,"event_name":"Tomb of Lord Red Mask","player_choice":"Ignored","floor":49.0,"gold_loss":0.0,"damage_taken":0.0},{"damage_healed":0.0,"max_hp_gain":0.0,"max_hp_loss":0.0,"gold_gain":0.0,"event_name":"Wheel of Change","player_choice":"Full Heal","floor":52.0,"gold_loss":0.0,"damage_taken":0.0},{"cards_removed":["Feel No Pain"],"damage_healed":0,"gold_gain":0,"player_choice":"Removed Power","damage_taken":0,"max_hp_gain":0,"max_hp_loss":0,"event_name":"Falling","floor":60,"gold_loss":0}],"is_beta":false,"boss_relics":[{"not_picked":["Runic Dome","SlaversCollar"],"picked":"Astrolabe"},{"not_picked":["Snecko Eye","Philosopher\u0027s Stone"],"picked":"Runic Pyramid"}],"items_purged_floors":[14,57,71],"is_endless":false,"potions_floor_spawned":[2,7,8,11,17,18,20,25,28,35,39,40,46,48,50,53,65,66,72],"ascension_level":1}}