{"host":"j5shy70asow5koz5","time":1613530346,"event":{"mods":["2.2 Compatiblity","Act Like it!","Arknights","BaseMod","Colored Map","Marisa£¨Ùöéë¡¡Øª×âÞÞ£©","Minty Spire (QoL Compilation)","Prisma Mod","StSLib","SuperFastMode","Td1madao Mod","The Disciple","The Gatherer","The Servant 0.9.4","Waifu the Spire"],"gold_per_floor":[111,126,126,143,159,159,189,203,203,203,203,203,217,246,246,343,343,359,359,359,23,39,68,68,68,68,87,103,133,153,173,173,274,274,287,337,441,452,47,72,72,82,82,112,112,123,123,137,137,137],"floor_reached":51,"language":"KOR","playtime":1302,"items_purged":["Strike_P","Strike_P"],"score":799,"play_id":"913bb772-38f0-453d-ac8f-ae2358557056","local_time":"20210217115226","is_ascension_mode":false,"campfire_choices":[{"data":"Eruption","floor":6.0,"key":"SMITH"},{"data":"FollowUp","floor":10.0,"key":"SMITH"},{"data":"EmptyFist","floor":12.0,"key":"SMITH"},{"floor":15.0,"key":"DIG"},{"floor":24.0,"key":"DIG"},{"floor":32.0,"key":"REST"},{"floor":41.0,"key":"DIG"},{"floor":45.0,"key":"DIG"},{"floor":49,"key":"DIG"}],"circlet_count":0,"master_deck":["Strike_P+1","Strike_P+1","Defend_P+1","Defend_P","Defend_P+1","Eruption+1","Vigilance","EmptyFist+1","FollowUp+1","EmptyFist","CutThroughFate","FollowUp","Alpha","FlurryOfBlows","EmptyBody+1","FlurryOfBlows","Protect","FlurryOfBlows","FlurryOfBlows","ClearTheMind+1"],"relics":["HolyWater","War Paint","Odd Mushroom","InkBottle","Smiling Mask","Shovel","Whetstone","MutagenicStrength","Ginger","Incense Burner","Omamori","SsserpentHead","MealTicket","Gambling Chip","Cursed Key","TungstenRod","Mercury Hourglass","The Courier","Centennial Puzzle","Blood Vial","Darkstone Periapt","Bottled Flame","FossilizedHelix"],"acts_visited":["Exordium","TheCity","TheBeyond"],"potions_floor_usage":[50,50,50],"damage_taken":[{"damage":0.0,"enemies":"ats:Genji","floor":1.0,"turns":6.0},{"damage":0.0,"enemies":"Small Slimes","floor":2.0,"turns":3.0},{"damage":3.0,"enemies":"Jaw Worm","floor":4.0,"turns":3.0},{"damage":7.0,"enemies":"3 Louse","floor":5.0,"turns":3.0},{"damage":5.0,"enemies":"The Mushroom Lair","floor":7.0,"turns":5.0},{"damage":7.0,"enemies":"2 Fungi Beasts","floor":8.0,"turns":3.0},{"damage":0.0,"enemies":"Red Slaver","floor":13.0,"turns":3.0},{"damage":6.0,"enemies":"3 Sentries","floor":14.0,"turns":5.0},{"damage":22.0,"enemies":"Hexaghost","floor":16.0,"turns":9.0},{"damage":2.0,"enemies":"Chosen","floor":18.0,"turns":3.0},{"damage":2.0,"enemies":"Spheric Guardian","floor":22.0,"turns":3.0},{"damage":14.0,"enemies":"Book of Stabbing","floor":23.0,"turns":3.0},{"damage":0.0,"enemies":"Chosen and Byrds","floor":27.0,"turns":3.0},{"damage":0.0,"enemies":"Centurion and Healer","floor":28.0,"turns":2.0},{"damage":19.0,"enemies":"Slavers","floor":29.0,"turns":4.0},{"damage":0.0,"enemies":"Snecko","floor":30.0,"turns":2.0},{"damage":5.0,"enemies":"Snake Plant","floor":31.0,"turns":3.0},{"damage":35.0,"enemies":"Collector","floor":33.0,"turns":7.0},{"damage":7.0,"enemies":"3 Darklings","floor":35.0,"turns":4.0},{"damage":25.0,"enemies":"2 Orb Walkers","floor":37.0,"turns":5.0},{"damage":16.0,"enemies":"3 Shapes","floor":38.0,"turns":2.0},{"damage":10.0,"enemies":"Nemesis","floor":40.0,"turns":5.0},{"damage":9.0,"enemies":"3 Darklings","floor":42.0,"turns":2.0},{"damage":10.0,"enemies":"Giant Head","floor":44.0,"turns":6.0},{"damage":15.0,"enemies":"Spire Growth","floor":46.0,"turns":2.0},{"damage":0,"enemies":"Maw","floor":48,"turns":4},{"damage":41,"enemies":"Time Eater","floor":50,"turns":6}],"seed_played":"-6595917488355738541","potions_obtained":[{"floor":5.0,"key":"Fruit Juice"},{"floor":8.0,"key":"Fruit Juice"},{"floor":14.0,"key":"Energy Potion"},{"floor":22.0,"key":"StancePotion"},{"floor":23.0,"key":"SkillPotion"},{"floor":28.0,"key":"CultistPotion"},{"floor":29.0,"key":"LiquidMemories"},{"floor":40.0,"key":"BlessingOfTheForge"},{"floor":42.0,"key":"ColorlessPotion"},{"floor":44.0,"key":"PowerPotion"},{"floor":46.0,"key":"PowerPotion"}],"is_trial":false,"path_per_floor":["M","M","?","M","M","R","?","M","T","R","?","R","M","E","R","B",null,"M","?","?","$","M","E","R","?","T","M","M","E","M","M","R","B",null,"M","?","?","M","$","E","R","M","T","E","R","M","$","M","R","B",null],"character_chosen":"WATCHER","items_purchased":["Ginger","Mercury Hourglass","Regen Potion","EssenceOfSteel"],"campfire_rested":1,"item_purchase_floors":[21,39,39,39],"current_hp_per_floor":[72,72,72,69,67,67,62,60,60,60,42,42,42,36,36,14,82,80,80,64,64,62,48,48,48,48,48,48,29,29,24,50,15,87,80,80,55,39,54,58,58,49,49,41,41,28,43,45,45,6],"gold":137,"neow_bonus":"RANDOM_COMMON_RELIC","is_daily":false,"chose_seed":false,"campfire_upgraded":3,"win_rate":0.0,"timestamp":1613530346,"path_taken":["M","M","?","M","M","R","?","M","T","R","?","R","M","E","R","BOSS","M","?","?","$","M","E","R","?","T","M","M","E","M","M","R","BOSS","M","?","?","M","?","E","R","M","T","E","R","M","$","M","R","BOSS"],"items_purchased_type":["Relic","Relic","Potion","Potion"],"build_version":"2020-12-22","purchased_purges":2,"victory":true,"max_hp_per_floor":[72,72,72,72,77,77,77,82,82,82,82,82,82,82,82,82,82,82,82,87,87,87,87,87,87,87,87,87,87,87,87,87,87,87,87,87,87,87,87,87,87,87,87,87,87,87,87,87,87,87],"card_choices":[{"not_picked":["Consecrate","CrushJoints"],"picked":"EmptyFist","floor":1.0},{"not_picked":["Conclude","PathToVictory","Prostrate"],"picked":"SKIP","floor":2.0},{"not_picked":["Evaluate","Halt"],"picked":"FollowUp","floor":4.0},{"not_picked":["Evaluate","WindmillStrike"],"picked":"EmptyFist","floor":5.0},{"not_picked":["PathToVictory","InnerPeace"],"picked":"CutThroughFate","floor":7.0},{"not_picked":["ReachHeaven","Fasting2"],"picked":"FollowUp","floor":8.0},{"not_picked":["FollowUp","Devotion","Worship"],"picked":"SKIP","floor":13.0},{"not_picked":["Consecrate","Protect","Evaluate"],"picked":"SKIP","floor":14.0},{"not_picked":["DevaForm","Devotion"],"picked":"Alpha","floor":16.0},{"not_picked":["MentalFortress","SashWhip","ClearTheMind"],"picked":"SKIP","floor":18.0},{"not_picked":["BattleHymn","WheelKick"],"picked":"FlurryOfBlows","floor":22.0},{"not_picked":["Weave","BattleHymn"],"picked":"EmptyBody+1","floor":23.0},{"not_picked":["DeceiveReality+1","WaveOfTheHand","EmptyFist"],"picked":"SKIP","floor":27.0},{"not_picked":["JustLucky","BattleHymn+1"],"picked":"FlurryOfBlows","floor":28.0},{"not_picked":["Meditate","PathToVictory"],"picked":"Protect","floor":29.0},{"not_picked":["Consecrate","EmptyBody","ThirdEye"],"picked":"SKIP","floor":30.0},{"not_picked":["Sanctity+1","Conclude"],"picked":"FlurryOfBlows","floor":31.0},{"not_picked":["Evaluate+1","PathToVictory+1","Swivel"],"picked":"SKIP","floor":35.0},{"not_picked":["Evaluate+1","DeceiveReality+1"],"picked":"FlurryOfBlows","floor":38.0},{"not_picked":["DevaForm","Weave","CarveReality+1"],"picked":"SKIP","floor":40.0},{"not_picked":["ClearTheMind+1","Evaluate","CutThroughFate+1"],"picked":"SKIP","floor":42.0},{"not_picked":["Evaluate","CutThroughFate+1"],"picked":"ClearTheMind+1","floor":42.0},{"not_picked":["ClearTheMind+1","PathToVictory+1","SashWhip+1"],"picked":"SKIP","floor":44.0},{"not_picked":["ThirdEye","Worship+1","EmptyBody"],"picked":"SKIP","floor":46.0},{"not_picked":["ClearTheMind","Devotion","CrushJoints"],"picked":"SKIP","floor":48}],"player_experience":112610,"relics_obtained":[{"floor":7.0,"key":"Odd Mushroom"},{"floor":9.0,"key":"InkBottle"},{"floor":14.0,"key":"Shovel"},{"floor":15.0,"key":"Whetstone"},{"floor":23.0,"key":"Incense Burner"},{"floor":24.0,"key":"Omamori"},{"floor":26.0,"key":"MealTicket"},{"floor":29.0,"key":"Gambling Chip"},{"floor":37.0,"key":"TungstenRod"},{"floor":40.0,"key":"The Courier"},{"floor":41.0,"key":"Centennial Puzzle"},{"floor":43.0,"key":"Blood Vial"},{"floor":44.0,"key":"Darkstone Periapt"},{"floor":45.0,"key":"Bottled Flame"},{"floor":49,"key":"FossilizedHelix"}],"event_choices":[{"damage_healed":0.0,"max_hp_gain":0.0,"max_hp_loss":0.0,"gold_gain":0.0,"event_name":"Liars Game","player_choice":"Ignored","floor":3.0,"gold_loss":0.0,"damage_taken":0.0},{"damage_healed":0.0,"max_hp_gain":0.0,"max_hp_loss":0.0,"gold_gain":0.0,"event_name":"Mushrooms","player_choice":"Fought Mushrooms","floor":7.0,"gold_loss":0.0,"damage_taken":0.0},{"damage_healed":0.0,"max_hp_gain":0.0,"max_hp_loss":0.0,"gold_gain":0.0,"event_name":"Scrap Ooze","player_choice":"Success","floor":11.0,"gold_loss":0.0,"damage_taken":18.0,"relics_obtained":["Smiling Mask"]},{"damage_healed":0.0,"max_hp_gain":0.0,"max_hp_loss":0.0,"gold_gain":0.0,"event_name":"Drug Dealer","player_choice":"Inject Mutagens","floor":19.0,"gold_loss":0.0,"damage_taken":0.0,"relics_obtained":["MutagenicStrength"]},{"damage_healed":0.0,"max_hp_gain":5.0,"max_hp_loss":0.0,"gold_gain":0.0,"event_name":"Forgotten Altar","player_choice":"Shed Blood","floor":20.0,"gold_loss":0.0,"damage_taken":21.0},{"damage_healed":0.0,"max_hp_gain":0.0,"max_hp_loss":0.0,"gold_gain":0.0,"event_name":"FaceTrader","player_choice":"Trade","floor":25.0,"gold_loss":0.0,"damage_taken":0.0,"relics_obtained":["SsserpentHead"]},{"cards_removed":["Defend_P"],"damage_healed":0.0,"max_hp_gain":0.0,"max_hp_loss":0.0,"gold_gain":0.0,"event_name":"Falling","player_choice":"Removed Skill","floor":36.0,"gold_loss":0.0,"damage_taken":0.0},{"damage_healed":0.0,"max_hp_gain":0.0,"max_hp_loss":0.0,"gold_gain":0.0,"event_name":"Mysterious Sphere","player_choice":"Fight","floor":37.0,"gold_loss":0.0,"damage_taken":0.0}],"is_beta":false,"boss_relics":[{"not_picked":["Busted Crown","Empty Cage"],"picked":"HolyWater"},{"not_picked":["Philosopher\u0027s Stone","Runic Dome"],"picked":"Cursed Key"}],"items_purged_floors":[21,39],"is_endless":false,"potions_floor_spawned":[5,8,14,22,23,28,29,40,42,44,46],"ascension_level":0}}