{"host":"7t8rqoeeopyy0nh0","time":1613598014,"event":{"mods":["AchievementEnabler","Aspiration","BaseMod","Better Third Choice","BetterRewards","Colored Map","Colored Powertips","Conspire","Downfall","Hubris","Minty Spire (QoL Compilation)","Permanent Neow","Quick Restart","Random Character Button","Rare Cards Sparkle","Reliquary","Replay The Spire","StSLib"],"gold_per_floor":[119,119,136,136,146,146,180,180,257,257,289,109,135,146,146,146,146],"floor_reached":16,"language":"ENG","playtime":581,"items_purged":[],"score":227,"play_id":"bf8277bb-e4d6-4314-9544-164818c31ba5","local_time":"20210217164014","is_ascension_mode":true,"campfire_choices":[{"floor":6,"key":"REST"},{"floor":8,"key":"REST"},{"floor":10,"key":"REST"},{"data":"DevaForm","floor":15,"key":"SMITH"}],"circlet_count":0,"master_deck":["Wraith Form v2","Strike_P","Strike_P","Strike_P","Defend_P","Defend_P","Defend_P","Defend_P","Eruption","Vigilance","DevaForm+1","EmptyFist","Consecrate","EmptyBody","CarveReality","FollowUp","JustLucky","EmptyFist","BowlingBash","ThirdEye","ThirdEye","Nirvana","FearNoEvil","Indignation"],"relics":["PureWater","TungstenRod","Girya","conspire:BottledYoYo","Garlic","conspire:GlowingRock","Replay:Mystery Machine"],"acts_visited":["Exordium"],"potions_floor_usage":[11,11,13],"damage_taken":[{"damage":7,"enemies":"Small Slimes","floor":1,"turns":4},{"damage":21,"enemies":"2 Louse","floor":3,"turns":3},{"damage":0,"enemies":"Jaw Worm","floor":5,"turns":3},{"damage":18,"enemies":"Gremlin Nob","floor":7,"turns":6},{"damage":6,"enemies":"3 Sentries","floor":11,"turns":4},{"damage":19,"enemies":"Lagavulin","floor":13,"turns":7},{"damage":1,"enemies":"Looter","floor":14,"turns":3},{"damage":32,"enemies":"Hexaghost","floor":16,"turns":12}],"seed_played":"-5308778131742581018","potions_obtained":[{"floor":7,"key":"EntropicBrew"},{"floor":11,"key":"SneckoOil"}],"is_trial":false,"path_per_floor":["M","?","M","?","M","R","E","R","T","R","E","$","E","M","R","B"],"character_chosen":"WATCHER","items_purchased":["DevaForm","Girya","EmptyFist","Consecrate","ThirdEye","Nirvana","FearNoEvil"],"campfire_rested":3,"item_purchase_floors":[0,0,0,0,12,12,12],"current_hp_per_floor":[26,26,5,5,5,26,8,29,29,50,44,44,25,24,24,0,0],"gold":146,"neow_bonus":"","is_daily":false,"chose_seed":false,"campfire_upgraded":1,"win_rate":0.0,"timestamp":1613598014,"path_taken":["M","?","M","?","M","R","E","R","T","R","E","$","E","?","R","BOSS"],"items_purchased_type":["Card","Relic","Card","Card","Card","Card","Card"],"build_version":"2020-12-22","purchased_purges":0,"victory":false,"max_hp_per_floor":[72,72,72,72,72,72,72,72,72,72,72,72,72,72,72,72,72],"card_choices":[{"not_picked":["Replay:Vibes","Adaptation"],"picked":"EmptyBody","floor":1},{"not_picked":["Halt","DeceiveReality"],"picked":"CarveReality","floor":3},{"not_picked":["Replay:Hum","Crescendo"],"picked":"JustLucky","floor":5},{"not_picked":["ClearTheMind","Swivel"],"picked":"EmptyFist","floor":7},{"not_picked":["PathToVictory","CrushJoints"],"picked":"BowlingBash","floor":11},{"not_picked":["FollowUp","Study","Replay:BluntJabs"],"picked":"SKIP","floor":13},{"not_picked":["FearNoEvil","Halt"],"picked":"Indignation","floor":14}],"player_experience":441745,"relics_obtained":[{"floor":7,"key":"conspire:BottledYoYo"},{"floor":9,"key":"Garlic"},{"floor":11,"key":"conspire:GlowingRock"},{"floor":13,"key":"Replay:Mystery Machine"}],"event_choices":[{"damage_healed":0,"gold_gain":0,"player_choice":"Leave","damage_taken":0,"max_hp_gain":0,"max_hp_loss":0,"event_name":"conspire:Investor","floor":2,"gold_loss":0},{"damage_healed":0,"gold_gain":0,"cards_transformed":["Strike_P"],"player_choice":"Transformed","damage_taken":0,"max_hp_gain":0,"max_hp_loss":0,"event_name":"Transmorgrifier","floor":4,"gold_loss":0,"cards_obtained":["FollowUp"]}],"is_beta":false,"boss_relics":[],"items_purged_floors":[],"is_endless":false,"potions_floor_spawned":[7,11],"killed_by":"Hexaghost","ascension_level":7}}