{"host":"c83fcgyuu74iknko","time":1613545202,"event":{"mods":["BaseMod","BetterRewards","Colored Map","Colored Powertips","Minty Spire (QoL Compilation)","Quick Restart","StSLib","The Animator","The Senshi"],"gold_per_floor":[284,301,333,87,87,87,37,37,62,106,131,131,31,56,56,189,189,241,241,166,41,41,86,162,186,212,227,77,95,142,163,163,274,274,289,114,132,132,147,147,171,171,171,171,190,190,214,236,236,246],"floor_reached":51,"language":"ENG","playtime":2759,"items_purged":["animator:Strike","animator:Strike","animator:Defend","animator:Defend","animator:Melzalgald"],"score":744,"play_id":"d55b9c09-deea-495f-b6a2-fc0617574ee8","local_time":"20210216230002","is_ascension_mode":false,"campfire_choices":[{"data":"animator:Hibiki","floor":6,"key":"SMITH"},{"data":"animator:Shimakaze","floor":8,"key":"SMITH"},{"data":"animator:Defend_Kancolle","floor":12,"key":"SMITH"},{"floor":15,"key":"REST"},{"data":"animator:MumenRider","floor":32,"key":"SMITH"},{"data":"animator:Saitama","floor":40,"key":"SMITH"},{"floor":42,"key":"REST"},{"floor":44,"key":"RECALL"},{"floor":49,"key":"REST"}],"circlet_count":0,"master_deck":["animator:Strike_Kancolle","animator:Defend_Kancolle+1","animator:Shimakaze+1","animator:SilverFang","animator:Genos","animator:Hibiki+1","animator:MetalKnight","animator:MumenRider+1","animator:Saitama+1","animator:SilverFang","animator:Tatsumaki","Parasite","animator:MumenRider+1","animator:MumenRider+1"],"relics":["animator:VividPicture","animator:TheMissingPiece","Bloody Idol","Boot","Oddly Smooth Stone","Pocketwatch","InkBottle","Nunchaku","animator:ShionDessert","animator:RacePiece","Prayer Wheel"],"acts_visited":["Exordium","TheCity","TheBeyond"],"potions_floor_usage":[11,47,50,50],"damage_taken":[{"damage":2,"enemies":"Small Slimes","floor":1,"turns":5},{"damage":0,"enemies":"2 Louse","floor":2,"turns":6},{"damage":3,"enemies":"Jaw Worm","floor":3,"turns":7},{"damage":24,"enemies":"3 Sentries","floor":10,"turns":8},{"damage":0,"enemies":"3 Louse","floor":11,"turns":3},{"damage":1,"enemies":"Looter","floor":14,"turns":3},{"damage":0,"enemies":"The Guardian","floor":16,"turns":10},{"damage":4,"enemies":"3 Byrds","floor":18,"turns":5},{"damage":21,"enemies":"Gremlin Leader","floor":23,"turns":4},{"damage":20,"enemies":"2 Thieves","floor":25,"turns":4},{"damage":0,"enemies":"Chosen and Byrds","floor":27,"turns":4},{"damage":5,"enemies":"Shelled Parasite and Fungi","floor":29,"turns":4},{"damage":0,"enemies":"3 Cultists","floor":31,"turns":4},{"damage":50,"enemies":"Automaton","floor":33,"turns":8},{"damage":15,"enemies":"3 Shapes","floor":35,"turns":5},{"damage":0,"enemies":"Orb Walker","floor":37,"turns":2},{"damage":24,"enemies":"Writhing Mass","floor":39,"turns":6},{"damage":21,"enemies":"Spire Growth","floor":41,"turns":4},{"damage":41,"enemies":"Jaw Worm Horde","floor":45,"turns":3},{"damage":15,"enemies":"3 Darklings","floor":47,"turns":5},{"damage":12,"enemies":"Maw","floor":48,"turns":8},{"damage":41,"enemies":"Awakened One","floor":50,"turns":7}],"seed_played":"-7546659127931831511","potions_obtained":[{"floor":10,"key":"animator:FalseLifePotion"},{"floor":11,"key":"Ancient Potion"},{"floor":14,"key":"SpeedPotion"},{"floor":18,"key":"Regen Potion"},{"floor":23,"key":"Dexterity Potion"},{"floor":47,"key":"SpeedPotion"},{"floor":48,"key":"Regen Potion"}],"is_trial":false,"path_per_floor":["M","M","M","$","?","R","?","R","T","E","M","R","$","M","R","B",null,"M","?","?","$","?","E","T","M","T","M","$","M","T","M","R","B",null,"M","$","M","$","M","R","M","R","T","R","M","$","M","M","R","B",null],"character_chosen":"THE_ANIMATOR","items_purchased":["animator:Hibiki"],"campfire_rested":3,"item_purchase_floors":[4],"current_hp_per_floor":[66,67,66,66,50,50,50,50,50,33,33,33,33,35,55,61,68,67,67,67,67,67,62,67,62,67,70,70,70,70,70,70,27,70,65,65,70,70,56,56,50,70,70,70,34,34,41,44,65,49],"gold":246,"neow_bonus":"ONE_RANDOM_RARE_CARD","is_daily":false,"chose_seed":false,"campfire_upgraded":5,"win_rate":0.0,"timestamp":1613545202,"path_taken":["M","M","M","$","?","R","?","R","T","E","M","R","$","M","R","BOSS","M","?","?","$","?","E","?","M","T","?","$","M","?","M","R","BOSS","M","$","M","?","?","R","M","R","T","R","M","$","M","M","R","BOSS"],"items_purchased_type":["Card"],"build_version":"2020-12-22","purchased_purges":5,"victory":true,"max_hp_per_floor":[66,67,67,67,67,67,67,67,67,68,68,68,68,68,68,68,68,68,68,68,68,68,70,70,70,70,70,70,70,70,70,70,70,70,70,70,70,70,70,70,70,70,70,70,70,70,70,70,70,70],"card_choices":[{"not_picked":["animator:Entoma","animator:PandorasActor"],"picked":"animator:Sonic","floor":1},{"not_picked":["animator:PandorasActor","animator:MumenRider"],"picked":"animator:SilverFang","floor":2},{"not_picked":["animator:PandorasActor","animator:Shalltear"],"picked":"animator:Genos","floor":3},{"not_picked":["animator:Geryuganshoop","animator:MumenRider"],"picked":"animator:MetalKnight","floor":10},{"not_picked":["animator:HighElfArcher","animator:Shalltear","animator:DwarfShaman"],"picked":"SKIP","floor":11},{"not_picked":["animator:Cocytus","animator:Spearman","animator:Azekura"],"picked":"SKIP","floor":14},{"not_picked":["animator:Mitsurugi","animator:Emonzaemon"],"picked":"animator:MumenRider","floor":18},{"not_picked":["animator:MumenRider","animator:Genos"],"picked":"animator:Melzalgald","floor":23},{"not_picked":["animator:Tatsumaki","animator:Hakurou","animator:Azekura"],"picked":"SKIP","floor":25},{"not_picked":["animator:Laby","animator:Kazuma","animator:Konayuki"],"picked":"SKIP","floor":27},{"not_picked":["animator:Verdia","animator:LizardPriest+1","animator:Mitsurugi"],"picked":"SKIP","floor":29},{"not_picked":["animator:Eve","animator:Ainz"],"picked":"animator:Saitama","floor":33},{"not_picked":["animator:Hakurou","animator:Laby+1","animator:MumenRider+1"],"picked":"SKIP","floor":35},{"not_picked":["animator:UneriGinkaku","animator:TsurugaMeisai","animator:Add"],"picked":"SKIP","floor":37},{"not_picked":["animator:PandorasActor","animator:HighElfArcher","animator:Chung+1"],"picked":"SKIP","floor":39},{"not_picked":["animator:PandorasActor","animator:HighElfArcher","animator:Chung+1"],"picked":"SKIP","floor":39},{"not_picked":["animator:Raven","animator:Priestess"],"picked":"animator:MumenRider+1","floor":45},{"not_picked":["animator:Albedo","animator:Cocytus+1","animator:Konayuki+1"],"picked":"SKIP","floor":45},{"not_picked":["animator:Shalltear","animator:Vanir","animator:Rena+1"],"picked":"SKIP","floor":47},{"not_picked":["animator:Cocytus","animator:Eve","animator:Entoma"],"picked":"SKIP","floor":47},{"not_picked":["animator:Ara","animator:Hitei"],"picked":"animator:MumenRider+1","floor":48},{"not_picked":["animator:Aisha","animator:DwarfShaman+1","animator:Rimuru"],"picked":"SKIP","floor":48}],"player_experience":254309,"relics_obtained":[{"floor":9,"key":"Boot"},{"floor":10,"key":"Oddly Smooth Stone"},{"floor":23,"key":"Pocketwatch"},{"floor":24,"key":"InkBottle"},{"floor":26,"key":"Nunchaku"},{"floor":30,"key":"animator:ShionDessert"},{"floor":43,"key":"Prayer Wheel"}],"event_choices":[{"damage_healed":0,"gold_gain":0,"player_choice":"Take Damage","damage_taken":16,"relics_obtained":["Golden Idol"],"max_hp_gain":0,"max_hp_loss":0,"event_name":"Golden Idol","floor":5,"gold_loss":0},{"cards_removed":["animator:Strike"],"damage_healed":0,"gold_gain":0,"player_choice":"Card Removal","damage_taken":0,"max_hp_gain":0,"max_hp_loss":0,"event_name":"The Cleric","floor":7,"gold_loss":50},{"damage_healed":0,"gold_gain":0,"player_choice":"Gave Idol","damage_taken":0,"relics_obtained":["Bloody Idol"],"max_hp_gain":0,"max_hp_loss":0,"event_name":"Forgotten Altar","floor":19,"relics_lost":["Golden Idol"],"gold_loss":0},{"cards_removed":["animator:Defend"],"damage_healed":0,"gold_gain":0,"player_choice":"Gave Gold","damage_taken":0,"max_hp_gain":0,"max_hp_loss":0,"event_name":"Beggar","floor":20,"gold_loss":75},{"damage_healed":0,"gold_gain":0,"player_choice":"Ignored","damage_taken":0,"max_hp_gain":0,"max_hp_loss":0,"event_name":"The Mausoleum","floor":22,"gold_loss":0}],"is_beta":false,"boss_relics":[{"not_picked":["animator:HolyGrailRelic","Tiny House"],"picked":"animator:VividPicture"},{"not_picked":["Calling Bell","Philosopher\u0027s Stone"],"picked":"animator:RacePiece"}],"items_purged_floors":[4,13,21,28,36],"is_endless":false,"potions_floor_spawned":[10,11,14,18,23,25,33,39,47,48],"ascension_level":0}}