{"host":"d52brwsy6af8zvaq","time":1613598398,"event":{"mods":["AchievementEnabler","BaseMod","Bestiary","Highlight Path","Minty Spire (QoL Compilation)","Quick Restart","Relic Stats","ojb\u0027s Better Paths Mod"],"gold_per_floor":[109,34,51,51,64,95,95,129,129,146,165,315,315,67,67,140,140,154,154,173,44,60,60,60,60],"floor_reached":24,"language":"ENG","playtime":906,"items_purged":["Strike_B"],"score":412,"play_id":"7f50b425-193b-47d7-9cd0-fb380ee5574e","local_time":"20210217144638","is_ascension_mode":true,"campfire_choices":[{"data":"FTL","floor":7.0,"key":"SMITH"},{"floor":15,"key":"REST"},{"floor":23,"key":"REST"}],"circlet_count":0,"master_deck":["AscendersBane","Strike_B","Strike_B","Defend_B","Defend_B","Defend_B","Defend_B","Zap","Dualcast","Doom and Gloom","Ball Lightning","Conserve Battery","FTL+1","Streamline+1","Leap","Static Discharge","Hyperbeam+1","Chill","Cold Snap+1","Go for the Eyes+1"],"relics":["Cracked Core","StrikeDummy","Darkstone Periapt","Du-Vu Doll","Molten Egg 2","Happy Flower","Nuclear Battery"],"acts_visited":["Exordium","TheCity"],"potions_floor_usage":[16,22],"damage_taken":[{"damage":0.0,"enemies":"2 Louse","floor":1.0,"turns":2.0},{"damage":7.0,"enemies":"Jaw Worm","floor":3.0,"turns":2.0},{"damage":0.0,"enemies":"Cultist","floor":5.0,"turns":3.0},{"damage":18.0,"enemies":"3 Sentries","floor":6.0,"turns":5.0},{"damage":39.0,"enemies":"Lagavulin","floor":8.0,"turns":5.0},{"damage":6.0,"enemies":"Exordium Thugs","floor":10.0,"turns":3.0},{"damage":0.0,"enemies":"Large Slime","floor":11.0,"turns":3.0},{"damage":16,"enemies":"Hexaghost","floor":16,"turns":6},{"damage":11,"enemies":"2 Thieves","floor":18,"turns":3},{"damage":28,"enemies":"Shell Parasite","floor":20,"turns":4},{"damage":13,"enemies":"Snake Plant","floor":22,"turns":4},{"damage":38,"enemies":"Slavers","floor":24,"turns":3}],"seed_played":"-3982715630806595412","potions_obtained":[{"floor":3.0,"key":"Block Potion"},{"floor":8.0,"key":"Ancient Potion"},{"floor":11.0,"key":"CultistPotion"},{"floor":18,"key":"ColorlessPotion"},{"floor":20,"key":"Block Potion"},{"floor":22,"key":"EssenceOfDarkness"}],"is_trial":false,"path_per_floor":["M","?","M","T","M","E","R","E","T","M","M","?","?","$","R","B",null,"M","?","M","$","M","R","E"],"character_chosen":"DEFECT","items_purchased":["Static Discharge","Happy Flower","Go for the Eyes+1"],"campfire_rested":2,"item_purchase_floors":[14,14,21],"current_hp_per_floor":[71,71,64,64,64,46,46,7,7,1,1,7,7,7,32,16,67,56,50,22,22,9,34,0,0],"gold":60,"neow_bonus":"TEN_PERCENT_HP_BONUS","is_daily":false,"chose_seed":false,"campfire_upgraded":1,"win_rate":0.0,"timestamp":1613598398,"path_taken":["M","?","M","?","M","E","R","E","T","M","?","?","?","$","R","BOSS","M","?","M","?","M","R","E"],"items_purchased_type":["Card","Relic","Card"],"build_version":"2020-12-22","purchased_purges":1,"victory":false,"max_hp_per_floor":[78,78,78,78,78,78,78,78,78,78,78,84,84,84,84,84,84,84,84,84,84,84,84,84,84],"relic_stats":{"Darkstone Periapt":6,"Happy Flower":[6],"counters":[12,43],"obtain_stats":[{"Darkstone Periapt":6,"Du-Vu Doll":8,"Happy Flower":14,"Molten Egg 2":9,"Cracked Core":0,"StrikeDummy":4,"Nuclear Battery":17},{"Darkstone Periapt":4,"Du-Vu Doll":5,"Happy Flower":7,"Molten Egg 2":5,"Cracked Core":0,"StrikeDummy":2,"Nuclear Battery":8},{"Darkstone Periapt":12,"Du-Vu Doll":17,"Happy Flower":23,"Molten Egg 2":17,"Cracked Core":0,"StrikeDummy":4,"Nuclear Battery":29}]},"card_choices":[{"not_picked":["Stack","Redo"],"picked":"Doom and Gloom","floor":1.0},{"not_picked":["Sweeping Beam","Conserve Battery"],"picked":"Ball Lightning","floor":3.0},{"not_picked":["Doom and Gloom","Reprogram"],"picked":"Conserve Battery","floor":5.0},{"not_picked":["Go for the Eyes","Reprogram"],"picked":"FTL","floor":6.0},{"not_picked":["Scrape","Fission","Conserve Battery"],"picked":"SKIP","floor":8.0},{"not_picked":["Double Energy","Compile Driver+1"],"picked":"Streamline+1","floor":10.0},{"not_picked":["Barrage+1","Conserve Battery"],"picked":"Leap","floor":11.0},{"not_picked":["Amplify","Meteor Strike+1"],"picked":"Hyperbeam+1","floor":16},{"not_picked":["Rebound+1","Static Discharge"],"picked":"Chill","floor":18},{"not_picked":["Beam Cell+1","Barrage+1"],"picked":"Cold Snap+1","floor":20},{"not_picked":["Beam Cell+1","Gash+1","Go for the Eyes+1"],"picked":"SKIP","floor":22}],"player_experience":2294818,"relics_obtained":[{"floor":4.0,"key":"StrikeDummy"},{"floor":6.0,"key":"Darkstone Periapt"},{"floor":8.0,"key":"Du-Vu Doll"},{"floor":9.0,"key":"Molten Egg 2"}],"event_choices":[{"cards_removed":["Strike_B"],"damage_healed":0.0,"max_hp_gain":0.0,"max_hp_loss":0.0,"gold_gain":0.0,"event_name":"The Cleric","player_choice":"Card Removal","floor":2.0,"gold_loss":75.0,"damage_taken":0.0},{"damage_healed":0.0,"max_hp_gain":0.0,"max_hp_loss":0.0,"gold_gain":150.0,"event_name":"Liars Game","player_choice":"AGREE","floor":12.0,"gold_loss":0.0,"damage_taken":0.0,"cards_obtained":["Doubt"]},{"cards_removed":["Doubt"],"damage_healed":0.0,"max_hp_gain":0.0,"max_hp_loss":0.0,"gold_gain":0.0,"event_name":"Fountain of Cleansing","player_choice":"Removed Curses","floor":13.0,"gold_loss":0.0,"damage_taken":0.0},{"damage_healed":0,"gold_gain":0,"player_choice":"","damage_taken":6,"max_hp_gain":0,"max_hp_loss":0,"event_name":"Knowing Skull","floor":19,"potions_obtained":[],"gold_loss":0,"cards_obtained":[]}],"is_beta":false,"boss_relics":[{"not_picked":["Sozu","Black Star"],"picked":"Nuclear Battery"}],"items_purged_floors":[21],"is_endless":false,"potions_floor_spawned":[3,8,11,18,20,22],"killed_by":"Slavers","ascension_level":20}}