{"host":"zdcz0a6aak4rnx0s","time":1613603257,"event":{"mods":["AchievementEnabler","BaseMod","Colored Map","Colored Powertips","Minty Spire (QoL Compilation)","StSLib"],"gold_per_floor":[109,109,120,45,58,58,88,12,65,65,65,65,11,11,11,106,106,79,79,79],"floor_reached":19,"language":"ENG","playtime":735,"items_purged":["Havoc"],"score":310,"play_id":"0c4a49a4-f348-477e-ab4a-9c940715015a","local_time":"20210217170737","is_ascension_mode":true,"campfire_choices":[{"data":"Uppercut","floor":6,"key":"SMITH"},{"data":"Limit Break","floor":10,"key":"SMITH"},{"data":"Disarm","floor":15,"key":"SMITH"}],"circlet_count":0,"master_deck":["AscendersBane","Strike_R","Strike_R+1","Strike_R","Defend_R","Defend_R","Defend_R","Defend_R+1","Bash","Uppercut+1","Cleave","Disarm+1","Ghostly Armor","Limit Break+1","Parasite","Reaper"],"relics":["Burning Blood","Red Skull","Dream Catcher","Golden Idol","SlaversCollar"],"acts_visited":["Exordium","TheCity"],"potions_floor_usage":[7,7,16,19],"damage_taken":[{"damage":1,"enemies":"2 Louse","floor":1,"turns":3},{"damage":9,"enemies":"Cultist","floor":3,"turns":4},{"damage":2,"enemies":"Small Slimes","floor":5,"turns":4},{"damage":4,"enemies":"Gremlin Nob","floor":7,"turns":4},{"damage":37,"enemies":"The Guardian","floor":16,"turns":9},{"damage":20,"enemies":"2 Thieves","floor":18,"turns":4},{"damage":44,"enemies":"Spheric Guardian","floor":19,"turns":11}],"seed_played":"-7453740643507567546","potions_obtained":[{"floor":1,"key":"Block Potion"},{"floor":3,"key":"DuplicationPotion"},{"floor":7,"key":"ElixirPotion"},{"floor":18,"key":"Block Potion"}],"is_trial":false,"path_per_floor":["M","?","M","$","M","R","E","$","T","R","?","?","$","?","R","B",null,"M","M"],"character_chosen":"IRONCLAD","items_purchased":["Limit Break","Dexterity Potion"],"campfire_rested":0,"item_purchase_floors":[8,13],"current_hp_per_floor":[68,68,65,65,68,68,68,68,68,68,62,43,43,58,58,27,53,43,0,0],"gold":79,"neow_bonus":"TRANSFORM_TWO_CARDS","is_daily":false,"chose_seed":false,"campfire_upgraded":3,"win_rate":0.0,"timestamp":1613603257,"path_taken":["M","?","?","$","M","R","E","$","T","R","?","?","$","?","R","BOSS","M","M"],"items_purchased_type":["Card","Potion"],"build_version":"2020-12-22","purchased_purges":1,"victory":false,"max_hp_per_floor":[68,68,68,68,68,68,68,68,68,68,62,62,62,62,62,62,62,62,62,62],"card_choices":[{"not_picked":["Reckless Charge","Thunderclap"],"picked":"Cleave","floor":1},{"not_picked":["Seeing Red","Flex","Havoc"],"picked":"SKIP","floor":3},{"not_picked":["Seeing Red","Heavy Blade"],"picked":"Disarm","floor":5},{"not_picked":["Body Slam","Clothesline"],"picked":"Ghostly Armor","floor":7},{"not_picked":["Bludgeon","Immolate"],"picked":"Reaper","floor":16},{"not_picked":["Thunderclap","Headbutt","Clothesline"],"picked":"SKIP","floor":18}],"player_experience":1036141,"relics_obtained":[{"floor":7,"key":"Red Skull"},{"floor":9,"key":"Dream Catcher"}],"event_choices":[{"damage_healed":0,"gold_gain":0,"player_choice":"0 cards matched","damage_taken":0,"max_hp_gain":0,"max_hp_loss":0,"event_name":"Match and Keep!","floor":2,"gold_loss":0,"cards_obtained":[]},{"damage_healed":0,"gold_gain":0,"player_choice":"Lose Max HP","damage_taken":0,"relics_obtained":["Golden Idol"],"max_hp_gain":0,"max_hp_loss":6,"event_name":"Golden Idol","floor":11,"gold_loss":0},{"damage_healed":0,"gold_gain":0,"player_choice":"Entered Light","damage_taken":19,"max_hp_gain":0,"max_hp_loss":0,"event_name":"Shining Light","floor":12,"gold_loss":0,"cards_upgraded":["Strike_R","Defend_R"]},{"damage_healed":15,"gold_gain":0,"player_choice":"Healed and dodged fight","damage_taken":0,"max_hp_gain":0,"max_hp_loss":0,"event_name":"Mushrooms","floor":14,"gold_loss":0,"cards_obtained":["Parasite"]}],"is_beta":false,"boss_relics":[{"not_picked":["Pandora\u0027s Box","Sozu"],"picked":"SlaversCollar"}],"items_purged_floors":[4],"is_endless":false,"potions_floor_spawned":[1,3,7,18],"killed_by":"Spheric Guardian","ascension_level":18}}