{"host":"nn8ykqwz2w24pkn4","time":1613595598,"event":{"mods":["AchievementEnabler","Aspiration","BaseMod","Better Note","BetterRewards","DNKmod","Friendly Minions","Gold Saver","Highlight Path","Hubris","Minty Spire (QoL Compilation)","Rare Cards Sparkle","Spire Birthday Party","StSLib","Uncapped","Unceasing Turn Reminder","egg"],"gold_per_floor":[365,365,14,29,29,29,59,59,59,74,89,104,119,134,134,234,234,249,249,264,14,14,14,44,59,134,14,29,29,44,59,59,159,159,174,189,204,219,234,234,334,334,334,364,0,0,50,65,65,65],"floor_reached":51,"language":"ENG","playtime":1876,"items_purged":[],"score":1103,"play_id":"d50b2674-2df8-445b-a660-2cb1e67bf620","local_time":"20210217125958","daily_mods":["Chimera","Uncertain Future","Terminal"],"is_ascension_mode":false,"campfire_choices":[{"data":"Zap","floor":6,"key":"SMITH"},{"data":"Bash","floor":8,"key":"SMITH"},{"data":"DevaForm","floor":15,"key":"SMITH"},{"data":"Eruption","floor":23,"key":"SMITH"},{"data":"PathToVictory","floor":29,"key":"SMITH"},{"data":"Strike_B","floor":32,"key":"SMITH"},{"data":"ConjureBlade","floor":40,"key":"SMITH"},{"data":"DeusExMachina","floor":42,"key":"SMITH"},{"data":"Defend_R","floor":49,"key":"SMITH"}],"circlet_count":0,"master_deck":["Bash+1","Survivor","Zap+1","Eruption+1","Strike_R+1","Strike_G+1","Strike_B+1","Defend_R+1","Defend_G","Defend_P","Pray","Injury","BowlingBash+1","FlyingSleeves+1","BowlingBash+1","FlyingSleeves+1","EmptyBody","FlyingSleeves+1","CarveReality+1","DevaForm+1","Ragnarok+1","FearNoEvil+1","CrushJoints+1","Wallop+1","PathToVictory+1","SignatureMove+1","EmptyFist+1","DeusExMachina+1","CurseOfTheBell","CrushJoints+1","Crescendo+1","ConjureBlade+1","hubris:DuctTapeCard+2","hubris:DuctTapeCard+2","JustLucky+1","CrushJoints+1","Dramatic Entrance+1","Wallop+1","PathToVictory+1"],"relics":["HolyWater","Molten Egg 2","hubris:GlazedTorus","MealTicket","Question Card","hubris:Towel","Whetstone","hubris:Icosahedron","aspiration:StickyExplosives","The Courier","hubris:EmptyBottle","Calling Bell","hubris:TenFootPole","hubris:PeanutButter","Calipers","hubris:DuctTape","hubris:NiceRug","Ginger","Vajra","DollysMirror","aspiration:FrozenJewel","TungstenRod","Red Mask","Pen Nib","hubris:Potato"],"acts_visited":["Exordium","TheCity","TheBeyond"],"potions_floor_usage":[16,33,33,38,38,39,39,39,39,41,41,41,41,41,41,47,50,50,50,50,50,50,50,50],"damage_taken":[{"damage":0,"enemies":"2 Louse","floor":1,"turns":1},{"damage":0,"enemies":"Small Slimes","floor":4,"turns":2},{"damage":0,"enemies":"3 Sentries","floor":7,"turns":3},{"damage":0,"enemies":"Cultist","floor":10,"turns":2},{"damage":0,"enemies":"Looter","floor":11,"turns":2},{"damage":0,"enemies":"2 Fungi Beasts","floor":12,"turns":2},{"damage":0,"enemies":"Blue Slaver","floor":13,"turns":2},{"damage":1,"enemies":"Red Slaver","floor":14,"turns":2},{"damage":0,"enemies":"Hexaghost","floor":16,"turns":5},{"damage":0,"enemies":"Spheric Guardian","floor":18,"turns":2},{"damage":0,"enemies":"2 Thieves","floor":20,"turns":2},{"damage":0,"enemies":"Book of Stabbing","floor":24,"turns":2},{"damage":0,"enemies":"Cultist and Chosen","floor":25,"turns":3},{"damage":0,"enemies":"Snake Plant","floor":28,"turns":3},{"damage":0,"enemies":"Shelled Parasite and Fungi","floor":30,"turns":3},{"damage":0,"enemies":"Centurion and Healer","floor":31,"turns":2},{"damage":0,"enemies":"Champ","floor":33,"turns":5},{"damage":0,"enemies":"3 Shapes","floor":35,"turns":4},{"damage":0,"enemies":"Orb Walker","floor":36,"turns":2},{"damage":3,"enemies":"3 Darklings","floor":37,"turns":3},{"damage":4,"enemies":"Sphere and 2 Shapes","floor":38,"turns":3},{"damage":0,"enemies":"Maw","floor":39,"turns":2},{"damage":17,"enemies":"hubris:Merchant","floor":41,"turns":4},{"damage":0,"enemies":"Reptomancer","floor":44,"turns":2},{"damage":6,"enemies":"Mind Bloom Boss Battle","floor":47,"turns":3},{"damage":0,"enemies":"Jaw Worm Horde","floor":48,"turns":2},{"damage":0,"enemies":"hubris:GrandSnecko","floor":50,"turns":4}],"seed_played":"6706742764168558924","potions_obtained":[{"floor":1,"key":"DistilledChaos"},{"floor":10,"key":"SpeedPotion"},{"floor":14,"key":"Explosive Potion"},{"floor":20,"key":"DuplicationPotion"},{"floor":33,"key":"EntropicBrew"},{"floor":41,"key":"CultistPotion"}],"is_trial":false,"path_per_floor":["M","?","$","M","?","R","E","R","T","M","M","M","M","M","R","B",null,"M","?","M","$","?","R","E","M","T","$","M","R","M","M","R","B",null,"M","M","M","M","M","R","$","R","T","E","?","T","?","M","R","B",null],"character_chosen":"WATCHER","items_purchased":["hubris:GlazedTorus","BowlingBash+1","Whetstone","EntropicBrew","hubris:EmptyBottle","hubris:DuctTape"],"campfire_rested":0,"item_purchase_floors":[3,3,21,21,27,41],"current_hp_per_floor":[123,122,121,120,119,118,117,116,115,114,113,112,111,110,109,108,107,106,105,104,103,102,101,100,99,98,97,96,95,94,93,92,91,90,89,88,85,81,81,81,67,67,67,67,67,67,61,61,61,61],"gold":65,"neow_bonus":"","is_daily":true,"chose_seed":false,"campfire_upgraded":9,"win_rate":0.0,"timestamp":1613595598,"path_taken":["M","?","$","M","?","R","E","R","T","M","M","M","?","M","R","BOSS","M","?","M","$","?","R","E","M","T","?","M","R","M","M","R","BOSS","M","M","M","M","M","R","$","R","T","E","?","?","?","M","R","BOSS"],"items_purchased_type":["Relic","Card","Relic","Potion","Relic","Relic"],"build_version":"2020-12-22","purchased_purges":0,"victory":true,"max_hp_per_floor":[123,122,121,120,119,118,117,116,115,114,113,112,111,110,109,108,107,106,105,104,103,102,101,100,99,98,97,96,95,94,93,92,91,90,89,88,87,86,85,84,83,82,81,80,79,78,77,76,75,74],"card_choices":[{"not_picked":["Evaluate","Meditate"],"picked":"Pray","floor":1},{"not_picked":["Wireheading","PathToVictory"],"picked":"FlyingSleeves+1","floor":4},{"not_picked":["FlurryOfBlows+1","Swivel"],"picked":"BowlingBash+1","floor":7},{"not_picked":["SashWhip+1","Nirvana","ThirdEye"],"picked":"FlyingSleeves+1","floor":10},{"not_picked":["Halt","FlurryOfBlows+1","Study"],"picked":"EmptyBody","floor":11},{"not_picked":["Crescendo","Prostrate","SashWhip+1"],"picked":"FlyingSleeves+1","floor":12},{"not_picked":["Pray","Fasting2","EmptyMind"],"picked":"CarveReality+1","floor":13},{"not_picked":["FlurryOfBlows+1","SandsOfTime+1","Consecrate+1"],"picked":"DevaForm","floor":14},{"not_picked":["Establishment","Vault","Omniscience"],"picked":"Ragnarok+1","floor":16},{"not_picked":["EmptyFist+1","ReachHeaven+1","Wallop+1"],"picked":"FearNoEvil+1","floor":18},{"not_picked":["Evaluate","Nirvana","CutThroughFate+1"],"picked":"CrushJoints+1","floor":20},{"not_picked":["Establishment","WindmillStrike+1","MasterReality"],"picked":"Wallop+1","floor":24},{"not_picked":["ClearTheMind","Collect+1","ThirdEye+1"],"picked":"FollowUp+1","floor":25},{"not_picked":["ThirdEye","Protect+1","Evaluate"],"picked":"PathToVictory","floor":28},{"not_picked":["Scrawl","FearNoEvil+1","ClearTheMind"],"picked":"SignatureMove+1","floor":30},{"not_picked":["ClearTheMind+1","Prostrate","SandsOfTime+1"],"picked":"EmptyFist+1","floor":31},{"not_picked":["Scrawl","Wish","Judgement"],"picked":"DeusExMachina","floor":33},{"not_picked":["BowlingBash+1","EmptyBody+1","WaveOfTheHand"],"picked":"CrushJoints+1","floor":35},{"not_picked":["CrushJoints+1","InnerPeace","Collect+1"],"picked":"Crescendo+1","floor":36},{"not_picked":["InnerPeace","Meditate+1","EmptyMind","SashWhip+1"],"picked":"SKIP","floor":37},{"not_picked":["Pray+1","Protect","JustLucky+1"],"picked":"ConjureBlade","floor":38},{"not_picked":["ThirdEye","Sanctity+1","Swivel"],"picked":"Prostrate","floor":39},{"not_picked":[],"picked":"JustLucky+1","floor":41},{"not_picked":[],"picked":"CrushJoints+1","floor":41},{"not_picked":[],"picked":"Dramatic Entrance+1","floor":41},{"not_picked":["Omniscience"],"picked":"SKIP","floor":41},{"not_picked":["DeceiveReality"],"picked":"SKIP","floor":41},{"not_picked":["Wireheading"],"picked":"SKIP","floor":41},{"not_picked":["Metamorphosis"],"picked":"SKIP","floor":41},{"not_picked":["Halt+1","Indignation+1","Protect"],"picked":"Wallop+1","floor":44},{"not_picked":["Meditate","CrushJoints+1","InnerPeace+1"],"picked":"PathToVictory+1","floor":48}],"player_experience":427866,"relics_obtained":[{"floor":7,"key":"MealTicket"},{"floor":9,"key":"Question Card"},{"floor":24,"key":"aspiration:StickyExplosives"},{"floor":26,"key":"The Courier"},{"floor":34,"key":"hubris:TenFootPole"},{"floor":34,"key":"hubris:PeanutButter"},{"floor":34,"key":"Calipers"},{"floor":41,"key":"Ginger"},{"floor":41,"key":"Vajra"},{"floor":41,"key":"DollysMirror"},{"floor":43,"key":"aspiration:FrozenJewel"},{"floor":44,"key":"TungstenRod"},{"floor":46,"key":"Pen Nib"},{"floor":47,"key":"hubris:Potato"}],"event_choices":[{"damage_healed":0,"gold_gain":0,"player_choice":"Paid","damage_taken":0,"relics_obtained":["Red Mask"],"max_hp_gain":0,"max_hp_loss":0,"event_name":"Tomb of Lord Red Mask","floor":45,"gold_loss":364},{"damage_healed":0,"gold_gain":0,"player_choice":"Fight","damage_taken":0,"max_hp_gain":0,"max_hp_loss":0,"event_name":"MindBloom","floor":47,"gold_loss":0}],"is_beta":false,"boss_relics":[{"not_picked":["Philosopher\u0027s Stone","Empty Cage"],"picked":"HolyWater"},{"not_picked":["Coffee Dripper","Pandora\u0027s Box"],"picked":"Calling Bell"}],"items_purged_floors":[],"is_endless":false,"potions_floor_spawned":[1,10,14,20,24,28,31,33,36,38,44,48],"ascension_level":0}}