{"host":"8d3fefv2347kqkpz","time":1613559699,"event":{"mods":["AchievementEnabler","Aspiration","BaseMod","Better Vampires","BetterRewards","Colored Map","Colored Powertips","Downfall","Emptier Cage","Highlight Path","Marked Mod","Minty Spire (QoL Compilation)","Permanent Neow","Quick Restart","Rare Cards Sparkle","Relic Stats","Say the Spire","Spicy Shops","StSLib","Waifu the Spire"],"gold_per_floor":[112,112,128,128,141,141,316,316,316,329,4,4,4,21,21,116,116,134,144,157,172,47,47,47,79,149,159,187,187,187,202,202,297,297,297,297],"floor_reached":35,"language":"ZHS","playtime":1263,"items_purged":["Doubt","Injury","SignatureMove+1"],"score":412,"play_id":"c1d51cc9-26bf-414a-9900-e25e3402d323","local_time":"20210217190139","is_ascension_mode":false,"campfire_choices":[{"data":"Eruption","floor":6.0,"key":"SMITH"},{"data":"Tantrum","floor":8.0,"key":"SMITH"},{"floor":12.0,"key":"RECALL"},{"data":"Vigilance","floor":15.0,"key":"SMITH"},{"data":"Protect","floor":23.0,"key":"SMITH"},{"floor":30.0,"key":"REST"},{"floor":32.0,"key":"REST"}],"circlet_count":0,"master_deck":["Strike_P","Defend_P","Eruption+1","Vigilance+1","Protect+1","Tantrum+1","FearNoEvil","Scrawl+1","SignatureMove+1","Crescendo+1"],"relics":["PureWater","Toxic Egg 2","Lee\u0027s Waffle","Astrolabe","Enchiridion","Strawberry","Eternal Feather","TungstenRod","Empty Cage"],"acts_visited":["Exordium","TheCity","TheBeyond"],"potions_floor_usage":[33,33,35],"damage_taken":[{"damage":0.0,"enemies":"Small Slimes","floor":1.0,"turns":4.0},{"damage":0.0,"enemies":"Cultist","floor":3.0,"turns":3.0},{"damage":7.0,"enemies":"2 Louse","floor":5.0,"turns":3.0},{"damage":9.0,"enemies":"Red Slaver","floor":10.0,"turns":5.0},{"damage":7.0,"enemies":"Looter","floor":14.0,"turns":3.0},{"damage":48.0,"enemies":"The Guardian","floor":16.0,"turns":12.0},{"damage":13.0,"enemies":"3 Byrds","floor":18.0,"turns":4.0},{"damage":5.0,"enemies":"Spheric Guardian","floor":19.0,"turns":4.0},{"damage":0.0,"enemies":"Chosen and Byrds","floor":20.0,"turns":2.0},{"damage":0.0,"enemies":"Snake Plant","floor":21.0,"turns":1.0},{"damage":20.0,"enemies":"Gremlin Leader","floor":25.0,"turns":3.0},{"damage":0.0,"enemies":"3 Cultists","floor":27.0,"turns":5.0},{"damage":26.0,"enemies":"Slavers","floor":28.0,"turns":3.0},{"damage":0.0,"enemies":"Cultist and Chosen","floor":31.0,"turns":3.0},{"damage":35,"enemies":"Collector","floor":33,"turns":7},{"damage":15,"enemies":"3 Darklings","floor":35,"turns":7}],"seed_played":"-7851390806960255783","potions_obtained":[{"floor":16.0,"key":"AttackPotion"},{"floor":18.0,"key":"Fire Potion"},{"floor":25.0,"key":"PowerPotion"},{"floor":31.0,"key":"Fire Potion"},{"floor":33,"key":"Ambrosia"}],"is_trial":false,"path_per_floor":["M","?","M","?","M","R","?","R","T","M","$","R","$","M","R","B",null,"M","M","M","M","$","R","?","E","T","M","E","?","R","M","R","B",null,"M"],"character_chosen":"WATCHER","items_purchased":["Lee\u0027s Waffle"],"campfire_rested":2,"item_purchase_floors":[11],"current_hp_per_floor":[72,72,72,72,65,65,65,65,65,56,79,79,79,72,72,24,79,66,61,61,61,61,61,45,32,32,32,6,6,37,37,68,33,86,71,71],"gold":297,"neow_bonus":"THREE_CARDS","is_daily":false,"chose_seed":false,"campfire_upgraded":4,"win_rate":0.0,"timestamp":1613559699,"path_taken":["M","?","M","?","M","R","?","R","T","M","$","R","$","M","R","BOSS","M","M","M","M","$","R","?","E","T","M","E","?","R","M","R","BOSS","M"],"items_purchased_type":["Relic"],"build_version":"2020-12-22","purchased_purges":3,"victory":false,"max_hp_per_floor":[72,72,72,72,72,72,72,72,72,72,79,79,79,79,79,79,79,79,79,79,79,79,79,79,86,86,86,86,86,86,86,86,86,86,86,86],"relic_stats":{"Lee\u0027s Waffle":23,"counters":[16,69],"Astrolabe":["SignatureMove","SignatureMove","EmptyMind"],"Eternal Feather":12,"obtain_stats":[{"Lee\u0027s Waffle":11,"Astrolabe":17,"Strawberry":25,"Enchiridion":24,"Eternal Feather":26,"PureWater":0,"Toxic Egg 2":4,"Empty Cage":34,"TungstenRod":28},{"Lee\u0027s Waffle":4,"Astrolabe":6,"Strawberry":11,"Enchiridion":10,"Eternal Feather":11,"PureWater":0,"Toxic Egg 2":2,"Empty Cage":15,"TungstenRod":13},{"Lee\u0027s Waffle":15,"Astrolabe":30,"Strawberry":44,"Enchiridion":41,"Eternal Feather":44,"PureWater":0,"Toxic Egg 2":7,"Empty Cage":62,"TungstenRod":52}],"TungstenRod":5},"card_choices":[{"not_picked":["Weave","Meditate"],"picked":"Protect","floor":0.0},{"not_picked":["JustLucky","MarkedMod:Acupuncture","MarkedMod:GentlePulse"],"picked":"SKIP","floor":1.0},{"not_picked":["Protect","EmptyBody","Weave"],"picked":"SKIP","floor":3.0},{"not_picked":["PathToVictory+1","CutThroughFate"],"picked":"Tantrum","floor":5.0},{"not_picked":["Tantrum","MarkedMod:GentlePulse+1"],"picked":"FearNoEvil","floor":10.0},{"not_picked":["Judgement+1","JustLucky","MentalFortress"],"picked":"SKIP","floor":14.0},{"not_picked":["Ragnarok","Wish+1"],"picked":"Scrawl+1","floor":16.0},{"not_picked":["FlyingSleeves","FlurryOfBlows","DeceiveReality+1"],"picked":"SKIP","floor":18.0},{"not_picked":["Consecrate","SashWhip"],"picked":"Crescendo+1","floor":19.0},{"not_picked":["ClearTheMind+1","Meditate+1","SashWhip+1"],"picked":"SKIP","floor":20.0},{"not_picked":["LikeWater","EmptyBody+1","JustLucky"],"picked":"SKIP","floor":21.0},{"not_picked":["SandsOfTime","Halt+1","ThirdEye+1"],"picked":"SKIP","floor":25.0},{"not_picked":["ReachHeaven","CrushJoints","PathToVictory+1"],"picked":"SKIP","floor":27.0},{"not_picked":["Prostrate+1","WaveOfTheHand+1","BattleHymn"],"picked":"SKIP","floor":28.0},{"not_picked":["MarkedMod:GracefulMovements","MarkedMod:Acupuncture+1","ForeignInfluence+1"],"picked":"SKIP","floor":31.0}],"player_experience":444742,"relics_obtained":[{"floor":24.0,"key":"Enchiridion"},{"floor":25.0,"key":"Strawberry"},{"floor":26.0,"key":"Eternal Feather"},{"floor":28.0,"key":"TungstenRod"}],"event_choices":[{"cards_removed":["Defend_P"],"damage_healed":0.0,"max_hp_gain":0.0,"max_hp_loss":0.0,"gold_gain":0.0,"event_name":"Living Wall","player_choice":"Forget","floor":2.0,"gold_loss":0.0,"damage_taken":0.0},{"damage_healed":0.0,"max_hp_gain":0.0,"max_hp_loss":0.0,"gold_gain":175.0,"event_name":"Liars Game","player_choice":"AGREE","floor":7.0,"gold_loss":0.0,"damage_taken":0.0,"cards_obtained":["Doubt"]},{"damage_healed":0.0,"max_hp_gain":0.0,"max_hp_loss":0.0,"gold_gain":0.0,"event_name":"Cursed Tome","player_choice":"Obtained Book","floor":24.0,"gold_loss":0.0,"damage_taken":16.0},{"damage_healed":0.0,"max_hp_gain":0.0,"max_hp_loss":0.0,"gold_gain":0.0,"event_name":"NoteForYourself","player_choice":"Ignored","floor":29.0,"gold_loss":0.0,"damage_taken":0.0}],"is_beta":false,"boss_relics":[{"not_picked":["aspiration:PoetsPen_weak","Busted Crown"],"picked":"Astrolabe"},{"not_picked":["Cursed Key","aspiration:DefectSkillbook"],"picked":"Empty Cage"}],"items_purged_floors":[11,11,22],"is_endless":false,"potions_floor_spawned":[10,16,18,25,31,33],"killed_by":"3 Darklings","ascension_level":0}}