{"host":"5h6e4l6hpn0p5lap","time":1613573020,"event":{"mods":["AchievementEnabler","BaseMod","Better Altar","Better Match","Better Sensory Stone","Better Skull","Better Third Choice","Colored Map","Filter the Spire","Minty Spire (QoL Compilation)","StSLib"],"gold_per_floor":[118,130,148,148,148,148,192,192,192,207,221,33,60,78,78,204,204,195,270,295,5,5,5,30,30,100,138,227,239,292,52,52,172,172,196,216,216,239,239,283,283,298,298,311,118,118,118,118,118,118],"floor_reached":51,"language":"ENG","playtime":1806,"items_purged":["Strike_B","Zap","Defend_B"],"score":1036,"play_id":"4068ae1b-0741-411f-954f-5bb93e4f6489","local_time":"20210217094340","is_ascension_mode":true,"campfire_choices":[{"data":"Lockon","floor":6.0,"key":"SMITH"},{"floor":8.0,"key":"REST"},{"data":"Ball Lightning","floor":15.0,"key":"SMITH"},{"floor":23,"key":"REST"},{"floor":29,"key":"REST"},{"data":"Stack","floor":32,"key":"SMITH"},{"data":"Aggregate","floor":41,"key":"SMITH"},{"data":"Defragment","floor":46,"key":"SMITH"},{"floor":49,"key":"REST"}],"circlet_count":0,"master_deck":["Defend_B","Dualcast","Static Discharge","Ball Lightning+1","Stack+1","Lockon+1","Cold Snap","Genetic Algorithm","Biased Cognition","Core Surge","Capacitor","Glacier","Chill+1","Turbo+1","Auto Shields+1","Ball Lightning+1","Ball Lightning","Seek","FTL","Capacitor","Barrage+1","Electrodynamics","Aggregate+1","Cold Snap","Defragment+1","Coolheaded+1","Hologram+1","Skim","Apotheosis","PanicButton"],"relics":["Cracked Core","Golden Idol","Akabeko","Mercury Hourglass","Strawberry","Astrolabe","Ornamental Fan","MawBank","Bottled Flame","Mummified Hand","Calling Bell","Art of War","Shuriken","Du-Vu Doll","Happy Flower","Dream Catcher"],"acts_visited":["Exordium","TheCity","TheBeyond"],"potions_floor_usage":[27,27,33,36,36,40,40,40,44,50],"damage_taken":[{"damage":7.0,"enemies":"Small Slimes","floor":1.0,"turns":4.0},{"damage":4.0,"enemies":"Jaw Worm","floor":2.0,"turns":4.0},{"damage":1.0,"enemies":"Cultist","floor":3.0,"turns":3.0},{"damage":40.0,"enemies":"3 Sentries","floor":7.0,"turns":7.0},{"damage":5.0,"enemies":"Blue Slaver","floor":10.0,"turns":3.0},{"damage":10.0,"enemies":"Large Slime","floor":11.0,"turns":4.0},{"damage":0.0,"enemies":"Exordium Wildlife","floor":14.0,"turns":2.0},{"damage":28.0,"enemies":"Slime Boss","floor":16.0,"turns":8.0},{"damage":16.0,"enemies":"2 Thieves","floor":18.0,"turns":4.0},{"damage":0,"enemies":"3 Byrds","floor":20,"turns":4},{"damage":2,"enemies":"Snecko","floor":24,"turns":6},{"damage":16,"enemies":"Gremlin Leader","floor":27,"turns":8},{"damage":9,"enemies":"Book of Stabbing","floor":30,"turns":5},{"damage":13,"enemies":"Champ","floor":33,"turns":8},{"damage":0,"enemies":"Orb Walker","floor":35,"turns":4},{"damage":0,"enemies":"3 Darklings","floor":36,"turns":3},{"damage":6,"enemies":"Transient","floor":38,"turns":5},{"damage":11,"enemies":"Nemesis","floor":40,"turns":7},{"damage":0,"enemies":"4 Shapes","floor":42,"turns":3},{"damage":2,"enemies":"Sphere and 2 Shapes","floor":44,"turns":5},{"damage":13,"enemies":"Time Eater","floor":50,"turns":11}],"seed_played":"-7887663523572015004","potions_obtained":[{"floor":7.0,"key":"Swift Potion"},{"floor":10.0,"key":"LiquidMemories"},{"floor":11.0,"key":"Strength Potion"},{"floor":16.0,"key":"EssenceOfSteel"},{"floor":27,"key":"Strength Potion"},{"floor":33,"key":"EntropicBrew"},{"floor":35,"key":"DistilledChaos"},{"floor":36,"key":"LiquidMemories"},{"floor":44,"key":"ColorlessPotion"}],"is_trial":false,"path_per_floor":["M","M","M","?","?","R","E","R","T","M","M","$","T","M","R","B",null,"M","?","M","$","?","R","M","?","T","E","T","R","E","$","R","B",null,"M","M","?","M","?","E","R","M","T","M","$","R","?","$","R","B",null],"character_chosen":"DEFECT","items_purchased":["Core Surge","Capacitor","Seek","FTL","Electrodynamics","Skim"],"campfire_rested":4,"item_purchase_floors":[12,12,21,21,31,45],"current_hp_per_floor":[61,57,56,75,69,69,29,49,49,44,34,34,41,41,41,13,60,44,37,37,37,37,59,57,57,57,41,41,63,54,54,54,41,67,67,67,67,61,61,50,50,50,50,48,48,48,48,48,69,56],"gold":118,"neow_bonus":"TRANSFORM_CARD","is_daily":false,"chose_seed":false,"campfire_upgraded":5,"win_rate":0.0,"timestamp":1613573020,"path_taken":["M","M","M","?","?","R","E","R","T","M","M","?","?","M","R","BOSS","M","?","?","$","?","R","M","?","T","E","?","R","E","$","R","BOSS","M","M","?","M","?","E","R","M","T","M","$","R","?","$","R","BOSS"],"items_purchased_type":["Card","Card","Card","Card","Card","Card"],"build_version":"2020-12-22","purchased_purges":3,"victory":true,"max_hp_per_floor":[75,75,75,75,69,69,69,69,69,69,69,69,76,76,76,76,76,76,76,76,76,76,76,76,76,76,76,76,76,76,76,76,76,76,76,76,72,72,72,72,72,72,72,72,72,72,72,72,72,72],"card_choices":[{"not_picked":["Turbo","Steam"],"picked":"Ball Lightning","floor":1.0},{"not_picked":["Sweeping Beam","Heatsinks"],"picked":"Stack","floor":2.0},{"not_picked":["Barrage","Reprogram"],"picked":"Lockon","floor":3.0},{"not_picked":["Sweeping Beam","Coolheaded"],"picked":"Cold Snap","floor":7.0},{"not_picked":["Lockon","Conserve Battery"],"picked":"Genetic Algorithm","floor":10.0},{"not_picked":["Beam Cell","Go for the Eyes"],"picked":"Biased Cognition","floor":11.0},{"not_picked":["Steam","Chill"],"picked":"Glacier","floor":14.0},{"not_picked":["Gash+1","Streamline"],"picked":"Ball Lightning+1","floor":18.0},{"not_picked":["BootSequence","Double Energy"],"picked":"Ball Lightning","floor":20},{"not_picked":["Chill","Auto Shields","Scrape"],"picked":"SKIP","floor":24},{"not_picked":["Melter","Hologram"],"picked":"Capacitor","floor":27},{"not_picked":["Conserve Battery+1","Steam"],"picked":"Barrage+1","floor":30},{"not_picked":["Blizzard","Stack+1"],"picked":"Aggregate","floor":35},{"not_picked":["Streamline","Force Field"],"picked":"Cold Snap","floor":36},{"not_picked":["Gash","Hologram"],"picked":"Defragment","floor":38},{"not_picked":["Auto Shields+1","Meteor Strike"],"picked":"Coolheaded+1","floor":40},{"not_picked":["Stack","Coolheaded+1"],"picked":"Hologram+1","floor":42},{"not_picked":["Chill","Lockon","Go for the Eyes"],"picked":"SKIP","floor":44},{"not_picked":["Discovery","Deep Breath"],"picked":"Apotheosis","floor":47},{"not_picked":["Blind","Madness"],"picked":"PanicButton","floor":47}],"player_experience":1129157,"relics_obtained":[{"floor":7.0,"key":"Akabeko"},{"floor":9.0,"key":"Mercury Hourglass"},{"floor":13.0,"key":"Strawberry"},{"floor":26,"key":"Ornamental Fan"},{"floor":27,"key":"MawBank"},{"floor":28,"key":"Bottled Flame"},{"floor":30,"key":"Mummified Hand"},{"floor":34,"key":"Art of War"},{"floor":34,"key":"Shuriken"},{"floor":34,"key":"Du-Vu Doll"},{"floor":40,"key":"Happy Flower"},{"floor":43,"key":"Dream Catcher"}],"event_choices":[{"damage_healed":25.0,"max_hp_gain":0.0,"max_hp_loss":0.0,"gold_gain":0.0,"event_name":"Big Fish","player_choice":"Banana","floor":4.0,"gold_loss":0.0,"damage_taken":0.0},{"damage_healed":0.0,"max_hp_gain":0.0,"max_hp_loss":6.0,"gold_gain":0.0,"event_name":"Golden Idol","player_choice":"Lose Max HP","floor":5.0,"gold_loss":0.0,"damage_taken":0.0,"relics_obtained":["Golden Idol"]},{"damage_healed":0,"gold_gain":75,"player_choice":"Touch","damage_taken":7,"max_hp_gain":0,"max_hp_loss":0,"event_name":"FaceTrader","floor":19,"gold_loss":0},{"damage_healed":0,"gold_gain":0,"player_choice":"Ignored","damage_taken":0,"max_hp_gain":0,"max_hp_loss":0,"event_name":"Cursed Tome","floor":22,"gold_loss":0},{"damage_healed":0,"gold_gain":0,"player_choice":"Ignored","damage_taken":0,"max_hp_gain":0,"max_hp_loss":0,"event_name":"Ghosts","floor":25,"gold_loss":0},{"damage_healed":0,"gold_gain":0,"player_choice":"Max HP","damage_taken":0,"max_hp_gain":0,"max_hp_loss":4,"event_name":"Winding Halls","floor":37,"gold_loss":0},{"cards_removed":["Defend_B"],"damage_healed":0,"gold_gain":0,"player_choice":"Removed Skill","damage_taken":0,"max_hp_gain":0,"max_hp_loss":0,"event_name":"Falling","floor":39,"gold_loss":0},{"damage_healed":0,"gold_gain":3,"player_choice":"1","damage_taken":0,"max_hp_gain":0,"max_hp_loss":0,"event_name":"betterStone:BetterStone","floor":47,"gold_loss":0}],"is_beta":false,"boss_relics":[{"not_picked":["SacredBark","Ectoplasm"],"picked":"Astrolabe"},{"not_picked":["SlaversCollar","FrozenCore"],"picked":"Calling Bell"}],"items_purged_floors":[21,31,45],"is_endless":false,"potions_floor_spawned":[7,10,11,16,27,33,35,36,44],"ascension_level":9}}