{"host":"xiain65d2hovry7l","time":1613601521,"event":{"mods":["2.2 Compatiblity","Act Like it!","Aspiration","BaseMod","BetterRewards","Colored Map","Colored Powertips","Conspire","Duelist Mod","Energized Spire","Faster Ascension Climbing","Friendly Minions","Halation","Highlight Path","Mimic Mod","Minty Spire (QoL Compilation)","Permanent Neow","Relic Sorter","Remilia??????","Shop Mod","StSLib","The Administrix","The Animator","The Construct","The Mystic","The Necromancer","TheSwordswoman","Thieving Mod","Unknown Chances"],"gold_per_floor":[109,121,296,296,310,310,310],"floor_reached":6,"language":"ENG","playtime":622,"items_purged":[],"score":36,"play_id":"8e2ae99b-90b5-4236-88fc-d71ddb2923c1","local_time":"20210217233841","is_ascension_mode":false,"campfire_choices":[],"circlet_count":0,"master_deck":["blazmod:Strike","blazmod:Strike","blazmod:Strike","blazmod:Strike","blazmod:Defend","blazmod:Defend","blazmod:Defend","blazmod:Defend","blazmod:ButterflyEffect","blazmod:Kyokasuigetsu","blazmod:TrueOfHeart","blazmod:PhoenixPlume","Doubt"],"relics":["halation:SimulatedSpire","Golden Idol"],"acts_visited":["Exordium"],"potions_floor_usage":[],"damage_taken":[{"damage":0,"enemies":"Small Slimes","floor":1,"turns":3},{"damage":0,"enemies":"2 Louse","floor":2,"turns":2},{"damage":0,"enemies":"Cultist","floor":5,"turns":5},{"damage":30,"enemies":"Gremlin Nob","floor":6,"turns":13}],"seed_played":"-279850014707641595","potions_obtained":[{"floor":1,"key":"Strength Potion"}],"is_trial":false,"path_per_floor":["M","M","?","?","M","E"],"character_chosen":"THE_SWORDSWOMAN","items_purchased":[],"campfire_rested":0,"item_purchase_floors":[],"current_hp_per_floor":[40,40,40,30,30,0,0],"gold":310,"neow_bonus":"SIMULATED_SPIRE","is_daily":false,"chose_seed":false,"campfire_upgraded":0,"win_rate":0.0,"timestamp":1613601521,"path_taken":["M","M","?","?","M","E"],"items_purchased_type":[],"build_version":"2020-12-22","purchased_purges":0,"victory":false,"max_hp_per_floor":[40,40,40,40,40,40,40],"card_choices":[{"not_picked":["blazmod:Valiance","blazmod:BoulderFlash"],"picked":"blazmod:TrueOfHeart","floor":1},{"not_picked":["blazmod:TenThousand","blazmod:Valiance"],"picked":"blazmod:PhoenixPlume","floor":2},{"not_picked":["blazmod:FancifulFlutter","blazmod:DevilDivine","blazmod:ApexLegends"],"picked":"SKIP","floor":5},{"not_picked":["blazmod:PhoenixPlume","blazmod:FlawlessDraw","blazmod:ButterFlutter"],"picked":"SKIP","floor":5}],"player_experience":705970,"relics_obtained":[],"event_choices":[{"damage_healed":0,"gold_gain":175,"player_choice":"AGREE","damage_taken":0,"max_hp_gain":0,"max_hp_loss":0,"event_name":"Liars Game","floor":3,"gold_loss":0,"cards_obtained":["Doubt"]},{"damage_healed":0,"gold_gain":0,"player_choice":"Take Damage","damage_taken":10,"relics_obtained":["Golden Idol"],"max_hp_gain":0,"max_hp_loss":0,"event_name":"Golden Idol","floor":4,"gold_loss":0}],"is_beta":false,"boss_relics":[],"items_purged_floors":[],"is_endless":false,"potions_floor_spawned":[1],"killed_by":"Gremlin Nob","ascension_level":0}}