{"host":"bg8va46pgqgvtzim","time":1613573569,"event":{"mods":["BaseMod","Minty Spire (QoL Compilation)","Quick Restart","StSLib","SuperFastMode"],"gold_per_floor":[114,0,0,20,34,34,34,53,82,99,99,115,146,146,146,146,164,183,201,224,224,237,249,249,249,346,346,364,380,391,391,401,326,339,339,339,438,466,466,466,466,478,478,478,325,340,78,105,105,105,201,201,218,218,238,238,249,249,259,294,294,319,335,385,437,516,516,528,528,560,613,613,627,637,647,647,647,647,647,647,58,90,90],"floor_reached":84,"language":"ZHS","playtime":2109,"items_purged":["Strike_G","Strike_G","Defend_G"],"score":1948,"play_id":"706aaae7-1864-4a87-89c2-56c4138b630b","local_time":"20210217225249","is_ascension_mode":true,"campfire_choices":[{"data":"Well Laid Plans","floor":11,"key":"SMITH"},{"data":"Prepared","floor":16,"key":"SMITH"},{"data":"Prepared","floor":24,"key":"SMITH"},{"data":"Acrobatics","floor":25,"key":"SMITH"},{"data":"Tools of the Trade","floor":36,"key":"SMITH"},{"data":"Eviscerate","floor":43,"key":"SMITH"},{"data":"Expertise","floor":49,"key":"SMITH"},{"data":"Blade Dance","floor":50,"key":"SMITH"},{"data":"Madness","floor":61,"key":"SMITH"},{"data":"Madness","floor":69,"key":"SMITH"},{"floor":72,"key":"RECALL"},{"data":"Acrobatics","floor":76,"key":"SMITH"},{"data":"Terror","floor":77,"key":"SMITH"},{"data":"Adrenaline","floor":80,"key":"SMITH"}],"circlet_count":0,"master_deck":["Defend_G","Defend_G+1","Survivor+1","Neutralize+1","Infinite Blades","Acrobatics+1","Well Laid Plans+1","Underhanded Strike+1","Prepared+1","Prepared+1","Eviscerate+1","Tools of the Trade+1","Accuracy+1","Prepared+1","Blade Dance+1","Concentrate+1","Expertise+1","Panache","Blur+1","Madness+1","Madness+1","Adrenaline+1","Reflex+1","Terror+1","Acrobatics+1","Backflip+1"],"relics":["Ring of the Snake","Oddly Smooth Stone","Mango","Shuriken","Odd Mushroom","HoveringKite","Akabeko","Gremlin Horn","Tingsha","Singing Bowl","Meat on the Bone","TheAbacus","Toy Ornithopter","Empty Cage","Whetstone","Letter Opener","FossilizedHelix","Vajra","InkBottle","Bottled Tornado","CaptainsWheel","TungstenRod","Boot","War Paint"],"acts_visited":["Exordium","TheCity","TheBeyond","TheEnding"],"potions_floor_usage":[20,83,83,83,83,83,83],"damage_taken":[{"damage":0,"enemies":"2 Louse","floor":1,"turns":1},{"damage":1,"enemies":"Cultist","floor":4,"turns":4},{"damage":1,"enemies":"Jaw Worm","floor":5,"turns":5},{"damage":0,"enemies":"3 Louse","floor":8,"turns":2},{"damage":19,"enemies":"3 Sentries","floor":9,"turns":10},{"damage":1,"enemies":"Large Slime","floor":10,"turns":7},{"damage":0,"enemies":"Gremlin Gang","floor":12,"turns":2},{"damage":2,"enemies":"Lagavulin","floor":13,"turns":10},{"damage":0,"enemies":"2 Fungi Beasts","floor":17,"turns":2},{"damage":0,"enemies":"3 Louse","floor":18,"turns":3},{"damage":0,"enemies":"Large Slime","floor":19,"turns":4},{"damage":0,"enemies":"The Mushroom Lair","floor":20,"turns":3},{"damage":0,"enemies":"Exordium Thugs","floor":22,"turns":4},{"damage":3,"enemies":"Blue Slaver","floor":23,"turns":3},{"damage":0,"enemies":"The Guardian","floor":26,"turns":10},{"damage":0,"enemies":"Chosen","floor":28,"turns":2},{"damage":5,"enemies":"2 Thieves","floor":29,"turns":3},{"damage":2,"enemies":"Centurion and Healer","floor":30,"turns":5},{"damage":0,"enemies":"Snecko","floor":32,"turns":6},{"damage":10,"enemies":"Shelled Parasite and Fungi","floor":34,"turns":4},{"damage":9,"enemies":"Book of Stabbing","floor":38,"turns":4},{"damage":0,"enemies":"Cultist and Chosen","floor":42,"turns":4},{"damage":0,"enemies":"Snecko","floor":46,"turns":2},{"damage":0,"enemies":"Slavers","floor":48,"turns":3},{"damage":1,"enemies":"Champ","floor":51,"turns":4},{"damage":0,"enemies":"3 Shapes","floor":53,"turns":1},{"damage":0,"enemies":"3 Darklings","floor":55,"turns":1},{"damage":11,"enemies":"Spire Growth","floor":57,"turns":3},{"damage":12,"enemies":"Writhing Mass","floor":59,"turns":3},{"damage":0,"enemies":"Nemesis","floor":60,"turns":5},{"damage":0,"enemies":"Reptomancer","floor":62,"turns":2},{"damage":0,"enemies":"Sphere and 2 Shapes","floor":63,"turns":1},{"damage":0,"enemies":"Mind Bloom Boss Battle","floor":64,"turns":2},{"damage":0,"enemies":"Spire Growth","floor":68,"turns":1},{"damage":0,"enemies":"Nemesis","floor":70,"turns":3},{"damage":0,"enemies":"2 Orb Walkers","floor":71,"turns":1},{"damage":0,"enemies":"Writhing Mass","floor":73,"turns":1},{"damage":0,"enemies":"Sphere and 2 Shapes","floor":74,"turns":2},{"damage":0,"enemies":"Maw","floor":75,"turns":1},{"damage":0,"enemies":"Donu and Deca","floor":78,"turns":1},{"damage":0,"enemies":"Shield and Spear","floor":82,"turns":1},{"damage":0,"enemies":"The Heart","floor":83,"turns":3}],"seed_played":"2793765880446103505","potions_obtained":[{"floor":8,"key":"Poison Potion"},{"floor":9,"key":"GamblersBrew"},{"floor":12,"key":"ColorlessPotion"},{"floor":22,"key":"AttackPotion"},{"floor":32,"key":"BlessingOfTheForge"},{"floor":46,"key":"EntropicBrew"},{"floor":73,"key":"PowerPotion"}],"is_trial":false,"path_per_floor":["M","$","?","M","M","$","?","M","E","M","R","M","E","T","T","R","M","M","M","?","?","M","M","R","R","B",null,"M","M","M","?","M","?","M","?","R","?","E","T","T","T","M","R","?","$","M","$","E","R","R","B",null,"M","?","M","?","M","?","M","E","R","E","M","?","T","T","?","M","R","E","?","R","M","M","M","R","R","B",null,"R","$","E","B",null],"character_chosen":"THE_SILENT","items_purchased":["Infinite Blades","Blade Dance","TheAbacus","Concentrate","Expertise","TungstenRod","Boot"],"campfire_rested":0,"item_purchase_floors":[2,45,47,47,47,81,81],"current_hp_per_floor":[49,49,49,48,47,47,33,33,14,13,13,13,25,25,25,25,25,25,25,25,25,25,22,22,22,22,84,84,79,77,77,77,77,67,67,67,67,58,58,58,58,58,58,58,58,60,60,62,62,62,63,90,92,86,86,74,65,65,55,55,55,57,57,59,59,59,59,61,61,63,65,65,67,67,67,67,67,67,112,112,112,112,112],"gold":90,"neow_bonus":"THREE_RARE_CARDS","is_daily":false,"chose_seed":false,"campfire_upgraded":13,"win_rate":0.0,"timestamp":1613573569,"path_taken":["M","$","?","M","M","?","?","M","E","M","R","M","E","T","T","R","M","M","M","?","?","?","M","R","R","BOSS","M","M","M","?","M","?","M","?","R","?","E","?","T","T","M","R","?","?","M","$","E","R","R","BOSS","M","?","M","?","M","?","M","E","R","E","?","?","T","T","?","M","R","E","?","R","M","M","M","R","R","BOSS","R","$","E","BOSS"],"items_purchased_type":["Card","Card","Relic","Card","Card","Relic","Relic"],"build_version":"2020-12-22","purchased_purges":3,"victory":true,"max_hp_per_floor":[70,70,70,70,70,70,70,70,70,70,70,70,84,84,84,84,84,84,84,84,84,84,84,84,84,84,84,84,84,84,84,84,84,84,84,84,84,84,84,84,84,84,84,84,84,86,86,88,88,88,90,90,92,96,96,96,98,98,100,100,100,102,102,104,104,104,104,106,106,108,110,110,112,112,112,112,112,112,112,112,112,112,112],"card_choices":[{"not_picked":["Storm of Steel","Corpse Explosion"],"picked":"Die Die Die","floor":0},{"not_picked":["Cloak And Dagger","Dagger Throw","Blur"],"picked":"SKIP","floor":1},{"not_picked":["Backflip","Catalyst"],"picked":"Acrobatics","floor":4},{"not_picked":["Dagger Throw","Backflip","Skewer"],"picked":"SKIP","floor":5},{"not_picked":["Backflip","Escape Plan","Dagger Spray"],"picked":"SKIP","floor":8},{"not_picked":["Quick Slash","Flying Knee"],"picked":"Well Laid Plans","floor":9},{"not_picked":["Riddle With Holes","Outmaneuver"],"picked":"Underhanded Strike","floor":10},{"not_picked":["Bane","Flying Knee"],"picked":"Prepared","floor":12},{"not_picked":["Flying Knee","Dagger Throw","Dodge and Roll"],"picked":"SKIP","floor":13},{"not_picked":["Quick Slash","Dagger Spray"],"picked":"Prepared","floor":17},{"not_picked":["Dagger Spray","Crippling Poison","Cloak And Dagger"],"picked":"SKIP","floor":18},{"not_picked":["A Thousand Cuts","Dagger Spray","Finisher"],"picked":"SKIP","floor":19},{"not_picked":["Deadly Poison","Prepared"],"picked":"Eviscerate","floor":20},{"not_picked":["Flying Knee","Glass Knife","Catalyst"],"picked":"SKIP","floor":22},{"not_picked":["Blur","Cloak And Dagger","Sucker Punch"],"picked":"SKIP","floor":23},{"not_picked":["Die Die Die","Corpse Explosion"],"picked":"Tools of the Trade","floor":26},{"not_picked":["Leg Sweep+1","PiercingWail","Dagger Throw"],"picked":"SKIP","floor":28},{"not_picked":["Sucker Punch+1","Dagger Spray","Bane"],"picked":"SKIP","floor":29},{"not_picked":["Leg Sweep","Deadly Poison+1","Quick Slash+1"],"picked":"SKIP","floor":30},{"not_picked":["Envenom","Dash+1"],"picked":"Accuracy+1","floor":32},{"not_picked":["PiercingWail+1","Concentrate","Outmaneuver"],"picked":"SKIP","floor":34},{"not_picked":["Night Terror","Dodge and Roll","Cloak And Dagger"],"picked":"SKIP","floor":38},{"not_picked":["Quick Slash","Endless Agony"],"picked":"Prepared+1","floor":42},{"not_picked":["Finisher","Eviscerate","Underhanded Strike+1"],"picked":"Singing Bowl","floor":46},{"not_picked":["Deflect+1","Flying Knee","Bouncing Flask+1"],"picked":"Singing Bowl","floor":48},{"not_picked":["Doppelganger","Bullet Time","A Thousand Cuts"],"picked":"Singing Bowl","floor":51},{"not_picked":["All Out Attack+1","Riddle With Holes+1","Catalyst"],"picked":"Singing Bowl","floor":53},{"not_picked":["Mind Blast","Transmutation"],"picked":"Panache","floor":54},{"not_picked":["Bandage Up","Blind","Good Instincts"],"picked":"Singing Bowl","floor":54},{"not_picked":["Discovery","Transmutation","Sadistic Nature"],"picked":"Singing Bowl","floor":54},{"not_picked":["Quick Slash","PiercingWail+1"],"picked":"Blur","floor":55},{"not_picked":["Bane+1","Prepared","Backflip"],"picked":"Singing Bowl","floor":57},{"not_picked":["Prepared","Cloak And Dagger","Leg Sweep+1"],"picked":"Singing Bowl","floor":59},{"not_picked":["Accuracy","Underhanded Strike+1"],"picked":"Adrenaline","floor":60},{"not_picked":["Leg Sweep+1","Sucker Punch+1","Bane"],"picked":"Singing Bowl","floor":62},{"not_picked":["Flechettes+1","Sucker Punch"],"picked":"Reflex+1","floor":63},{"not_picked":["Predator+1","Expertise+1","Underhanded Strike"],"picked":"Singing Bowl","floor":64},{"not_picked":["Blur","Sucker Punch+1","Flying Knee"],"picked":"Singing Bowl","floor":68},{"not_picked":["Reflex+1","Expertise+1","Wraith Form v2"],"picked":"Singing Bowl","floor":70},{"not_picked":["Blade Dance+1","Masterful Stab","Sucker Punch+1"],"picked":"Singing Bowl","floor":71},{"not_picked":["Infinite Blades+1","Deflect","Slice+1"],"picked":"Singing Bowl","floor":73},{"not_picked":["Poisoned Stab","Dagger Spray"],"picked":"Terror","floor":74},{"not_picked":["Skewer+1","Backflip+1"],"picked":"Acrobatics","floor":75},{"not_picked":["Deflect","Unload"],"picked":"Backflip+1","floor":82}],"player_experience":2491494,"relics_obtained":[{"floor":9,"key":"Oddly Smooth Stone"},{"floor":13,"key":"Mango"},{"floor":14,"key":"Shuriken"},{"floor":20,"key":"Odd Mushroom"},{"floor":38,"key":"Akabeko"},{"floor":39,"key":"Gremlin Horn"},{"floor":40,"key":"Tingsha"},{"floor":41,"key":"Singing Bowl"},{"floor":48,"key":"Toy Ornithopter"},{"floor":60,"key":"Whetstone"},{"floor":62,"key":"Letter Opener"},{"floor":64,"key":"FossilizedHelix"},{"floor":65,"key":"Vajra"},{"floor":66,"key":"InkBottle"},{"floor":70,"key":"Bottled Tornado"},{"floor":71,"key":"CaptainsWheel"},{"floor":82,"key":"War Paint"}],"event_choices":[{"cards_removed":["Strike_G"],"damage_healed":0,"gold_gain":0,"player_choice":"Purged","damage_taken":0,"max_hp_gain":0,"max_hp_loss":0,"event_name":"Purifier","floor":3,"gold_loss":0},{"damage_healed":0,"gold_gain":0,"player_choice":"Entered Light","damage_taken":14,"max_hp_gain":0,"max_hp_loss":0,"event_name":"Shining Light","floor":7,"gold_loss":0,"cards_upgraded":["Defend_G","Survivor"]},{"damage_healed":0,"gold_gain":0,"player_choice":"Fought Mushrooms","damage_taken":0,"max_hp_gain":0,"max_hp_loss":0,"event_name":"Mushrooms","floor":20,"gold_loss":0},{"cards_removed":["Strike_G"],"damage_healed":0,"gold_gain":0,"player_choice":"Offered Basic","damage_taken":0,"max_hp_gain":0,"max_hp_loss":0,"event_name":"Bonfire Elementals","floor":21,"gold_loss":0},{"damage_healed":0,"gold_gain":0,"player_choice":"Ignored","damage_taken":0,"max_hp_gain":0,"max_hp_loss":0,"event_name":"Vampires","floor":31,"gold_loss":0},{"cards_removed":["Strike_G"],"damage_healed":0,"gold_gain":0,"player_choice":"Gave Gold","damage_taken":0,"max_hp_gain":0,"max_hp_loss":0,"event_name":"Beggar","floor":33,"gold_loss":75},{"damage_healed":0,"gold_gain":0,"player_choice":"Ignored","damage_taken":0,"max_hp_gain":0,"max_hp_loss":0,"event_name":"Ghosts","floor":35,"gold_loss":0},{"damage_healed":0,"gold_gain":99,"player_choice":"Stole From Cult","damage_taken":0,"max_hp_gain":0,"max_hp_loss":0,"event_name":"Nest","floor":37,"gold_loss":0},{"damage_healed":0,"gold_gain":0,"player_choice":"Opened","damage_taken":0,"relics_obtained":["Meat on the Bone"],"max_hp_gain":0,"max_hp_loss":0,"event_name":"The Mausoleum","floor":44,"gold_loss":0},{"damage_healed":0,"gold_gain":0,"player_choice":"Memory 3","damage_taken":10,"max_hp_gain":0,"max_hp_loss":0,"event_name":"SensoryStone","floor":54,"gold_loss":0},{"damage_healed":0,"gold_gain":0,"player_choice":"Embrace Madness","damage_taken":12,"max_hp_gain":0,"max_hp_loss":0,"event_name":"Winding Halls","floor":56,"gold_loss":0,"cards_obtained":["Madness","Madness"]},{"cards_removed":["Die Die Die"],"damage_healed":0,"gold_gain":0,"player_choice":"Removed Attack","damage_taken":0,"max_hp_gain":0,"max_hp_loss":0,"event_name":"Falling","floor":58,"gold_loss":0},{"damage_healed":0,"gold_gain":0,"player_choice":"Fight","damage_taken":0,"max_hp_gain":0,"max_hp_loss":0,"event_name":"MindBloom","floor":64,"gold_loss":0},{"damage_healed":0,"gold_gain":0,"player_choice":"Ignored","damage_taken":0,"max_hp_gain":0,"max_hp_loss":0,"event_name":"Tomb of Lord Red Mask","floor":67,"gold_loss":0},{"damage_healed":0,"gold_gain":0,"player_choice":"Fight","damage_taken":0,"max_hp_gain":0,"max_hp_loss":0,"event_name":"Mysterious Sphere","floor":71,"gold_loss":0}],"is_beta":false,"boss_relics":[{"not_picked":["WristBlade","Calling Bell"],"picked":"HoveringKite"},{"not_picked":["Runic Dome","Fusion Hammer"],"picked":"Empty Cage"}],"items_purged_floors":[2,45,81],"is_endless":false,"potions_floor_spawned":[8,9,12,13,18,22,28,32,42,46,51,55,60,63,70,73,74,82],"ascension_level":1}}