{"host":"0xtpc43j5kblke7u","time":1613538537,"event":{"mods":["AchievementEnabler","BaseMod","Colored Map","Highlight Path","Minty Spire (QoL Compilation)"],"gold_per_floor":[113,124,124,137,156,191,191,218,293,5,5,23,23,54,54,150,150,166,166,166,81,93,93,120,120,195,223,223,240,15,25,25,124,124,135,135,81,81,94,124,124,124,124,143,143,143,175,175,175,175],"floor_reached":51,"language":"ENG","playtime":3522,"items_purged":["Strike_P+1"],"score":956,"play_id":"7cf797d1-3db5-4153-9781-cb8815896087","local_time":"20210217000857","is_ascension_mode":true,"campfire_choices":[{"data":"CrushJoints","floor":7.0,"key":"SMITH"},{"floor":11.0,"key":"REST"},{"floor":15.0,"key":"REST"},{"data":"Eruption","floor":23.0,"key":"SMITH"},{"data":"Wallop","floor":25.0,"key":"SMITH"},{"data":"MentalFortress","floor":28.0,"key":"SMITH"},{"floor":32.0,"key":"REST"},{"data":"Apotheosis","floor":42.0,"key":"SMITH"},{"data":"FlurryOfBlows","floor":45.0,"key":"SMITH"},{"floor":49,"key":"REST"}],"circlet_count":0,"master_deck":["Strike_P+1","Strike_P+1","Strike_P+1","Defend_P+1","Defend_P+1","Defend_P+1","Defend_P+1","Eruption+1","Vigilance","Panacea","Tantrum","FlurryOfBlows+1","CrushJoints+1","Wallop+1","EmptyFist","Protect","DeusExMachina","Evaluate","Evaluate","MentalFortress+1","ReachHeaven+1","EmptyBody","Apotheosis+1","Bandage Up","Madness","Madness"],"relics":["PureWater","FaceOfCleric","Blood Vial","Du-Vu Doll","Kunai","HornCleat","Nunchaku","Sozu","MutagenicStrength","Question Card","Anchor","Darkstone Periapt","Ornamental Fan","Strawberry","Busted Crown","Turnip","Singing Bowl","GoldenEye"],"acts_visited":["Exordium","TheCity","TheBeyond"],"potions_floor_usage":[],"damage_taken":[{"damage":0.0,"enemies":"Small Slimes","floor":1.0,"turns":4.0},{"damage":7.0,"enemies":"Cultist","floor":2.0,"turns":3.0},{"damage":3.0,"enemies":"2 Louse","floor":4.0,"turns":2.0},{"damage":0.0,"enemies":"Large Slime","floor":5.0,"turns":3.0},{"damage":32.0,"enemies":"Gremlin Nob","floor":6.0,"turns":3.0},{"damage":22.0,"enemies":"Lagavulin","floor":8.0,"turns":5.0},{"damage":0.0,"enemies":"Exordium Wildlife","floor":12.0,"turns":3.0},{"damage":16.0,"enemies":"3 Sentries","floor":14.0,"turns":4.0},{"damage":22.0,"enemies":"The Guardian","floor":16.0,"turns":11.0},{"damage":0.0,"enemies":"3 Byrds","floor":18.0,"turns":4.0},{"damage":7.0,"enemies":"Shell Parasite","floor":22.0,"turns":5.0},{"damage":24.0,"enemies":"Book of Stabbing","floor":24.0,"turns":5.0},{"damage":11.0,"enemies":"Slavers","floor":27.0,"turns":4.0},{"damage":0.0,"enemies":"Centurion and Healer","floor":29.0,"turns":6.0},{"damage":2.0,"enemies":"Snecko","floor":31.0,"turns":5.0},{"damage":32.0,"enemies":"Automaton","floor":33.0,"turns":10.0},{"damage":0.0,"enemies":"Orb Walker","floor":35.0,"turns":3.0},{"damage":6.0,"enemies":"3 Darklings","floor":39.0,"turns":5.0},{"damage":0.0,"enemies":"Giant Head","floor":40.0,"turns":8.0},{"damage":31.0,"enemies":"Spire Growth","floor":44.0,"turns":6.0},{"damage":32,"enemies":"Reptomancer","floor":47,"turns":7},{"damage":25,"enemies":"Awakened One","floor":50,"turns":17}],"seed_played":"-412729015952357716","potions_obtained":[{"floor":4.0,"key":"SkillPotion"},{"floor":6.0,"key":"DuplicationPotion"},{"floor":12.0,"key":"PowerPotion"},{"floor":16.0,"key":"Weak Potion"}],"is_trial":false,"path_per_floor":["M","M","?","M","M","E","R","E","T","$","R","M","$","E","R","B",null,"M","?","?","?","M","R","E","R","T","E","R","M","$","M","R","B",null,"M","?","$","?","M","E","?","R","T","M","R","?","E","?","R","B",null],"character_chosen":"WATCHER","items_purchased":["EmptyFist","HornCleat","Strawberry","EmptyBody"],"campfire_rested":4,"item_purchase_floors":[10,10,30,37],"current_hp_per_floor":[72,65,65,63,64,33,33,14,14,14,36,39,39,26,49,30,79,80,80,80,80,74,74,53,53,53,45,45,48,55,56,83,54,93,94,94,94,89,89,96,106,106,106,84,84,70,43,43,76,60],"gold":175,"neow_bonus":"RANDOM_COLORLESS","is_daily":false,"chose_seed":false,"campfire_upgraded":6,"win_rate":0.0,"timestamp":1613538537,"path_taken":["M","M","?","M","?","E","R","E","T","$","R","M","?","E","R","BOSS","M","?","?","?","M","R","E","R","T","E","R","M","$","M","R","BOSS","M","?","$","?","M","E","?","R","T","?","R","?","E","?","R","BOSS"],"items_purchased_type":["Card","Relic","Relic","Card"],"build_version":"2020-12-22","purchased_purges":1,"victory":true,"max_hp_per_floor":[72,72,72,73,74,75,75,76,76,76,76,77,77,78,78,79,79,80,80,80,80,81,81,82,82,82,83,83,84,91,92,92,93,93,94,94,94,94,95,96,106,106,106,109,109,109,112,112,112,113],"card_choices":[{"not_picked":["Mind Blast","Jack Of All Trades"],"picked":"Panacea","floor":0.0},{"not_picked":["WreathOfFlame","SandsOfTime"],"picked":"Tantrum","floor":1.0},{"not_picked":["Crescendo","JustLucky"],"picked":"FlurryOfBlows","floor":2.0},{"not_picked":["SashWhip","FollowUp"],"picked":"CrushJoints","floor":4.0},{"not_picked":["PathToVictory","Weave","Vengeance"],"picked":"SKIP","floor":5.0},{"not_picked":["EmptyBody","Swivel"],"picked":"Wallop","floor":6.0},{"not_picked":["CrushJoints","BowlingBash","Swivel"],"picked":"SKIP","floor":8.0},{"not_picked":["Sanctity","SashWhip"],"picked":"Protect","floor":12.0},{"not_picked":["Perseverance","Prostrate","Brilliance"],"picked":"SKIP","floor":14.0},{"not_picked":["Brilliance","Blasphemy"],"picked":"DeusExMachina","floor":16.0},{"not_picked":["JustLucky+1","EmptyFist"],"picked":"Evaluate","floor":18.0},{"not_picked":["WheelKick","Wallop","CrushJoints"],"picked":"Evaluate","floor":22.0},{"not_picked":["EmptyFist","WaveOfTheHand","FlurryOfBlows+1"],"picked":"FearNoEvil","floor":24.0},{"not_picked":["FlyingSleeves+1","Consecrate","EmptyBody"],"picked":"MentalFortress","floor":27.0},{"not_picked":["SashWhip","Weave+1","FlyingSleeves"],"picked":"ReachHeaven+1","floor":29.0},{"not_picked":["BattleHymn+1","DeusExMachina","FlurryOfBlows+1","Sanctity+1"],"picked":"SKIP","floor":31.0},{"not_picked":["Devotion","Alpha","Brilliance"],"picked":"MasterReality","floor":33.0},{"not_picked":["Worship+1","FlurryOfBlows"],"picked":"SKIP","floor":35.0},{"not_picked":["Blind"],"picked":"Apotheosis","floor":38.0},{"not_picked":["Purity"],"picked":"Bandage Up","floor":38.0},{"not_picked":["SandsOfTime+1","FollowUp+1"],"picked":"SKIP","floor":39.0},{"not_picked":["Fasting2+1","Halt+1"],"picked":"SKIP","floor":40.0},{"not_picked":["Crescendo+1","Halt+1"],"picked":"Singing Bowl","floor":44.0},{"not_picked":["JustLucky+1","Protect"],"picked":"Singing Bowl","floor":47}],"player_experience":692619,"relics_obtained":[{"floor":6.0,"key":"Blood Vial"},{"floor":8.0,"key":"Du-Vu Doll"},{"floor":9.0,"key":"Kunai"},{"floor":14.0,"key":"Nunchaku"},{"floor":24.0,"key":"Anchor"},{"floor":26.0,"key":"Darkstone Periapt"},{"floor":27.0,"key":"Ornamental Fan"},{"floor":40.0,"key":"Turnip"},{"floor":43.0,"key":"Singing Bowl"},{"floor":47,"key":"GoldenEye"}],"event_choices":[{"damage_healed":0.0,"max_hp_gain":0.0,"max_hp_loss":0.0,"gold_gain":0.0,"event_name":"FaceTrader","player_choice":"Trade","floor":3.0,"gold_loss":0.0,"damage_taken":0.0,"relics_obtained":["FaceOfCleric"]},{"damage_healed":0.0,"max_hp_gain":0.0,"max_hp_loss":0.0,"gold_gain":0.0,"event_name":"Back to Basics","player_choice":"Simplicity","floor":19.0,"gold_loss":0.0,"damage_taken":0.0,"cards_upgraded":["Strike_P","Strike_P","Strike_P","Strike_P","Defend_P","Defend_P","Defend_P","Defend_P"]},{"damage_healed":0.0,"max_hp_gain":0.0,"max_hp_loss":0.0,"gold_gain":0.0,"event_name":"Drug Dealer","player_choice":"Inject Mutagens","floor":20.0,"gold_loss":0.0,"damage_taken":0.0,"relics_obtained":["MutagenicStrength"]},{"damage_healed":0.0,"max_hp_gain":0.0,"max_hp_loss":0.0,"gold_gain":0.0,"event_name":"Addict","player_choice":"Obtained Relic","floor":21.0,"gold_loss":85.0,"damage_taken":0.0,"relics_obtained":["Question Card"]},{"damage_healed":0.0,"max_hp_gain":0.0,"max_hp_loss":0.0,"gold_gain":0.0,"event_name":"Mysterious Sphere","player_choice":"Ignored","floor":36.0,"gold_loss":0.0,"damage_taken":0.0},{"damage_healed":0.0,"max_hp_gain":0.0,"max_hp_loss":0.0,"gold_gain":0.0,"event_name":"SensoryStone","player_choice":"Memory 2","floor":38.0,"gold_loss":0.0,"damage_taken":5.0},{"cards_removed":["MasterReality"],"damage_healed":0.0,"max_hp_gain":10.0,"max_hp_loss":0.0,"gold_gain":0.0,"event_name":"Bonfire Elementals","player_choice":"Offered Rare","floor":41.0,"gold_loss":0.0,"damage_taken":0.0},{"damage_healed":0.0,"max_hp_gain":0.0,"max_hp_loss":0.0,"gold_gain":0.0,"event_name":"Winding Halls","player_choice":"Embrace Madness","floor":46.0,"gold_loss":0.0,"damage_taken":14.0,"cards_obtained":["Madness","Madness"]},{"cards_removed":["FearNoEvil"],"damage_healed":0,"gold_gain":0,"player_choice":"Removed Attack","damage_taken":0,"max_hp_gain":0,"max_hp_loss":0,"event_name":"Falling","floor":48,"gold_loss":0}],"is_beta":false,"boss_relics":[{"not_picked":["HolyWater","Coffee Dripper"],"picked":"Sozu"},{"not_picked":["Black Star","SacredBark"],"picked":"Busted Crown"}],"items_purged_floors":[30],"is_endless":false,"potions_floor_spawned":[4,6,12,16,18,27,29,33,44,47],"ascension_level":4}}