{"host":"l2dnabsh5e0fsksb","time":1613543713,"event":{"mods":["2.2 Compatiblity","BaseMod","Downfall","Minty Spire (QoL Compilation)","Quick Restart","StSLib"],"gold_per_floor":[99,113,213,231,231,131,131,146,172,72,90,120,120,30,48,144,144,144,144,159,159,159,159,159,159],"floor_reached":23,"language":"ENG","playtime":829,"items_purged":["hexamod:Strike"],"score":286,"play_id":"226dcf6e-8e78-43e5-b92a-6bcb8e234e49","local_time":"20210217170513","is_ascension_mode":true,"campfire_choices":[{"floor":1.0,"key":"RECALL"},{"data":"hexamod:AdvancingGuard","floor":6.0,"key":"SMITH"},{"floor":10.0,"key":"REST"},{"floor":13.0,"key":"REST"},{"data":"hexamod:UnlimitedPower","floor":18.0,"key":"SMITH"}],"circlet_count":0,"master_deck":["hexamod:Strike+1","hexamod:Strike+1","hexamod:Strike","hexamod:Defend+1","hexamod:Defend+1","hexamod:Defend","hexamod:Defend+1","hexamod:Sear+1","hexamod:Float+1","hexamod:SixthSeal","hexamod:RainOfEmbers+1","hexamod:AdvancingGuard+1","hexamod:GhostOfSpirePast","hexamod:SwordOfDarkness+1","hexamod:RainOfEmbers+1","hexamod:EmpoweredFlame","hexamod:Firestarter","hexamod:ExtraCrispy","hexamod:UnlimitedPower+1","hexamod:FlamesFromBeyond"],"relics":["hexamod:SpiritBrand","downfall:HeartBlessingRed","Mercury Hourglass","Boot","downfall:HeartBlessingGreen","Ginger","Black Star"],"acts_visited":["Exordium","TheCity"],"potions_floor_usage":[23,23],"damage_taken":[{"damage":8.0,"enemies":"Jaw Worm","floor":2.0,"turns":4.0},{"damage":9.0,"enemies":"2 Louse","floor":4.0,"turns":4.0},{"damage":2.0,"enemies":"Small Slimes","floor":8.0,"turns":3.0},{"damage":15.0,"enemies":"Gremlin Nob","floor":9.0,"turns":4.0},{"damage":0.0,"enemies":"Blue Slaver","floor":11.0,"turns":3.0},{"damage":14.0,"enemies":"Lagavulin","floor":12.0,"turns":3.0},{"damage":5.0,"enemies":"downfall:FleeingMerchant","floor":14.0,"turns":4.0},{"damage":1.0,"enemies":"2 Fungi Beasts","floor":15.0,"turns":3.0},{"damage":31.0,"enemies":"IC_STATUS_ARCHETYPE","floor":16.0,"turns":6.0},{"damage":32.0,"enemies":"Shell Parasite","floor":20.0,"turns":6.0},{"damage":42,"enemies":"Slavers","floor":23,"turns":3}],"seed_played":"-4956333218972233709","potions_obtained":[{"floor":2.0,"key":"sneckomod:MuddlingPotion"},{"floor":9.0,"key":"GamblersBrew"},{"floor":15.0,"key":"Swift Potion"},{"floor":16.0,"key":"hexamod:DoubleChargePotion"},{"floor":21.0,"key":"CultistPotion"}],"is_trial":false,"path_per_floor":["R","M","?","M","?","R","T","M","E","R","M","E","R","$","M","B",null,"R","?","M","?","?","E"],"character_chosen":"THE_SPIRIT","items_purchased":[],"campfire_rested":2,"item_purchase_floors":[],"current_hp_per_floor":[63,55,55,46,46,46,46,44,29,47,47,33,51,46,45,14,51,51,51,19,19,40,0,0,0],"gold":159,"neow_bonus":"THREE_RARE_CARDS","is_daily":false,"chose_seed":false,"campfire_upgraded":2,"win_rate":0.0,"timestamp":1613543713,"path_taken":["R","M","?","M","?","R","T","M","E","R","?","E","R","$","M","BOSS","R","?","M","?","?","E"],"items_purchased_type":[],"build_version":"2020-12-22","purchased_purges":1,"victory":false,"max_hp_per_floor":[63,63,63,63,63,63,63,63,63,63,63,63,63,63,63,63,63,63,63,63,63,63,63,63,63],"card_choices":[{"not_picked":["hexamod:GiftsFromTheDead","hexamod:ParanormalForm"],"picked":"hexamod:SixthSeal","floor":0.0},{"not_picked":["hexamod:RetreatToShadows","hexamod:SuperheatedStrike"],"picked":"hexamod:RainOfEmbers","floor":2.0},{"not_picked":["hexamod:HauntingEcho","hexamod:SuperheatedStrike"],"picked":"hexamod:AdvancingGuard","floor":4.0},{"not_picked":["hexamod:AdvancingGuard","hexamod:FastForward"],"picked":"hexamod:GhostOfSpirePast","floor":8.0},{"not_picked":["hexamod:GhostShield","hexamod:ThirdSeal"],"picked":"hexamod:SwordOfDarkness","floor":9.0},{"not_picked":["hexamod:GhostLash","hexamod:SpectralAdrenaline"],"picked":"hexamod:RainOfEmbers","floor":11.0},{"not_picked":["hexamod:BurningTouch","hexamod:DynamicBlow"],"picked":"hexamod:EmpoweredFlame","floor":12.0},{"not_picked":["hexamod:SpectralSpark","hexamod:Rewind"],"picked":"hexamod:Firestarter","floor":14.0},{"not_picked":["hexamod:Firestarter","hexamod:RadiantFlame"],"picked":"hexamod:ExtraCrispy","floor":15.0},{"not_picked":["hexamod:SixthSeal","hexamod:FlameSwitch"],"picked":"hexamod:UnlimitedPower","floor":16.0},{"not_picked":["hexamod:SpectersWail","hexamod:FourthSeal"],"picked":"hexamod:FlamesFromBeyond","floor":20.0}],"player_experience":1944993,"relics_obtained":[{"floor":7.0,"key":"Mercury Hourglass"},{"floor":9.0,"key":"Boot"},{"floor":12.0,"key":"Ginger"}],"event_choices":[{"damage_healed":21.0,"max_hp_gain":0.0,"max_hp_loss":0.0,"gold_gain":0.0,"event_name":"The Library","player_choice":"Heal","floor":22.0,"gold_loss":0.0,"damage_taken":0.0}],"is_beta":false,"boss_relics":[{"not_picked":["Astrolabe","hexamod:UnbrokenSoul"],"picked":"Black Star"}],"items_purged_floors":[14],"is_endless":false,"potions_floor_spawned":[2,9,15,16,20],"killed_by":"Slavers","ascension_level":9}}