{"host":"93bjq340p293ukqy","time":1613596084,"event":{"mods":["BaseMod","Hermit","Minty Spire (QoL Compilation)","StSLib","The Cursed"],"gold_per_floor":[119,138,313,313,327,362,362,376,376,366,385,415,415,449,449,544,544,561,570,617,637,654,697,67,105,105,121,147,147,147,174,174,278,287,298,311,374,374,390,390,420,420,420,420,463,463,33,50,50,50],"floor_reached":51,"language":"ENG","playtime":3585,"items_purged":["Writhe","Doubt"],"score":1046,"play_id":"e0705233-d54a-48cc-9ff1-77ef124c2399","local_time":"20210217230804","is_ascension_mode":true,"campfire_choices":[{"floor":7,"key":"REST"},{"floor":13,"key":"REST"},{"data":"Rainbow","floor":15,"key":"SMITH"},{"floor":29,"key":"REST"},{"floor":32,"key":"REST"},{"floor":40,"key":"REST"},{"floor":42,"key":"RECALL"},{"floor":46,"key":"REST"},{"floor":49,"key":"REST"}],"circlet_count":0,"master_deck":["Strike_B","Strike_B","Strike_B","Strike_B","Defend_B","Defend_B","Defend_B","Defend_B","Dualcast","Glacier","Cold Snap","Beam Cell","Reboot","Double Energy","Rainbow+1","Blizzard","Compile Driver","Cold Snap+1","Self Repair","Echo Form","Capacitor+1","Hello World","Coolheaded+1","Static Discharge","Sweeping Beam+1","Creative AI","CurseOfTheBell","Ball Lightning+1","Glacier+1","Mayhem"],"relics":["Black Star","Eternal Feather","Akabeko","Mummified Hand","Regal Pillow","Bottled Lightning","Singing Bowl","Orichalcum","Fusion Hammer","CeramicFish","Happy Flower","Ornamental Fan","Boot","Runic Capacitor","Potion Belt","Anchor","Pear","Bottled Flame","Calling Bell","Blood Vial","Darkstone Periapt","FossilizedHelix","Pocketwatch","Whetstone","Art of War","StrikeDummy","InkBottle","Lantern","Gambling Chip","Oddly Smooth Stone"],"acts_visited":["Exordium","TheCity","TheBeyond"],"potions_floor_usage":[6,14,16,21,22,23,23,25,25,25,35,36,37,39,50],"damage_taken":[{"damage":6,"enemies":"2 Louse","floor":1,"turns":3},{"damage":4,"enemies":"Small Slimes","floor":2,"turns":4},{"damage":3,"enemies":"Cultist","floor":5,"turns":4},{"damage":32,"enemies":"3 Sentries","floor":6,"turns":14},{"damage":6,"enemies":"Exordium Wildlife","floor":8,"turns":4},{"damage":10,"enemies":"Exordium Thugs","floor":10,"turns":4},{"damage":2,"enemies":"Red Slaver","floor":11,"turns":5},{"damage":23,"enemies":"Lagavulin","floor":12,"turns":9},{"damage":20,"enemies":"Gremlin Nob","floor":14,"turns":4},{"damage":29,"enemies":"Hexaghost","floor":16,"turns":9},{"damage":7,"enemies":"3 Byrds","floor":18,"turns":5},{"damage":18,"enemies":"Shell Parasite","floor":21,"turns":6},{"damage":19,"enemies":"Chosen and Byrds","floor":22,"turns":6},{"damage":52,"enemies":"Slavers","floor":23,"turns":8},{"damage":20,"enemies":"Book of Stabbing","floor":25,"turns":5},{"damage":2,"enemies":"Snecko","floor":27,"turns":5},{"damage":13,"enemies":"Shelled Parasite and Fungi","floor":28,"turns":5},{"damage":0,"enemies":"Centurion and Healer","floor":31,"turns":8},{"damage":46,"enemies":"Automaton","floor":33,"turns":10},{"damage":6,"enemies":"3 Shapes","floor":35,"turns":4},{"damage":31,"enemies":"3 Darklings","floor":36,"turns":5},{"damage":68,"enemies":"2 Orb Walkers","floor":37,"turns":5},{"damage":0,"enemies":"Transient","floor":39,"turns":5},{"damage":20,"enemies":"Nemesis","floor":41,"turns":7},{"damage":106,"enemies":"Giant Head","floor":45,"turns":11},{"damage":43,"enemies":"Jaw Worm Horde","floor":48,"turns":5},{"damage":64,"enemies":"Donu and Deca","floor":50,"turns":11}],"seed_played":"3997298115528293540","potions_obtained":[{"floor":2,"key":"Weak Potion"},{"floor":8,"key":"LiquidBronze"},{"floor":10,"key":"Fire Potion"},{"floor":12,"key":"Regen Potion"},{"floor":18,"key":"Fruit Juice"},{"floor":21,"key":"Fire Potion"},{"floor":22,"key":"Swift Potion"},{"floor":27,"key":"Fire Potion"},{"floor":33,"key":"LiquidMemories"},{"floor":35,"key":"GamblersBrew"},{"floor":37,"key":"LiquidMemories"},{"floor":45,"key":"Dexterity Potion"}],"is_trial":false,"path_per_floor":["M","M","?","?","M","E","R","M","T","M","M","E","R","E","R","B",null,"M","?","T","M","M","E","$","E","T","M","M","R","?","M","R","B",null,"M","M","?","?","M","R","E","R","T","?","E","R","$","M","R","B",null],"character_chosen":"DEFECT","items_purchased":["Hello World","Runic Capacitor","Potion Belt","Fruit Juice","Explosive Potion","GamblersBrew","Mayhem","Oddly Smooth Stone"],"campfire_rested":7,"item_purchase_floors":[24,24,24,24,24,24,47,47],"current_hp_per_floor":[69,65,65,65,62,30,61,55,55,45,43,20,69,49,61,39,66,68,68,68,71,54,24,24,26,26,33,20,80,59,66,108,69,98,96,83,31,31,42,106,97,112,112,112,15,82,82,50,118,61],"gold":50,"neow_bonus":"BOSS_RELIC","is_daily":false,"chose_seed":false,"campfire_upgraded":1,"win_rate":0.0,"timestamp":1613596084,"path_taken":["M","M","?","?","?","E","R","M","T","M","M","E","R","E","R","BOSS","M","?","?","M","?","E","$","E","T","M","M","R","?","M","R","BOSS","M","M","?","?","M","R","E","R","T","?","E","R","$","M","R","BOSS"],"items_purchased_type":["Card","Relic","Relic","Potion","Potion","Potion","Card","Relic"],"build_version":"2020-12-22","purchased_purges":2,"victory":true,"max_hp_per_floor":[75,75,75,75,75,75,75,75,75,75,75,75,75,75,75,75,75,77,77,77,84,86,86,86,101,101,103,103,103,108,108,108,108,108,110,112,112,112,114,114,116,116,116,116,116,116,116,118,118,118],"card_choices":[{"not_picked":["Coolheaded","Turbo"],"picked":"Glacier","floor":1},{"not_picked":["Barrage","Force Field"],"picked":"Cold Snap","floor":2},{"not_picked":["Steam Power","Coolheaded"],"picked":"Double Energy","floor":5},{"not_picked":["Turbo","Compile Driver"],"picked":"Rainbow","floor":6},{"not_picked":["Steam","Gash"],"picked":"Blizzard","floor":8},{"not_picked":["Conserve Battery","Aggregate"],"picked":"Compile Driver","floor":10},{"not_picked":["Leap","Melter","Stack"],"picked":"SKIP","floor":11},{"not_picked":["Leap","Recycle"],"picked":"Cold Snap","floor":12},{"not_picked":["Reprogram","Barrage"],"picked":"Self Repair","floor":14},{"not_picked":["All For One","Buffer"],"picked":"Echo Form","floor":16},{"not_picked":["Conserve Battery","Ball Lightning","Sweeping Beam"],"picked":"Singing Bowl","floor":18},{"not_picked":["Lockon","Beam Cell","Fusion"],"picked":"Singing Bowl","floor":21},{"not_picked":["Compile Driver","Ball Lightning","Steam Power"],"picked":"Singing Bowl","floor":22},{"not_picked":["Turbo","Skim"],"picked":"Capacitor+1","floor":23},{"not_picked":["Double Energy+1","Chill"],"picked":"Coolheaded+1","floor":25},{"not_picked":["Scrape+1","Go for the Eyes","Reinforced Body+1"],"picked":"Singing Bowl","floor":27},{"not_picked":["Leap+1","Barrage+1"],"picked":"Static Discharge","floor":28},{"not_picked":["Turbo","Glacier"],"picked":"Sweeping Beam+1","floor":31},{"not_picked":["Echo Form","Multi-Cast"],"picked":"Creative AI","floor":33},{"not_picked":["Rebound+1","Recycle","Double Energy+1"],"picked":"Singing Bowl","floor":35},{"not_picked":["Sunder+1","Lockon+1","Compile Driver+1"],"picked":"Singing Bowl","floor":36},{"not_picked":["BootSequence+1","Beam Cell+1"],"picked":"Ball Lightning","floor":37},{"not_picked":["Go for the Eyes+1","Sweeping Beam","Rip and Tear+1"],"picked":"Singing Bowl","floor":39},{"not_picked":["Undo+1","Reboot","Steam Power"],"picked":"Singing Bowl","floor":41},{"not_picked":["Gash","Streamline"],"picked":"Glacier+1","floor":45},{"not_picked":["Rebound","Coolheaded","Stack+1"],"picked":"Singing Bowl","floor":48}],"player_experience":252026,"relics_obtained":[{"floor":6,"key":"Eternal Feather"},{"floor":6,"key":"Akabeko"},{"floor":9,"key":"Mummified Hand"},{"floor":12,"key":"Regal Pillow"},{"floor":12,"key":"Bottled Lightning"},{"floor":14,"key":"Singing Bowl"},{"floor":14,"key":"Orichalcum"},{"floor":20,"key":"Happy Flower"},{"floor":23,"key":"Ornamental Fan"},{"floor":23,"key":"Boot"},{"floor":25,"key":"Anchor"},{"floor":25,"key":"Pear"},{"floor":26,"key":"Bottled Flame"},{"floor":34,"key":"Blood Vial"},{"floor":34,"key":"Darkstone Periapt"},{"floor":34,"key":"FossilizedHelix"},{"floor":37,"key":"Pocketwatch"},{"floor":41,"key":"Whetstone"},{"floor":41,"key":"Art of War"},{"floor":43,"key":"StrikeDummy"},{"floor":44,"key":"InkBottle"},{"floor":45,"key":"Lantern"},{"floor":45,"key":"Gambling Chip"}],"event_choices":[{"damage_healed":0,"gold_gain":175,"player_choice":"AGREE","damage_taken":0,"max_hp_gain":0,"max_hp_loss":0,"event_name":"Liars Game","floor":3,"gold_loss":0,"cards_obtained":["Doubt"]},{"damage_healed":0,"gold_gain":0,"player_choice":"2 cards matched","damage_taken":0,"max_hp_gain":0,"max_hp_loss":0,"event_name":"Match and Keep!","floor":4,"gold_loss":0,"cards_obtained":["Beam Cell","Reboot"]},{"damage_healed":0,"gold_gain":0,"player_choice":"Opened","damage_taken":0,"relics_obtained":["CeramicFish"],"max_hp_gain":0,"max_hp_loss":0,"event_name":"The Mausoleum","floor":19,"gold_loss":0,"cards_obtained":["Writhe"]},{"damage_healed":0,"gold_gain":0,"player_choice":"Shed Blood","damage_taken":26,"max_hp_gain":5,"max_hp_loss":0,"event_name":"Forgotten Altar","floor":30,"gold_loss":0},{"damage_healed":0,"gold_gain":0,"player_choice":"Fight","damage_taken":0,"max_hp_gain":0,"max_hp_loss":0,"event_name":"Mysterious Sphere","floor":37,"gold_loss":0},{"cards_removed":["Zap"],"damage_healed":0,"gold_gain":0,"player_choice":"Removed Skill","damage_taken":0,"max_hp_gain":0,"max_hp_loss":0,"event_name":"Falling","floor":38,"gold_loss":0},{"damage_healed":0,"gold_gain":0,"player_choice":"Relic","damage_taken":0,"max_hp_gain":0,"max_hp_loss":0,"event_name":"Wheel of Change","floor":44,"gold_loss":0}],"is_beta":false,"boss_relics":[{"not_picked":["SlaversCollar","Ectoplasm"],"picked":"Fusion Hammer"},{"not_picked":["Runic Dome","SacredBark"],"picked":"Calling Bell"}],"items_purged_floors":[24,47],"is_endless":false,"potions_floor_spawned":[2,8,10,12,18,21,22,27,33,35,37,45],"ascension_level":5}}