{"host":"r4aerl4ckfvw1dw3","time":1613528617,"event":{"mods":["BaseMod","BetterRewards","Minty Spire (QoL Compilation)","Quick Restart","StSLib"],"gold_per_floor":[119,119,44,44,68,68,84,84,84],"floor_reached":8,"language":"ENG","playtime":277,"items_purged":["Strike_B"],"score":55,"play_id":"df0c779d-fd60-4319-ad90-7c5afc9abef4","local_time":"20210216182337","is_ascension_mode":true,"campfire_choices":[{"floor":6,"key":"REST"}],"circlet_count":0,"master_deck":["Strike_B","Strike_B","Strike_B","Defend_B","Defend_B","Defend_B","Defend_B","Zap","Dualcast","Genetic Algorithm","Injury","Genetic Algorithm","Melter"],"relics":["Cracked Core","Strawberry","Golden Idol"],"acts_visited":["Exordium"],"potions_floor_usage":[0,8],"damage_taken":[{"damage":13,"enemies":"2 Louse","floor":1,"turns":3},{"damage":8,"enemies":"Jaw Worm","floor":5,"turns":5},{"damage":2,"enemies":"Cultist","floor":7,"turns":4},{"damage":30,"enemies":"Lagavulin","floor":8,"turns":7}],"seed_played":"5849418348511727064","potions_obtained":[{"floor":0,"key":"EntropicBrew"},{"floor":0,"key":"Ancient Potion"},{"floor":0,"key":"DistilledChaos"},{"floor":5,"key":"Explosive Potion"}],"is_trial":false,"path_per_floor":["M","?","$","?","M","R","M","E"],"character_chosen":"DEFECT","items_purchased":[],"campfire_rested":1,"item_purchase_floors":[],"current_hp_per_floor":[62,36,36,36,28,52,50,20,20],"gold":84,"neow_bonus":"THREE_SMALL_POTIONS","is_daily":false,"chose_seed":false,"campfire_upgraded":0,"win_rate":0.0,"timestamp":1613528617,"path_taken":["M","?","$","?","M","R","M","E"],"items_purchased_type":[],"build_version":"2020-12-22","purchased_purges":1,"victory":false,"max_hp_per_floor":[75,82,82,82,82,82,82,82,82],"card_choices":[{"not_picked":["Leap","Steam"],"picked":"Genetic Algorithm","floor":1},{"not_picked":["Darkness","Turbo"],"picked":"Genetic Algorithm","floor":5},{"not_picked":["Conserve Battery","Aggregate"],"picked":"Melter","floor":7}],"player_experience":611110,"relics_obtained":[],"event_choices":[{"damage_healed":0,"gold_gain":0,"player_choice":"Success","damage_taken":33,"relics_obtained":["Strawberry"],"max_hp_gain":0,"max_hp_loss":0,"event_name":"Scrap Ooze","floor":2,"gold_loss":0},{"damage_healed":0,"gold_gain":0,"player_choice":"Take Wound","damage_taken":0,"relics_obtained":["Golden Idol"],"max_hp_gain":0,"max_hp_loss":0,"event_name":"Golden Idol","floor":4,"gold_loss":0,"cards_obtained":["Injury"]}],"is_beta":false,"boss_relics":[],"items_purged_floors":[3],"is_endless":false,"potions_floor_spawned":[5],"killed_by":"Lagavulin","ascension_level":4}}