{"host":"1vy6j31128f61x2z","time":1613598483,"event":{"mods":["AchievementEnabler","BaseMod","Colored Powertips","Jorbs\u0027s Wanderer Trilogy","Minty Spire (QoL Compilation)","Permanent Neow","StSLib"],"gold_per_floor":[128,128,128,142,142,142,184,184,211,226,226,286,82,105,105,210,210,210,135,135,135,135,135,135,135,135,135,135,135,135,135,135,135,135,135,135,135,135,135,135,135,135,135,135,135,135,135,135,135,135],"floor_reached":51,"language":"ENG","playtime":8641,"items_purged":[],"score":776,"play_id":"aa96362f-94a0-4c54-9c43-5dac17fd7bb9","local_time":"20210217164803","is_ascension_mode":false,"campfire_choices":[{"data":"stsjorbsmod:EyeOfTheStorm","floor":6,"key":"SMITH"},{"data":"stsjorbsmod:MistyStep","floor":8,"key":"SMITH"},{"data":"stsjorbsmod:WeightOfMemory","floor":11,"key":"SMITH"},{"data":"stsjorbsmod:GatherPower","floor":15,"key":"SMITH"},{"data":"stsjorbsmod:DeathThroes","floor":30,"key":"SMITH"},{"data":"stsjorbsmod:ChainLightning","floor":32,"key":"SMITH"},{"data":"stsjorbsmod:Fireball","floor":40,"key":"SMITH"},{"data":"stsjorbsmod:IvoryTower","floor":42,"key":"SMITH"},{"floor":44,"key":"REST"},{"floor":49,"key":"REST"}],"circlet_count":0,"master_deck":["stsjorbsmod:ForbiddenGrimoire+1","stsjorbsmod:Strike_Wanderer+1","stsjorbsmod:Strike_Wanderer","stsjorbsmod:Defend_Wanderer","stsjorbsmod:Defend_Wanderer+1","stsjorbsmod:Defend_Wanderer+1","stsjorbsmod:Defend_Wanderer+1","stsjorbsmod:FreshAdventure","stsjorbsmod:EyeOfTheStorm+1","stsjorbsmod:Firebolt+1","stsjorbsmod:BlackTentacles","stsjorbsmod:WanderingMind+1","stsjorbsmod:MistyStep+1","stsjorbsmod:WeightOfMemory+1","stsjorbsmod:GatherPower+1","stsjorbsmod:FracturedMind","stsjorbsmod:Rest","stsjorbsmod:IvoryTower+1","stsjorbsmod:ChainLightning+1","stsjorbsmod:SchoolsOfMagic+1","stsjorbsmod:Withdraw","stsjorbsmod:ParryingBlow+1","stsjorbsmod:Patron","stsjorbsmod:ThirstingSword","stsjorbsmod:DeathThroes+1","stsjorbsmod:SiphonEnergy","stsjorbsmod:Index+1","stsjorbsmod:Fireball+1","CurseOfTheBell","stsjorbsmod:Materialize+1","stsjorbsmod:MistyStep+1","stsjorbsmod:Materialize+1","stsjorbsmod:Feast+1","Discovery+1","stsjorbsmod:WeightOfMemory+1"],"relics":["stsjorbsmod:GrimoireRelic","Centennial Puzzle","Lantern","Bag of Marbles","Ectoplasm","Nloth\u0027s Gift","War Paint","Matryoshka","Bottled Flame","Calling Bell","Mango","Toxic Egg 2","stsjorbsmod:BottledMemoryRelic","MealTicket","Dream Catcher","CaptainsWheel"],"acts_visited":["Exordium","TheCity","TheBeyond"],"potions_floor_usage":[16,33,38,46,50,50,50],"damage_taken":[{"damage":0,"enemies":"Small Slimes","floor":1,"turns":5},{"damage":0,"enemies":"2 Louse","floor":2,"turns":5},{"damage":0,"enemies":"Jaw Worm","floor":4,"turns":3},{"damage":7,"enemies":"Lagavulin","floor":7,"turns":6},{"damage":0,"enemies":"Red Slaver","floor":10,"turns":5},{"damage":8,"enemies":"3 Sentries","floor":12,"turns":7},{"damage":0,"enemies":"Looter","floor":14,"turns":4},{"damage":0,"enemies":"Slime Boss","floor":16,"turns":3},{"damage":0,"enemies":"Shell Parasite","floor":18,"turns":4},{"damage":0,"enemies":"Spheric Guardian","floor":20,"turns":3},{"damage":0,"enemies":"Snecko","floor":22,"turns":2},{"damage":2,"enemies":"Book of Stabbing","floor":23,"turns":3},{"damage":0,"enemies":"Shelled Parasite and Fungi","floor":24,"turns":2},{"damage":0,"enemies":"Centurion and Healer","floor":25,"turns":4},{"damage":1,"enemies":"Slavers","floor":28,"turns":4},{"damage":0,"enemies":"Snake Plant","floor":29,"turns":2},{"damage":14,"enemies":"Automaton","floor":33,"turns":6},{"damage":0,"enemies":"3 Shapes","floor":35,"turns":1},{"damage":0,"enemies":"3 Darklings","floor":36,"turns":3},{"damage":26,"enemies":"Writhing Mass","floor":37,"turns":5},{"damage":22,"enemies":"Transient","floor":38,"turns":5},{"damage":0,"enemies":"Sphere and 2 Shapes","floor":39,"turns":2},{"damage":11,"enemies":"3 Darklings","floor":45,"turns":2},{"damage":1,"enemies":"Mind Bloom Boss Battle","floor":46,"turns":4},{"damage":5,"enemies":"Writhing Mass","floor":48,"turns":4},{"damage":83,"enemies":"Awakened One","floor":50,"turns":8}],"seed_played":"-1056235797746871271","potions_obtained":[{"floor":7,"key":"PowerPotion"},{"floor":10,"key":"Strength Potion"},{"floor":14,"key":"AttackPotion"},{"floor":16,"key":"SpeedPotion"},{"floor":36,"key":"SpeedPotion"},{"floor":38,"key":"BlessingOfTheForge"},{"floor":48,"key":"stsjorbsmod:BurningPotion"}],"is_trial":false,"path_per_floor":["M","M","?","M","?","R","E","R","T","M","R","E","$","M","R","B",null,"M","?","M","?","M","E","M","M","T","?","E","M","R","?","R","B",null,"M","M","M","M","M","R","?","R","T","R","M","?","?","M","R","B",null],"character_chosen":"WANDERER","items_purchased":["stsjorbsmod:FracturedMind","Lee\u0027s Waffle"],"campfire_rested":2,"item_purchase_floors":[13,13],"current_hp_per_floor":[74,74,59,62,62,62,58,58,58,60,60,55,83,83,83,83,83,83,83,83,83,83,82,83,83,83,83,83,83,83,67,67,56,102,102,102,80,61,63,63,63,63,63,94,86,88,88,86,110,37],"gold":135,"neow_bonus":"TEN_PERCENT_HP_BONUS","is_daily":false,"chose_seed":false,"campfire_upgraded":8,"win_rate":0.0,"timestamp":1613598483,"path_taken":["M","M","?","M","?","R","E","R","T","M","R","E","$","M","R","BOSS","M","?","M","?","M","E","M","?","T","?","E","M","R","?","R","BOSS","M","M","M","M","M","R","?","R","T","R","M","?","?","M","R","BOSS"],"items_purchased_type":["Card","Relic"],"build_version":"2020-12-22","purchased_purges":0,"victory":true,"max_hp_per_floor":[74,74,74,76,76,76,76,76,76,76,76,76,83,83,83,83,83,83,83,83,83,83,83,83,83,83,83,83,83,83,88,88,88,102,102,102,104,104,104,104,104,104,104,104,106,108,108,110,110,107],"card_choices":[{"not_picked":["stsjorbsmod:ArcaneWeapon","stsjorbsmod:MagicMissiles"],"picked":"stsjorbsmod:Firebolt","floor":1},{"not_picked":["stsjorbsmod:SchoolsOfMagic","stsjorbsmod:Channel"],"picked":"stsjorbsmod:BlackTentacles","floor":2},{"not_picked":["stsjorbsmod:Channel","stsjorbsmod:Prestidigitation"],"picked":"stsjorbsmod:WanderingMind","floor":4},{"not_picked":["stsjorbsmod:WanderingMind","stsjorbsmod:MageArmor"],"picked":"stsjorbsmod:MistyStep","floor":7},{"not_picked":["stsjorbsmod:Hurt","stsjorbsmod:TollTheDead"],"picked":"stsjorbsmod:WeightOfMemory","floor":10},{"not_picked":["stsjorbsmod:Firebolt","stsjorbsmod:UnseenServant"],"picked":"stsjorbsmod:GatherPower","floor":12},{"not_picked":["stsjorbsmod:WeightOfMemory","stsjorbsmod:DoubleCheck"],"picked":"stsjorbsmod:Rest","floor":14},{"not_picked":["stsjorbsmod:ArcaneForm","stsjorbsmod:Determination"],"picked":"stsjorbsmod:IvoryTower","floor":16},{"not_picked":["stsjorbsmod:Inferno","stsjorbsmod:ChatteringStrike+1"],"picked":"stsjorbsmod:ChainLightning","floor":18},{"not_picked":["stsjorbsmod:ParryingBlow","stsjorbsmod:RayOfFrost"],"picked":"stsjorbsmod:SchoolsOfMagic","floor":20},{"not_picked":["stsjorbsmod:BlackTentacles","stsjorbsmod:BookOfTongues"],"picked":"stsjorbsmod:Withdraw","floor":22},{"not_picked":["stsjorbsmod:TollTheDead+1","stsjorbsmod:Banish"],"picked":"stsjorbsmod:ParryingBlow+1","floor":23},{"not_picked":["stsjorbsmod:Materialize","stsjorbsmod:Message"],"picked":"stsjorbsmod:Patron+1","floor":24},{"not_picked":["stsjorbsmod:DoubleCheck+1","stsjorbsmod:Will"],"picked":"stsjorbsmod:ThirstingSword","floor":25},{"not_picked":["stsjorbsmod:Rest","stsjorbsmod:FlameWard"],"picked":"stsjorbsmod:SiphonEnergy","floor":28},{"not_picked":["stsjorbsmod:Will","stsjorbsmod:Hibernate"],"picked":"stsjorbsmod:Index+1","floor":29},{"not_picked":["stsjorbsmod:SiphonEnergy","stsjorbsmod:Fear"],"picked":"stsjorbsmod:Fireball","floor":33},{"not_picked":["stsjorbsmod:RayOfFrost","stsjorbsmod:Hurt","stsjorbsmod:BlackTentacles+1"],"picked":"SKIP","floor":35},{"not_picked":["stsjorbsmod:MagicMissiles","stsjorbsmod:LoseGrip+1"],"picked":"stsjorbsmod:Materialize+1","floor":36},{"not_picked":["stsjorbsmod:Prepare+1","stsjorbsmod:FaerieFire+1"],"picked":"stsjorbsmod:MistyStep+1","floor":37},{"not_picked":["stsjorbsmod:RefuseToForget+1","stsjorbsmod:MagicMissiles"],"picked":"stsjorbsmod:Materialize+1","floor":38},{"not_picked":["stsjorbsmod:TrueStrike+1","stsjorbsmod:AnimateObjects+1","stsjorbsmod:Counterspell+1"],"picked":"SKIP","floor":39},{"not_picked":["stsjorbsmod:RefuseToForget+1","stsjorbsmod:DoubleCheck+1"],"picked":"stsjorbsmod:Feast+1","floor":45},{"not_picked":["Thinking Ahead+1","Chrysalis+1"],"picked":"Discovery+1","floor":47},{"not_picked":["stsjorbsmod:Channel+1","stsjorbsmod:Hurt"],"picked":"stsjorbsmod:WeightOfMemory+1","floor":48}],"player_experience":82494,"relics_obtained":[{"floor":7,"key":"Centennial Puzzle"},{"floor":9,"key":"Lantern"},{"floor":12,"key":"Bag of Marbles"},{"floor":23,"key":"War Paint"},{"floor":26,"key":"Matryoshka"},{"floor":28,"key":"Bottled Flame"},{"floor":34,"key":"Mango"},{"floor":34,"key":"Toxic Egg 2"},{"floor":34,"key":"stsjorbsmod:BottledMemoryRelic"},{"floor":43,"key":"MealTicket"},{"floor":43,"key":"Dream Catcher"},{"floor":46,"key":"CaptainsWheel"}],"event_choices":[{"damage_healed":0,"gold_gain":0,"player_choice":"Entered Light","damage_taken":15,"max_hp_gain":0,"max_hp_loss":0,"event_name":"Shining Light","floor":3,"gold_loss":0,"cards_upgraded":["stsjorbsmod:Defend_Wanderer","stsjorbsmod:Strike_Wanderer"]},{"damage_healed":0,"gold_gain":0,"player_choice":"Grow","damage_taken":0,"max_hp_gain":0,"max_hp_loss":0,"event_name":"Living Wall","floor":5,"gold_loss":0,"cards_upgraded":["stsjorbsmod:Firebolt"]},{"cards_removed":["stsjorbsmod:Strike_Wanderer"],"damage_healed":0,"gold_gain":0,"player_choice":"Gave Gold","damage_taken":0,"max_hp_gain":0,"max_hp_loss":0,"event_name":"Beggar","floor":19,"gold_loss":75},{"damage_healed":0,"gold_gain":0,"player_choice":"Traded Relic","damage_taken":0,"relics_obtained":["Nloth\u0027s Gift"],"max_hp_gain":0,"max_hp_loss":0,"event_name":"N\u0027loth","floor":21,"relics_lost":["Lee\u0027s Waffle"],"gold_loss":0},{"damage_healed":0,"gold_gain":0,"player_choice":"Read","damage_taken":0,"max_hp_gain":0,"max_hp_loss":0,"event_name":"The Library","floor":27,"gold_loss":0,"cards_obtained":["stsjorbsmod:DeathThroes"]},{"damage_healed":0,"gold_gain":0,"player_choice":"Shed Blood","damage_taken":21,"max_hp_gain":5,"max_hp_loss":0,"event_name":"Forgotten Altar","floor":31,"gold_loss":0},{"cards_removed":["stsjorbsmod:Strike_Wanderer"],"damage_healed":0,"gold_gain":0,"player_choice":"Removed Attack","damage_taken":0,"max_hp_gain":0,"max_hp_loss":0,"event_name":"Falling","floor":41,"gold_loss":0},{"damage_healed":0,"gold_gain":0,"player_choice":"Fight","damage_taken":0,"max_hp_gain":0,"max_hp_loss":0,"event_name":"MindBloom","floor":46,"gold_loss":0},{"damage_healed":0,"gold_gain":0,"player_choice":"Memory 1","damage_taken":0,"max_hp_gain":0,"max_hp_loss":0,"event_name":"SensoryStone","floor":47,"gold_loss":0}],"is_beta":false,"boss_relics":[{"not_picked":["Astrolabe","Sozu"],"picked":"Ectoplasm"},{"not_picked":["Tiny House","Velvet Choker"],"picked":"Calling Bell"}],"items_purged_floors":[],"is_endless":false,"potions_floor_spawned":[7,10,14,16,22,28,29,36,38,48],"ascension_level":0}}