{"host":"dhk5e65fhht6ttq3","time":1613571337,"event":{"mods":["BaseMod","Lobotomy","LobotomyExtend","Minty Spire (QoL Compilation)","Replay The Spire","StSLib","[IsaacMod]ÒÔÈö¼âËþ"],"gold_per_floor":[125,141,141,181,1,1,30,30,30,41,65,83,83,165,165,327,327,327,327,348,348,348,348],"floor_reached":20,"language":"ZHS","playtime":1461,"items_purged":["Strike_P","Defend_P"],"score":247,"play_id":"7a3d4c16-7b6c-4392-b732-3bcd6999d4df","local_time":"20210217221537","is_ascension_mode":false,"campfire_choices":[{"data":"Eruption","floor":6,"key":"SMITH"},{"data":"Conclude","floor":8,"key":"SMITH"},{"floor":15,"key":"REST"}],"circlet_count":0,"master_deck":["Strike_P+1","Defend_P","Defend_P","Defend_P","Eruption+1","Vigilance","NakedNest","LongBird","ClearTheMind+1","Flying Knee","LessonLearned+1","Wellcheers","Conclude+1","Collect","OSAHOGD","OldLady","Looming Evil","Funeral","Tools of the Trade","DeusExMachina","Enlightenment"],"relics":["HushsDoor","SalivaCoin","CogitoBucket","LetterFromLob","Replay:M_StaffOfTheSnake","SharpPlug","InkBottle","ResearcherNote","ReplayTheSpireMod:Ring of Challenge","Ring of Misfortune","Black Star"],"acts_visited":["Exordium","TheCity"],"potions_floor_usage":[8,11,16],"damage_taken":[{"damage":8,"enemies":"Cultist","floor":1,"turns":4},{"damage":0,"enemies":"2 Louse","floor":2,"turns":2},{"damage":14,"enemies":"Small Slimes","floor":4,"turns":6},{"damage":0,"enemies":"Gremlin Nob","floor":7,"turns":2},{"damage":0,"enemies":"3 Louse","floor":10,"turns":1},{"damage":7,"enemies":"Looter","floor":11,"turns":5},{"damage":0,"enemies":"Large Slime","floor":12,"turns":4},{"damage":15,"enemies":"Fading Forest","floor":16,"turns":11},{"damage":13,"enemies":"Chosen","floor":20,"turns":6},{"damage":100009,"enemies":"Chosen","floor":20,"turns":6}],"seed_played":"-7887379176751200275","potions_obtained":[{"floor":1,"key":"SkillPotion"},{"floor":7,"key":"Fruit Juice"},{"floor":11,"key":"Regen Potion"},{"floor":12,"key":"ColorlessPotion"},{"floor":16,"key":"SpeedPotion"}],"is_trial":false,"path_per_floor":["M","M","?","M","$","R","E","R","T","M","M","M","?","?","R","B",null,"M","?","M"],"character_chosen":"WATCHER","items_purchased":["LessonLearned+1","DeusExMachina","Enlightenment"],"campfire_rested":1,"item_purchase_floors":[5,17,17],"current_hp_per_floor":[64,64,64,50,50,50,50,55,55,55,51,51,51,40,63,54,66,66,66,55,0,0,0],"gold":348,"neow_bonus":"","is_daily":false,"chose_seed":false,"campfire_upgraded":2,"win_rate":0.0,"timestamp":1613571337,"path_taken":["M","M","?","M","$","R","E","R","T","M","M","M","?","?","R","BOSS","M","?","M"],"items_purchased_type":["Card","Card","Card"],"build_version":"2020-12-22","purchased_purges":2,"victory":false,"max_hp_per_floor":[72,72,72,72,72,72,72,77,77,77,77,77,77,77,77,77,66,66,66,66,66,66,66],"card_choices":[{"not_picked":["FlurryOfBlows","Wireheading"],"picked":"Bomb","floor":1},{"not_picked":["PunishingBird","VoidDream"],"picked":"NakedNest","floor":1},{"not_picked":["QueenBee","SnowQueen"],"picked":"LongBird","floor":2},{"not_picked":["WreathOfFlame","Evaluate"],"picked":"ClearTheMind","floor":2},{"not_picked":["Swivel","EmptyFist"],"picked":"Flying Knee","floor":4},{"not_picked":["ShyLook","Bloodbath"],"picked":"Wellcheers","floor":7},{"not_picked":["EmptyFist","Fasting2"],"picked":"Conclude","floor":7},{"not_picked":["EmptyBody","Replay:Cycle"],"picked":"Collect","floor":10},{"not_picked":["Worship","Replay:ManipulateFuture"],"picked":"Blasphemy","floor":11},{"not_picked":["BeautyBeast","VoidDream"],"picked":"OSAHOGD","floor":11},{"not_picked":["Bloodbath","BeautyBeast"],"picked":"OldLady","floor":12},{"not_picked":["Replay:Battleflow","EmptyBody","Prostrate"],"picked":"SKIP","floor":12},{"not_picked":["SingingMachine","GreedKing","MHz"],"picked":"Singing Bowl","floor":16},{"not_picked":["WallGazer","CherryBlossoms"],"picked":"Funeral","floor":16},{"not_picked":["Devotion","Brilliance"],"picked":"Tools of the Trade","floor":16}],"player_experience":971934,"relics_obtained":[{"floor":1,"key":"LetterFromLob"},{"floor":7,"key":"SharpPlug"},{"floor":9,"key":"InkBottle"},{"floor":13,"key":"ReplayTheSpireMod:Ring of Challenge"},{"floor":13,"key":"Ring of Misfortune"}],"event_choices":[{"damage_healed":0,"gold_gain":75,"player_choice":"Gather Gold","damage_taken":11,"max_hp_gain":0,"max_hp_loss":0,"event_name":"World of Goop","floor":14,"gold_loss":0},{"cards_removed":["Strike_P"],"damage_healed":0,"gold_gain":0,"player_choice":"Elegance","damage_taken":0,"max_hp_gain":0,"max_hp_loss":0,"event_name":"Back to Basics","floor":19,"gold_loss":0}],"is_beta":false,"boss_relics":[{"not_picked":["Ectoplasm","SlaversCollar"],"picked":"Black Star"},{"not_picked":[]}],"items_purged_floors":[5,17],"is_endless":false,"potions_floor_spawned":[1,7,11,12,16],"killed_by":"Chosen","ascension_level":0}}