{"host":"04hh9gplt9wkfmr1","time":1613591369,"event":{"mods":["AchievementEnabler","BaseMod","Colored Map","KOR Keyword Fix","Minty Spire (QoL Compilation)","Rare Cards Sparkle","SuperFastMode"],"gold_per_floor":[116,39,51,61,78,78,104,104,104,104,139,139,139,139,139,241,241,228,228,228,228,248,248,275,275,298,298,298],"floor_reached":27,"language":"KOR","playtime":638,"items_purged":[],"score":381,"play_id":"4c1c6d7f-f111-4db5-86e6-03c2ebead5b6","local_time":"20210218044929","is_ascension_mode":true,"campfire_choices":[{"data":"Rainbow","floor":6.0,"key":"SMITH"},{"data":"Genetic Algorithm","floor":8.0,"key":"SMITH"},{"floor":10.0,"key":"REST"},{"data":"Zap","floor":13.0,"key":"SMITH"},{"data":"Capacitor","floor":15.0,"key":"SMITH"},{"floor":23,"key":"REST"}],"circlet_count":0,"master_deck":["AscendersBane","Strike_B+1","Strike_B+1","Strike_B+1","Strike_B+1","Defend_B+1","Defend_B+1","Defend_B+1","Defend_B+1","Zap+1","Dualcast+1","Capacitor+1","Rainbow+1","Genetic Algorithm+1","Capacitor","Echo Form","Static Discharge","Seek","Electrodynamics"],"relics":["Cracked Core","DataDisk","FossilizedHelix","SacredBark","Nloth\u0027s Gift","CaptainsWheel","Dream Catcher"],"acts_visited":["Exordium","TheCity"],"potions_floor_usage":[18,24],"damage_taken":[{"damage":1.0,"enemies":"Cultist","floor":1.0,"turns":4.0},{"damage":3.0,"enemies":"Jaw Worm","floor":3.0,"turns":4.0},{"damage":12.0,"enemies":"Small Slimes","floor":4.0,"turns":3.0},{"damage":1.0,"enemies":"2 Fungi Beasts","floor":5.0,"turns":3.0},{"damage":37.0,"enemies":"3 Sentries","floor":7.0,"turns":7.0},{"damage":14.0,"enemies":"Lagavulin","floor":11.0,"turns":6.0},{"damage":11.0,"enemies":"The Guardian","floor":16.0,"turns":10.0},{"damage":26,"enemies":"2 Thieves","floor":18,"turns":4},{"damage":0,"enemies":"Chosen","floor":22,"turns":6},{"damage":36,"enemies":"Gremlin Leader","floor":24,"turns":7},{"damage":21,"enemies":"Book of Stabbing","floor":27,"turns":4}],"seed_played":"-5649885000919989104","potions_obtained":[{"floor":5.0,"key":"Energy Potion"},{"floor":7.0,"key":"GamblersBrew"},{"floor":11.0,"key":"Block Potion"},{"floor":16.0,"key":"Dexterity Potion"},{"floor":24,"key":"Ancient Potion"}],"is_trial":false,"path_per_floor":["M","$","M","M","M","R","E","R","T","R","E","?","R","?","R","B",null,"M","?","?","?","M","R","E","?","T","E"],"character_chosen":"DEFECT","items_purchased":["Capacitor"],"campfire_rested":2,"item_purchase_floors":[2],"current_hp_per_floor":[74,74,71,59,58,58,21,21,21,45,31,31,31,36,36,25,72,46,29,29,29,29,56,20,20,20,0,0],"gold":298,"neow_bonus":"TEN_PERCENT_HP_BONUS","is_daily":false,"chose_seed":false,"campfire_upgraded":4,"win_rate":0.0,"timestamp":1613591369,"path_taken":["M","?","M","M","M","R","E","R","T","R","E","?","R","?","R","BOSS","M","?","?","?","?","R","E","?","T","E"],"items_purchased_type":["Card"],"build_version":"2020-12-22","purchased_purges":0,"victory":false,"max_hp_per_floor":[82,82,82,82,82,82,82,82,82,82,82,82,82,87,87,87,87,87,92,92,92,92,92,92,92,92,92,92],"card_choices":[{"not_picked":["Gash","Rebound","Scrape"],"picked":"SKIP","floor":1.0},{"not_picked":["FTL","Sunder","Recycle"],"picked":"SKIP","floor":3.0},{"not_picked":["Compile Driver","Steam","Streamline"],"picked":"SKIP","floor":4.0},{"not_picked":["Stack","Aggregate"],"picked":"Rainbow","floor":5.0},{"not_picked":["Coolheaded","Skim"],"picked":"Genetic Algorithm","floor":7.0},{"not_picked":["Cold Snap","Fusion"],"picked":"Capacitor","floor":11.0},{"not_picked":["Seek","Buffer"],"picked":"Echo Form","floor":16.0},{"not_picked":["Undo+1","Beam Cell"],"picked":"Static Discharge","floor":18},{"not_picked":["Darkness","Double Energy"],"picked":"Seek","floor":22},{"not_picked":["Core Surge","All For One"],"picked":"Electrodynamics","floor":24}],"player_experience":161971,"relics_obtained":[{"floor":7.0,"key":"DataDisk"},{"floor":9.0,"key":"Darkstone Periapt"},{"floor":11.0,"key":"FossilizedHelix"},{"floor":24,"key":"CaptainsWheel"},{"floor":26,"key":"Dream Catcher"}],"event_choices":[{"damage_healed":0.0,"max_hp_gain":0.0,"max_hp_loss":0.0,"gold_gain":0.0,"event_name":"Living Wall","player_choice":"Grow","floor":12.0,"gold_loss":0.0,"damage_taken":0.0,"cards_upgraded":["Dualcast"]},{"damage_healed":0.0,"max_hp_gain":5.0,"max_hp_loss":0.0,"gold_gain":0.0,"event_name":"Big Fish","player_choice":"Donut","floor":14.0,"gold_loss":0.0,"damage_taken":0.0},{"damage_healed":0,"gold_gain":0,"player_choice":"Shed Blood","damage_taken":22,"max_hp_gain":5,"max_hp_loss":0,"event_name":"Forgotten Altar","floor":19,"gold_loss":0},{"damage_healed":0,"gold_gain":0,"player_choice":"Simplicity","damage_taken":0,"max_hp_gain":0,"max_hp_loss":0,"event_name":"Back to Basics","floor":20,"gold_loss":0,"cards_upgraded":["Strike_B","Strike_B","Strike_B","Strike_B","Defend_B","Defend_B","Defend_B","Defend_B"]},{"damage_healed":0,"gold_gain":0,"player_choice":"Traded Relic","damage_taken":0,"relics_obtained":["Nloth\u0027s Gift"],"max_hp_gain":0,"max_hp_loss":0,"event_name":"N\u0027loth","floor":21,"relics_lost":["Darkstone Periapt"],"gold_loss":0},{"damage_healed":0,"gold_gain":0,"player_choice":"Ignored","damage_taken":0,"max_hp_gain":0,"max_hp_loss":0,"event_name":"Vampires","floor":25,"gold_loss":0}],"is_beta":false,"boss_relics":[{"not_picked":["Runic Pyramid","Astrolabe"],"picked":"SacredBark"}],"items_purged_floors":[],"is_endless":false,"potions_floor_spawned":[5,7,11,16,24],"killed_by":"Book of Stabbing","ascension_level":10}}