{"host":"v6biu77h43umse0l","time":1613531179,"event":{"mods":["BaseMod","DeckTracker","Minty Spire (QoL Compilation)","StSLib","SuperFastMode"],"gold_per_floor":[117,42,58,133,233,233,262,262,262,274,296,306,306,317,317,317,317],"floor_reached":16,"language":"KOR","playtime":399,"items_purged":["Strike_G"],"score":125,"play_id":"84cb989b-b8db-48af-bb9f-baf113293bc6","local_time":"20210217120619","is_ascension_mode":true,"campfire_choices":[{"data":"Dagger Spray","floor":6,"key":"SMITH"},{"data":"Phantasmal Killer","floor":8,"key":"SMITH"},{"floor":13,"key":"REST"},{"data":"Backflip","floor":15,"key":"SMITH"}],"circlet_count":0,"master_deck":["Strike_G","Strike_G","Strike_G","Strike_G","Defend_G","Defend_G","Defend_G","Defend_G","Defend_G","Survivor","Neutralize","Dagger Spray+1","Backflip+1","Terror","Phantasmal Killer+1","Finisher","Footwork","Infinite Blades","Grand Finale"],"relics":["Ring of the Snake","Shuriken","Incense Burner","Odd Mushroom"],"acts_visited":["Exordium"],"potions_floor_usage":[11,16],"damage_taken":[{"damage":3,"enemies":"Jaw Worm","floor":1,"turns":5},{"damage":2,"enemies":"2 Louse","floor":3,"turns":3},{"damage":32,"enemies":"Lagavulin","floor":7,"turns":8},{"damage":6,"enemies":"Cultist","floor":10,"turns":3},{"damage":0,"enemies":"The Mushroom Lair","floor":11,"turns":2},{"damage":0,"enemies":"Looter","floor":12,"turns":3},{"damage":8,"enemies":"2 Fungi Beasts","floor":14,"turns":3},{"damage":31,"enemies":"Hexaghost","floor":16,"turns":4}],"seed_played":"-3919631993821174533","potions_obtained":[{"floor":10,"key":"PowerPotion"},{"floor":12,"key":"Fire Potion"}],"is_trial":false,"path_per_floor":["M","$","M","?","?","R","E","R","T","M","?","M","R","M","R","B"],"character_chosen":"THE_SILENT","items_purchased":[],"campfire_rested":1,"item_purchase_floors":[],"current_hp_per_floor":[67,67,65,54,54,54,22,22,22,16,16,16,37,29,29,0,0],"gold":317,"neow_bonus":"THREE_CARDS","is_daily":false,"chose_seed":false,"campfire_upgraded":3,"win_rate":0.0,"timestamp":1613531179,"path_taken":["M","$","M","?","?","R","E","R","T","?","?","M","R","M","R","BOSS"],"items_purchased_type":[],"build_version":"2020-12-22","purchased_purges":1,"victory":false,"max_hp_per_floor":[70,70,70,70,70,70,70,70,70,70,70,70,70,70,70,70,70],"card_choices":[{"not_picked":["Cloak And Dagger","Calculated Gamble"],"picked":"Dagger Spray","floor":0},{"not_picked":["Sucker Punch","Prepared"],"picked":"Backflip","floor":1},{"not_picked":["Poisoned Stab","Deadly Poison"],"picked":"Terror","floor":3},{"not_picked":["Blur","Prepared"],"picked":"Phantasmal Killer","floor":7},{"not_picked":["Backflip","Prepared"],"picked":"Finisher","floor":10},{"not_picked":["Flying Knee","Cloak And Dagger"],"picked":"Footwork","floor":11},{"not_picked":["Acrobatics","Poisoned Stab"],"picked":"Infinite Blades","floor":12},{"not_picked":["Dagger Spray","Sucker Punch"],"picked":"Grand Finale","floor":14}],"player_experience":380488,"relics_obtained":[{"floor":7,"key":"Shuriken"},{"floor":9,"key":"Incense Burner"},{"floor":11,"key":"Odd Mushroom"}],"event_choices":[{"damage_healed":0,"gold_gain":75,"player_choice":"Gather Gold","damage_taken":11,"max_hp_gain":0,"max_hp_loss":0,"event_name":"World of Goop","floor":4,"gold_loss":0},{"damage_healed":0,"gold_gain":100,"player_choice":"Pray","damage_taken":0,"max_hp_gain":0,"max_hp_loss":0,"event_name":"Golden Shrine","floor":5,"gold_loss":0},{"damage_healed":0,"gold_gain":0,"player_choice":"Fought Mushrooms","damage_taken":0,"max_hp_gain":0,"max_hp_loss":0,"event_name":"Mushrooms","floor":11,"gold_loss":0}],"is_beta":false,"boss_relics":[],"items_purged_floors":[2],"is_endless":false,"potions_floor_spawned":[10,12],"killed_by":"Hexaghost","ascension_level":5}}