{"host":"k0cm6nn9mnmji9h1","time":1613562102,"event":{"mods":["100% Spire Juice","2.2 Compatiblity","AchievementEnabler","BaseMod","Colored Map","DeckTracker","Gremlin Skip","Highlight Path","Minty Spire (QoL Compilation)","Permanent Neow","StSLib","The Dragon Tamer","The Marked","Waifu the Spire"],"gold_per_floor":[117,134,134,152,167,167,181,210,256,285,301,316,316,331,331,436,436,447,320,339,78,78,110,130,130,130,130,149,167,82,99,99,204,204,217,217,217,217,217],"floor_reached":38,"language":"KOR","playtime":1946,"items_purged":["Sweeping Beam","Strike_B"],"score":435,"play_id":"257b27d4-7898-470f-bbba-23c5547c1c8b","local_time":"20210217204142","is_ascension_mode":false,"campfire_choices":[{"data":"Streamline","floor":6,"key":"SMITH"},{"floor":13,"key":"REST"},{"data":"Panacea","floor":15,"key":"SMITH"},{"floor":25,"key":"REST"},{"floor":27,"key":"REST"},{"data":"Reboot","floor":32,"key":"SMITH"}],"circlet_count":0,"master_deck":["Strike_B","Defend_B+1","Defend_B","Defend_B","Defend_B","Zap","Dualcast","Panacea+1","Go for the Eyes","Streamline+1","Beam Cell","Coolheaded+1","All For One","Steam","Stack","Reboot+1","Steam","Leap","Gash+1","FTL","Good Instincts","Go for the Eyes","Melter","Hologram+1","Echo Form+1","Doom and Gloom+1","Scrape+1","Doom and Gloom+1","Madness","Madness"],"relics":["Cracked Core","Kunai","DataDisk","Question Card","SacredBark","War Paint","Frozen Egg 2","Toy Ornithopter","Astrolabe"],"acts_visited":["Exordium","TheCity","TheBeyond"],"potions_floor_usage":[8,16,20,23,23,31,33],"damage_taken":[{"damage":0,"enemies":"2 Louse","floor":1,"turns":2},{"damage":1,"enemies":"Cultist","floor":2,"turns":3},{"damage":6,"enemies":"Jaw Worm","floor":4,"turns":3},{"damage":9,"enemies":"Red Slaver","floor":5,"turns":4},{"damage":11,"enemies":"Large Slime","floor":7,"turns":3},{"damage":17,"enemies":"3 Sentries","floor":8,"turns":3},{"damage":2,"enemies":"Gremlin Nob","floor":10,"turns":3},{"damage":0,"enemies":"3 Louse","floor":11,"turns":3},{"damage":7,"enemies":"Looter","floor":12,"turns":2},{"damage":0,"enemies":"2 Fungi Beasts","floor":14,"turns":2},{"damage":19,"enemies":"Hexaghost","floor":16,"turns":13},{"damage":25,"enemies":"Shell Parasite","floor":18,"turns":7},{"damage":0,"enemies":"2 Thieves","floor":20,"turns":3},{"damage":0,"enemies":"Slavers","floor":23,"turns":4},{"damage":34,"enemies":"Cultist and Chosen","floor":24,"turns":13},{"damage":8,"enemies":"Snake Plant","floor":28,"turns":4},{"damage":8,"enemies":"3 Cultists","floor":29,"turns":5},{"damage":1,"enemies":"Shelled Parasite and Fungi","floor":31,"turns":6},{"damage":72,"enemies":"Collector","floor":33,"turns":11},{"damage":4,"enemies":"Orb Walker","floor":35,"turns":4},{"damage":64,"enemies":"2 Orb Walkers","floor":38,"turns":4}],"seed_played":"-9147517020175921855","potions_obtained":[{"floor":1,"key":"ColorlessPotion"},{"floor":5,"key":"Explosive Potion"},{"floor":8,"key":"SneckoOil"},{"floor":14,"key":"Dexterity Potion"},{"floor":16,"key":"FairyPotion"},{"floor":22,"key":"Block Potion"},{"floor":24,"key":"SkillPotion"},{"floor":31,"key":"Energy Potion"}],"is_trial":false,"path_per_floor":["M","M","?","M","M","R","M","E","T","E","M","M","R","M","R","B",null,"M","$","M","$","?","E","M","R","T","R","M","M","?","M","R","B",null,"M","?","?","?"],"character_chosen":"DEFECT","items_purchased":["Leap","FTL","Good Instincts"],"campfire_rested":3,"item_purchase_floors":[19,21,21],"current_hp_per_floor":[75,74,74,68,59,59,48,31,31,29,29,22,44,44,44,25,75,50,50,50,50,50,50,16,38,38,60,52,44,44,48,48,32,75,71,62,62,0,0],"gold":217,"neow_bonus":"RANDOM_COLORLESS","is_daily":false,"chose_seed":false,"campfire_upgraded":3,"win_rate":0.0,"timestamp":1613562102,"path_taken":["M","M","?","M","M","R","M","E","T","E","M","M","R","M","R","BOSS","M","$","M","$","?","E","M","R","T","R","M","?","?","M","R","BOSS","M","?","?","?"],"items_purchased_type":["Card","Card","Card"],"build_version":"2020-12-22","purchased_purges":2,"victory":false,"max_hp_per_floor":[75,75,75,75,75,75,75,75,75,75,75,75,75,75,75,75,75,75,75,75,75,75,75,75,75,75,75,75,75,75,75,75,75,75,75,75,75,75,75],"card_choices":[{"not_picked":["Bandage Up","Dark Shackles"],"picked":"Panacea","floor":0},{"not_picked":["Coolheaded","Self Repair"],"picked":"Sweeping Beam","floor":1},{"not_picked":["Self Repair","Barrage"],"picked":"Go for the Eyes","floor":2},{"not_picked":["Undo","Stack"],"picked":"Sweeping Beam","floor":4},{"not_picked":["Barrage","Genetic Algorithm"],"picked":"Streamline","floor":5},{"not_picked":["Sweeping Beam","Turbo","Steam Power"],"picked":"SKIP","floor":7},{"not_picked":["Hologram","Turbo"],"picked":"Beam Cell","floor":8},{"not_picked":["Beam Cell","Darkness"],"picked":"Coolheaded","floor":10},{"not_picked":["Static Discharge","Compile Driver","Stack"],"picked":"All For One","floor":11},{"not_picked":["Leap","Storm","Conserve Battery"],"picked":"Steam","floor":12},{"not_picked":["Melter","Turbo","Hello World"],"picked":"Stack","floor":14},{"not_picked":["All For One","Thunder Strike","Biased Cognition"],"picked":"Reboot","floor":16},{"not_picked":["Recycle","Rebound+1","Compile Driver"],"picked":"Steam","floor":18},{"not_picked":["Reprogram+1","FTL","Doom and Gloom"],"picked":"Gash+1","floor":20},{"not_picked":["Self Repair","Chill","Blizzard"],"picked":"Go for the Eyes","floor":23},{"not_picked":["Sunder+1","Sweeping Beam+1","Doom and Gloom","Loop+1"],"picked":"SKIP","floor":24},{"not_picked":["Doom and Gloom","Leap","Stack"],"picked":"Melter","floor":28},{"not_picked":["Blizzard","Ball Lightning+1","Undo"],"picked":"Hologram+1","floor":29},{"not_picked":["Streamline+1","Defragment+1","Blizzard","Sunder+1"],"picked":"SKIP","floor":31},{"not_picked":["Creative AI+1","Meteor Strike","Electrodynamics+1"],"picked":"Echo Form+1","floor":33},{"not_picked":["Glacier+1","White Noise","Cold Snap+1","Streamline+1"],"picked":"SKIP","floor":35}],"player_experience":516463,"relics_obtained":[{"floor":8,"key":"Kunai"},{"floor":9,"key":"DataDisk"},{"floor":10,"key":"Question Card"},{"floor":23,"key":"War Paint"},{"floor":26,"key":"Frozen Egg 2"}],"event_choices":[{"damage_healed":0,"gold_gain":0,"player_choice":"Got Potions","damage_taken":0,"max_hp_gain":0,"max_hp_loss":0,"event_name":"Lab","floor":22,"gold_loss":0},{"damage_healed":0,"gold_gain":0,"player_choice":"Obtained Relic","damage_taken":0,"relics_obtained":["Toy Ornithopter"],"max_hp_gain":0,"max_hp_loss":0,"event_name":"Addict","floor":30,"gold_loss":85},{"damage_healed":0,"gold_gain":0,"player_choice":"Embrace Madness","damage_taken":9,"max_hp_gain":0,"max_hp_loss":0,"event_name":"Winding Halls","floor":36,"gold_loss":0,"cards_obtained":["Madness","Madness"]},{"damage_healed":0,"gold_gain":0,"player_choice":"Ignored","damage_taken":0,"max_hp_gain":0,"max_hp_loss":0,"event_name":"Tomb of Lord Red Mask","floor":37,"gold_loss":0},{"damage_healed":0,"gold_gain":0,"player_choice":"Fight","damage_taken":0,"max_hp_gain":0,"max_hp_loss":0,"event_name":"Mysterious Sphere","floor":38,"gold_loss":0}],"is_beta":false,"boss_relics":[{"not_picked":["Runic Pyramid","Calling Bell"],"picked":"SacredBark"},{"not_picked":["Runic Dome","Velvet Choker"],"picked":"Astrolabe"}],"items_purged_floors":[19,21],"is_endless":false,"potions_floor_spawned":[1,5,8,14,16,18,24,31],"killed_by":"2 Orb Walkers","ascension_level":0}}