{"host":"050ensmz1fh1c58u","time":1613582429,"event":{"mods":["BaseMod","Downfall","Gremlin Mod","Hubris","Minty Spire (QoL Compilation)","READ ME - Guardian Mod","StSLib","The Animator","The Bug Knight","The Cursed","The Disciple","The Necromancer","The Servant 0.9.4"],"gold_per_floor":[115,131,143,143,143,170,170,19,45,45,45,72,72,106,106,208,208,224,224,241,441,457,457,457,457],"floor_reached":24,"language":"ENG","playtime":1663,"items_purged":[],"score":287,"play_id":"9604c3e0-8891-418e-bfae-c257ddfcfa2b","local_time":"20210217182029","daily_mods":["SealedDeck","Specialized","DeadlyEvents","Elite Swarm"],"is_ascension_mode":false,"campfire_choices":[{"floor":7,"key":"DIG"},{"floor":10,"key":"DIG"},{"floor":13,"key":"DIG"},{"floor":15,"key":"DIG"},{"floor":23,"key":"REST"}],"circlet_count":0,"master_deck":["Bone_Armory","Bone_Armory","Bone_Armory","Bone_Armory","Bone_Armory","Death_March_Dance","Death_March_Dance","Bone_Bullets","Bone_Bullets","Negative_Energy_Shield","Bones_to_Steel","Summon_Lich","Spectral_Armor","Bone_Bullets","Bone_Armor","Detonate_Bones","Skeleton_Dragon","Blood_Shield"],"relics":["Vampire_Amulet","Shovel","Akabeko","sneckomod:BlankCard","Nunchaku","bronze:BronzeIdol","NlothsMask","Vajra","Blue Candle","hubris:CrystalStatue","PreservedInsect","sneckomod:SneckoTalon"],"acts_visited":["Exordium","TheCity"],"potions_floor_usage":[16,20,20],"damage_taken":[{"damage":5,"enemies":"2 Louse","floor":1,"turns":5},{"damage":4,"enemies":"Cultist","floor":2,"turns":4},{"damage":3,"enemies":"Jaw Worm","floor":3,"turns":5},{"damage":0,"enemies":"Lagavulin","floor":6,"turns":10},{"damage":13,"enemies":"3 Sentries","floor":12,"turns":7},{"damage":10,"enemies":"Gremlin Nob","floor":14,"turns":3},{"damage":6,"enemies":"The Guardian","floor":16,"turns":7},{"damage":10,"enemies":"Spheric Guardian","floor":18,"turns":4},{"damage":15,"enemies":"2 Thieves","floor":20,"turns":4},{"damage":33,"enemies":"3 Cultists","floor":22,"turns":5},{"damage":44,"enemies":"Shelled Parasite and Fungi","floor":24,"turns":5}],"seed_played":"-5634445166928553780","potions_obtained":[{"floor":2,"key":"Weak Potion"},{"floor":6,"key":"BlessingOfTheForge"},{"floor":12,"key":"AttackPotion"}],"is_trial":true,"path_per_floor":["M","M","M","?","$","E","R","$","T","R","?","E","R","E","R","B",null,"M","?","M","?","M","R","M"],"character_chosen":"NECROMANCER","items_purchased":["sneckomod:BlankCard"],"campfire_rested":1,"item_purchase_floors":[8],"current_hp_per_floor":[74,72,71,71,71,73,73,73,73,73,73,66,66,58,58,54,75,67,53,42,42,15,39,0,0],"gold":457,"neow_bonus":"","is_daily":false,"chose_seed":false,"campfire_upgraded":0,"win_rate":0.0,"timestamp":1613582429,"path_taken":["M","M","M","?","$","E","R","$","T","R","?","E","R","?","R","BOSS","M","?","M","?","M","R","M"],"items_purchased_type":["Relic"],"build_version":"2020-12-22","purchased_purges":0,"victory":false,"max_hp_per_floor":[75,75,75,75,75,75,75,75,75,75,75,75,75,75,75,75,75,75,80,80,80,80,80,80,80],"card_choices":[{"not_picked":["Death_Knell","Violent_Necrosis","Negative_Energy_Sphere"],"picked":"SKIP","floor":1},{"not_picked":["Shackles_Of_Pain","Consume_Illness","Bone_Armor"],"picked":"SKIP","floor":2},{"not_picked":["Negative_Energy_Sphere","Uncharnel","Spectral_Armor"],"picked":"SKIP","floor":3},{"not_picked":["Negative_Energy_Bomb","Reap_The_Weak"],"picked":"Detonate_Bones","floor":6},{"not_picked":["Cloudkill","Grasp_Heart"],"picked":"Skeleton_Dragon","floor":12},{"not_picked":["Blood_Magic","Requiem","Cloudkill"],"picked":"SKIP","floor":14},{"not_picked":["Toxic_Smoke_Screen","Consume_Illness","Negative_Energy_Sphere"],"picked":"SKIP","floor":18},{"not_picked":["Necromantic_Selection+1","Blood_Curse","Bone_Armory"],"picked":"SKIP","floor":20},{"not_picked":["Blood_Whip","Bones_to_Steel+1"],"picked":"Blood_Shield","floor":22}],"player_experience":1662826,"relics_obtained":[{"floor":6,"key":"Shovel"},{"floor":7,"key":"Akabeko"},{"floor":9,"key":"Nunchaku"},{"floor":10,"key":"bronze:BronzeIdol"},{"floor":12,"key":"Vajra"},{"floor":13,"key":"Blue Candle"},{"floor":14,"key":"hubris:CrystalStatue"},{"floor":15,"key":"PreservedInsect"}],"event_choices":[{"damage_healed":0,"gold_gain":0,"player_choice":"Ignored","damage_taken":0,"max_hp_gain":0,"max_hp_loss":0,"event_name":"Golden Idol","floor":4,"gold_loss":0},{"damage_healed":0,"gold_gain":0,"player_choice":"Trade","damage_taken":0,"relics_obtained":["NlothsMask"],"max_hp_gain":0,"max_hp_loss":0,"event_name":"FaceTrader","floor":11,"gold_loss":0},{"damage_healed":0,"gold_gain":0,"player_choice":"Shed Blood","damage_taken":19,"max_hp_gain":5,"max_hp_loss":0,"event_name":"Forgotten Altar","floor":19,"gold_loss":0},{"damage_healed":0,"gold_gain":200,"player_choice":"Gold","damage_taken":0,"max_hp_gain":0,"max_hp_loss":0,"event_name":"Wheel of Change","floor":21,"gold_loss":0}],"is_beta":false,"boss_relics":[{"not_picked":["Velvet Choker","hubris:GrandSneckoEye"],"picked":"sneckomod:SneckoTalon"}],"items_purged_floors":[],"is_endless":false,"potions_floor_spawned":[2,6,12],"killed_by":"Shelled Parasite and Fungi","ascension_level":0}}