{"host":"rwzz6mk6bpmb57ql","time":1613544850,"event":{"mods":["AchievementEnabler","BaseMod","Better Third Choice","BetterRewards","Colored Map","Highlight Path","Hubris","Infinite Spire","Minty Spire (QoL Compilation)","Replay The Spire","StSLib","Wandering Minibosses"],"gold_per_floor":[5609,5628,4984,5034,5046,5046,5077,5089,5089,5089,5107,5124,5135,4349,4349,4423,4423,4434,4434,4467,4010,4029,4029,4079,4160,4160,4160,3308,3308,3320,3335,3335,3406,3456,3701,3701,3701,2787,2982,3511,3557,3557,3807,4083,4409,4706,4706,4706,4706],"floor_reached":52,"language":"ENG","playtime":2022,"items_purged":["Strike_R","Strike_R","Defend_R","Feed","Replay:Undeath\u0027s Touch","Defend_R"],"score":3139,"play_id":"edd6e4b3-1efd-4cd9-b183-04c124e8e9d5","local_time":"20210217005410","is_ascension_mode":true,"campfire_choices":[{"data":"Replay:Dark Deal","floor":6.0,"key":"SMITH"},{"data":"Metallicize","floor":10.0,"key":"SMITH"},{"data":"ReplayTheSpireMod:Stacked","floor":15.0,"key":"SMITH"},{"data":"Barricade","floor":23.0,"key":"SMITH"},{"data":"Replay:Dark Deal","floor":29.0,"key":"SMITH"},{"data":"infinitespire:NeuralNetwork","floor":32.0,"key":"SMITH"},{"data":"Replay:Dark Deal","floor":42,"key":"SMITH"},{"data":"Bash","floor":49,"key":"PURGE"}],"circlet_count":0,"master_deck":["AscendersBane","Defend_R+1","Defend_R+1","Metallicize+1","Replay:Dark Deal+1","Intimidate","ReplayTheSpireMod:Stacked+1","Barricade+1","Pommel Strike+1","Offering","Entrench","Iron Wave","infinitespire:NeuralNetwork+1","Replay:Dark Deal+1","infinitespire:SevenWalls","Replay:Dark Deal+1","Combust+1","Juggernaut","Metallicize"],"relics":["Burning Blood","hubris:ChampionShield","Chemical X","Mango","Replay:WaspNest","hubris:MobiusCoin","Garlic","Sling","Replay:Bronze Core","Red Mask","Gremlin Food","Shuriken","ReplayFunnel","hubris:MysteriousPyramids","Pantograph","hubris:TenFootPole","HandDrill","hubris:ScarierMask","infinitespire:EvilPickle","SlaversCollar","Eternal Feather","hubris:IronBody","Onion Ring","Brimstone","Old Coin","hubris:Teleporter","Replay:Bottled Eggs"],"acts_visited":["Exordium","TheCity","TheBeyond"],"potions_floor_usage":[33,33,40,40,50,50],"damage_taken":[{"damage":7.0,"enemies":"2 Louse","floor":1.0,"turns":4.0},{"damage":17.0,"enemies":"Cultist","floor":2.0,"turns":4.0},{"damage":9.0,"enemies":"Jaw Worm","floor":5.0,"turns":3.0},{"damage":12.0,"enemies":"3 Sentries","floor":7.0,"turns":3.0},{"damage":12.0,"enemies":"Blue Slaver","floor":8.0,"turns":4.0},{"damage":3.0,"enemies":"Large Slime","floor":11.0,"turns":7.0},{"damage":2.0,"enemies":"Red Slaver","floor":12.0,"turns":5.0},{"damage":0.0,"enemies":"Gremlin Gang","floor":13.0,"turns":1.0},{"damage":0.0,"enemies":"Fading Forest","floor":16.0,"turns":1.0},{"damage":0.0,"enemies":"Chosen","floor":18.0,"turns":1.0},{"damage":0.0,"enemies":"Masked Bandits","floor":20.0,"turns":6.0},{"damage":31.0,"enemies":"Shell Parasite","floor":22.0,"turns":8.0},{"damage":0.0,"enemies":"Nightmare","floor":25.0,"turns":1.0},{"damage":6.0,"enemies":"Shelled Parasite and Fungi","floor":30.0,"turns":5.0},{"damage":0.0,"enemies":"Snake Plant","floor":31.0,"turns":1.0},{"damage":24,"enemies":"Pondfish","floor":33,"turns":12},{"damage":6,"enemies":"Orb Walker","floor":35,"turns":4},{"damage":0,"enemies":"3 Darklings","floor":39,"turns":1},{"damage":10,"enemies":"Nemesis","floor":40,"turns":5},{"damage":0,"enemies":"2 Orb Walkers","floor":41,"turns":1},{"damage":0,"enemies":"4 Shapes","floor":44,"turns":1},{"damage":0,"enemies":"R_Hoarder","floor":45,"turns":1},{"damage":0,"enemies":"Jaw Worm Horde","floor":46,"turns":1},{"damage":0,"enemies":"Spire Growth","floor":47,"turns":1},{"damage":2,"enemies":"hubris:GrandSnecko","floor":50,"turns":4},{"damage":0,"enemies":"infinitespire:MassOfShapes","floor":51,"turns":1}],"seed_played":"772682567269294756","potions_obtained":[{"floor":1.0,"key":"Fire Potion"},{"floor":2.0,"key":"HeartOfIron"},{"floor":5.0,"key":"Explosive Potion"},{"floor":11.0,"key":"AttackPotion"},{"floor":25.0,"key":"ColorlessPotion"},{"floor":31.0,"key":"Dexterity Potion"},{"floor":33,"key":"Milkshake"},{"floor":39,"key":"Dexterity Potion"},{"floor":41,"key":"Explosive Potion"},{"floor":45,"key":"Energy Potion"}],"is_trial":false,"path_per_floor":["M","M","$","?","M","R","E","M","T","R","M","M","M","$","R","B",null,"M","?","?","$","M","R","?","NM","T","AVR","$","R","M","M","R","B",null,"M","AVR","?","$","M","E","?","R","M","E","M","M","R_BF","B","B",null],"character_chosen":"IRONCLAD","items_purchased":["Metallicize","Replay:Dark Deal","hubris:ChampionShield","Chemical X","hubris:MobiusCoin","Garlic","Sling","Offering","Gremlin Food","Replay:Dark Deal","Pantograph","hubris:TenFootPole","HandDrill","hubris:IronBody","Onion Ring","Brimstone","Replay:Dark Deal"],"campfire_rested":0,"item_purchase_floors":[3,3,3,3,14,14,14,21,21,28,28,28,28,38,38,38,38],"current_hp_per_floor":[137,126,126,126,123,123,131,125,125,125,128,132,138,138,138,144,155,159,159,159,159,134,134,134,140,140,140,140,140,140,146,146,141,155,155,155,169,169,169,165,169,169,169,169,169,169,169,169,169],"gold":4706,"neow_bonus":"REMOVE_CARD","is_daily":false,"chose_seed":false,"campfire_upgraded":7,"win_rate":0.0,"timestamp":1613544850,"path_taken":["M","M","$","?","M","R","E","M","T","R","M","M","?","$","R","BOSS","M","?","?","$","M","R","?","NM","T","AVR","?","R","?","M","R","BOSS","M","AVR","?","$","?","E","?","R","M","E","M","M","R_BF","BOSS","BOSS"],"items_purchased_type":["Card","Card","Relic","Relic","Relic","Relic","Relic","Card","Relic","Card","Relic","Relic","Relic","Relic","Relic","Relic","Card"],"build_version":"2020-12-22","purchased_purges":6,"victory":true,"max_hp_per_floor":[145,145,145,145,145,145,159,159,159,159,159,159,159,159,159,159,159,159,159,159,159,159,159,159,159,159,159,159,159,159,159,159,159,159,159,159,169,169,169,169,169,169,169,169,169,169,169,169,169],"card_choices":[{"not_picked":["Headbutt","Feel No Pain","Massacre"],"picked":"SKIP","floor":1.0},{"not_picked":["Sword Boomerang","Clash"],"picked":"Replay:Undeath\u0027s Touch","floor":2.0},{"not_picked":["Anger","Clash"],"picked":"Intimidate","floor":5.0},{"not_picked":["Cleave","Sever Soul","ReplayReversal"],"picked":"SKIP","floor":7.0},{"not_picked":["Body Slam","Clothesline","Second Wind"],"picked":"SKIP","floor":8.0},{"not_picked":["Pummel","Combust","Rupture"],"picked":"SKIP","floor":11.0},{"not_picked":["hubris:ReadiedAction","Whirlwind","Abandon"],"picked":"SKIP","floor":12.0},{"not_picked":["Cleave","Pommel Strike"],"picked":"ReplayTheSpireMod:Stacked","floor":13.0},{"not_picked":["Offering","Exhume"],"picked":"Barricade","floor":16.0},{"not_picked":["Armaments","Sever Soul"],"picked":"Pommel Strike+1","floor":18.0},{"not_picked":["Feel No Pain+1","Cleave","Flex"],"picked":"SKIP","floor":22.0},{"not_picked":["Pummel","Battle Trance"],"picked":"Iron Wave","floor":25.0},{"not_picked":["Pommel Strike","Armaments","Clash"],"picked":"SKIP","floor":30.0},{"not_picked":["Power Through","Pummel+1","Wild Strike"],"picked":"SKIP","floor":31.0},{"not_picked":["Offering","Immolate"],"picked":"Impervious","floor":33},{"not_picked":["Replay:Undeath\u0027s Touch","Havoc+1","Thunderclap+1"],"picked":"SKIP","floor":35},{"not_picked":["Reckless Charge","Demonic Infusion"],"picked":"Combust+1","floor":39},{"not_picked":["Whirlwind","Anger"],"picked":"Juggernaut","floor":40},{"not_picked":["Burning Pact+1","Intimidate","Feel No Pain"],"picked":"SKIP","floor":44},{"not_picked":["Shrug It Off","Iron Wave","Perfected Strike"],"picked":"SKIP","floor":45},{"not_picked":["Sever Soul","Shockwave"],"picked":"Metallicize","floor":46},{"not_picked":["Seeing Red","Wild Strike","Run Through"],"picked":"SKIP","floor":47}],"player_experience":224427,"relics_obtained":[{"floor":7.0,"key":"Mango"},{"floor":9.0,"key":"Replay:WaspNest"},{"floor":20.0,"key":"Red Mask"},{"floor":25.0,"key":"Shuriken"},{"floor":26.0,"key":"ReplayFunnel"},{"floor":40,"key":"Old Coin"},{"floor":41,"key":"hubris:Teleporter"},{"floor":45,"key":"Replay:Bottled Eggs"}],"event_choices":[{"damage_healed":0.0,"max_hp_gain":0.0,"max_hp_loss":0.0,"gold_gain":50.0,"event_name":"Golden Shrine","player_choice":"Pray","floor":4.0,"gold_loss":0.0,"damage_taken":0.0},{"damage_healed":0.0,"max_hp_gain":0.0,"max_hp_loss":0.0,"gold_gain":0.0,"event_name":"Masked Bandits","player_choice":"Fought Bandits","floor":20.0,"gold_loss":0.0,"damage_taken":0.0},{"damage_healed":0.0,"max_hp_gain":0.0,"max_hp_loss":0.0,"gold_gain":0.0,"cards_transformed":["Strike_R","Strike_R"],"event_name":"Drug Dealer","player_choice":"Became Test Subject","floor":24.0,"gold_loss":0.0,"damage_taken":0.0,"cards_obtained":["Feed","Entrench"]},{"cards_removed":["Impervious"],"damage_healed":4,"gold_gain":0,"player_choice":"Offered Rare","damage_taken":0,"max_hp_gain":10,"max_hp_loss":0,"event_name":"Bonfire Elementals","floor":37,"gold_loss":0},{"damage_healed":0,"gold_gain":0,"player_choice":"Fight","damage_taken":0,"max_hp_gain":0,"max_hp_loss":0,"event_name":"Mysterious Sphere","floor":41,"gold_loss":0}],"is_beta":false,"boss_relics":[{"not_picked":["Black Blood","Astrolabe"],"picked":"Replay:Bronze Core"},{"not_picked":["hubris:Stopwatch","hubris:BlackHole"],"picked":"hubris:ScarierMask"}],"items_purged_floors":[3,14,21,27,28,36],"is_endless":false,"potions_floor_spawned":[1,2,5,11,25,31,33,39,41,45,47],"ascension_level":20}}