{"host":"h2gxemxa99wv6yfu","time":1613546419,"event":{"mods":["AchievementEnabler","BaseMod","Better Note","Better Skull","BetterRewards","Block Reminder","Colored Powertips","Friendly Minions","Googly Eyes","Highlight Path","Infinite Spire","Minty Spire (QoL Compilation)","Permanent Neow","Quick Restart","Relic Sorter","Relic Stats","Reliquary","Replay The Spire","Shop Mod","StSLib","The Wild Card","Uncapped"],"gold_per_floor":[110,154,82,82,98,127,144,144,144,144,154,154,172,172,172,172,172],"floor_reached":16,"language":"ENG","playtime":316,"items_purged":[],"score":156,"play_id":"0a40bdfd-1d1f-4131-bb73-7971e039404e","local_time":"20210217012019","is_ascension_mode":true,"campfire_choices":[{"data":"Dualcast","floor":8.0,"key":"SMITH"},{"data":"Defragment","floor":10.0,"key":"SMITH"},{"data":"Zap","floor":15,"key":"SMITH"}],"circlet_count":0,"master_deck":["Strike_B","Strike_B","Strike_B","Defend_B","Defend_B","Defend_B","Defend_B","Zap+1","Dualcast+1","Ball Lightning","Defragment+1","Glacier"],"relics":["Ring of the Snake","NeowsBlessing","reliquary:WeakTea","Pear","infinitespire:Cubic Diamond"],"acts_visited":["Exordium"],"potions_floor_usage":[16,16],"damage_taken":[{"damage":0.0,"enemies":"Jaw Worm","floor":1.0,"turns":1.0},{"damage":0.0,"enemies":"Small Slimes","floor":5.0,"turns":1.0},{"damage":0.0,"enemies":"Gremlin Nob","floor":6.0,"turns":1.0},{"damage":2.0,"enemies":"2 Louse","floor":7.0,"turns":2.0},{"damage":9.0,"enemies":"2 Fungi Beasts","floor":11.0,"turns":3.0},{"damage":32,"enemies":"Exordium Wildlife","floor":13,"turns":5},{"damage":15,"enemies":"Hexaghost","floor":16,"turns":11}],"seed_played":"-4823739757426038793","potions_obtained":[{"floor":1.0,"key":"DistilledChaos"},{"floor":2.0,"key":"Weak Potion"},{"floor":5.0,"key":"Swift Potion"}],"is_trial":false,"path_per_floor":["M","?","$","?","M","E","M","R","T","R","M","?","M","?","R","B"],"character_chosen":"DEFECT","items_purchased":["Defragment"],"campfire_rested":0,"item_purchase_floors":[3],"current_hp_per_floor":[75,45,45,38,38,48,46,46,46,46,37,37,5,10,10,0,0],"gold":172,"neow_bonus":"THREE_ENEMY_KILL","is_daily":false,"chose_seed":false,"campfire_upgraded":3,"win_rate":0.0,"timestamp":1613546419,"path_taken":["M","?","$","?","M","E","M","R","T","R","M","?","M","?","R","BOSS"],"items_purchased_type":["Card"],"build_version":"2020-12-22","purchased_purges":0,"victory":false,"max_hp_per_floor":[75,75,75,75,75,85,85,85,85,85,85,85,85,90,90,90,90],"relic_stats":{"counters":[20,79],"obtain_stats":[{"Sozu":17,"Replay:Baseball":14,"Pear":6,"NeowsBlessing":0,"Prayer Wheel":0,"Eternal Feather":23,"infinitespire:Cubic Diamond":12,"reliquary:WeakTea":2,"Toxic Egg 2":9,"Cracked Core":0,"Boot":7,"Ring of the Snake":12},{"Sozu":8,"Replay:Baseball":7,"Pear":16,"NeowsBlessing":13,"Prayer Wheel":0,"Eternal Feather":12,"infinitespire:Cubic Diamond":18,"reliquary:WeakTea":14,"Toxic Egg 2":3,"Cracked Core":0,"Boot":3,"Ring of the Snake":18},{"Sozu":32,"Replay:Baseball":21,"Pear":58,"NeowsBlessing":55,"Prayer Wheel":0,"Eternal Feather":52,"infinitespire:Cubic Diamond":63,"reliquary:WeakTea":56,"Toxic Egg 2":9,"Cracked Core":0,"Boot":9,"Ring of the Snake":63}],"Ring of the Snake":[4]},"card_choices":[{"not_picked":["Leap","Hello World"],"picked":"Ball Lightning","floor":1.0},{"not_picked":["Reprogram","Conserve Battery","Gash"],"picked":"SKIP","floor":5.0},{"not_picked":["Meteor Strike","Sweeping Beam","Leap"],"picked":"SKIP","floor":6.0},{"not_picked":["Rip and Tear","Conserve Battery","Gash"],"picked":"SKIP","floor":7.0},{"not_picked":["BasicCrystalCard","Steam","Streamline"],"picked":"SKIP","floor":11.0},{"not_picked":["Meteor Strike","Leap"],"picked":"Glacier","floor":13}],"player_experience":37128,"relics_obtained":[{"floor":2.0,"key":"reliquary:WeakTea"},{"floor":6.0,"key":"Pear"}],"event_choices":[{"cards_removed":["Strike_B"],"damage_healed":0.0,"max_hp_gain":0.0,"max_hp_loss":0.0,"gold_gain":0.0,"event_name":"Golden Wing","player_choice":"Card Removal","floor":4.0,"gold_loss":0.0,"damage_taken":7.0},{"damage_healed":0,"gold_gain":0,"player_choice":"Donut","damage_taken":0,"max_hp_gain":5,"max_hp_loss":0,"event_name":"Big Fish","floor":14,"gold_loss":0}],"is_beta":false,"boss_relics":[],"items_purged_floors":[],"is_endless":false,"potions_floor_spawned":[1,5,11],"killed_by":"Hexaghost","ascension_level":1}}