{"host":"prxrhpgaxnj4om9r","time":1613554016,"event":{"mods":["AchievementEnabler","BaseMod","Colored Map","DeckTracker","Minty Spire (QoL Compilation)"],"gold_per_floor":[117,117,131,131,144,173,188,205,205,32,45,56,74,86,86,86,86],"floor_reached":16,"language":"KOR","playtime":880,"items_purged":[],"score":133,"play_id":"6ea7b40f-fb25-47b1-a016-1f1e06670200","local_time":"20210217182656","is_ascension_mode":false,"campfire_choices":[{"data":"Eruption","floor":15,"key":"SMITH"}],"circlet_count":0,"master_deck":["Strike_P","Strike_P","Strike_P","Strike_P","Defend_P","Defend_P","Defend_P","Defend_P","Eruption+1","Vigilance","Halt","ReachHeaven","MasterReality","Wireheading","Sanctity","Evaluate","CutThroughFate","BattleHymn","SandsOfTime","Adaptation","ReachHeaven","Consecrate"],"relics":["PureWater","Turnip","Pear"],"acts_visited":["Exordium"],"potions_floor_usage":[6,6,8,10,11,11,12,14,16],"damage_taken":[{"damage":7,"enemies":"Cultist","floor":1,"turns":3},{"damage":0,"enemies":"2 Louse","floor":3,"turns":1},{"damage":0,"enemies":"Jaw Worm","floor":5,"turns":3},{"damage":13,"enemies":"Lagavulin","floor":6,"turns":4},{"damage":12,"enemies":"Exordium Wildlife","floor":7,"turns":3},{"damage":18,"enemies":"Gremlin Gang","floor":8,"turns":5},{"damage":4,"enemies":"Lots of Slimes","floor":11,"turns":4},{"damage":0,"enemies":"Exordium Wildlife","floor":12,"turns":3},{"damage":3,"enemies":"Blue Slaver","floor":13,"turns":4},{"damage":1,"enemies":"Lots of Slimes","floor":14,"turns":2},{"damage":31,"enemies":"The Guardian","floor":16,"turns":5}],"seed_played":"-7219956041004845006","potions_obtained":[{"floor":3,"key":"ColorlessPotion"},{"floor":5,"key":"Ambrosia"},{"floor":7,"key":"FearPotion"},{"floor":11,"key":"DistilledChaos"},{"floor":12,"key":"CultistPotion"}],"is_trial":false,"path_per_floor":["M","T","M","?","M","E","M","M","T","$","M","M","M","M","R","B"],"character_chosen":"WATCHER","items_purchased":["SandsOfTime","EntropicBrew"],"campfire_rested":0,"item_purchase_floors":[10,10],"current_hp_per_floor":[72,72,72,72,72,59,47,29,39,39,35,35,32,31,31,0,0],"gold":86,"neow_bonus":"TEN_PERCENT_HP_BONUS","is_daily":false,"chose_seed":false,"campfire_upgraded":1,"win_rate":0.0,"timestamp":1613554016,"path_taken":["M","?","M","?","M","E","?","M","T","$","M","M","M","M","R","BOSS"],"items_purchased_type":["Card","Potion"],"build_version":"2020-12-22","purchased_purges":0,"victory":false,"max_hp_per_floor":[79,79,79,79,79,79,79,79,89,89,89,89,89,89,89,89,89],"card_choices":[{"not_picked":["ThirdEye","Protect"],"picked":"Halt","floor":1},{"not_picked":["TalkToTheHand","CrushJoints"],"picked":"ReachHeaven","floor":3},{"not_picked":["ThirdEye","SashWhip"],"picked":"Sanctity","floor":5},{"not_picked":["FlurryOfBlows","Weave"],"picked":"Evaluate","floor":6},{"not_picked":["Nirvana","FlyingSleeves"],"picked":"CutThroughFate","floor":7},{"not_picked":["Meditate","Weave"],"picked":"BattleHymn","floor":8},{"not_picked":["WreathOfFlame","MasterReality"],"picked":"Adaptation","floor":11},{"not_picked":["JustLucky","Vengeance","FlyingSleeves"],"picked":"SKIP","floor":12},{"not_picked":["Pray","Halt"],"picked":"ReachHeaven","floor":13},{"not_picked":["ClearTheMind","CrushJoints"],"picked":"Consecrate","floor":14}],"player_experience":499630,"relics_obtained":[{"floor":6,"key":"Turnip"},{"floor":9,"key":"Pear"}],"event_choices":[{"damage_healed":0,"gold_gain":0,"player_choice":"2 cards matched","damage_taken":0,"max_hp_gain":0,"max_hp_loss":0,"event_name":"Match and Keep!","floor":4,"gold_loss":0,"cards_obtained":["MasterReality","Wireheading"]}],"is_beta":false,"boss_relics":[],"items_purged_floors":[],"is_endless":false,"potions_floor_spawned":[3,5,7,11,12],"killed_by":"The Guardian","ascension_level":0}}