{"host":"yn1175etg9ni8l0q","time":1613555869,"event":{"mods":["AchievementEnabler","BaseMod","Colored Map","Colored Powertips","DeckTracker","Minty Spire (QoL Compilation)","Rare Cards Sparkle","Relic Stats","SuperFastMode","everything is the same but u backflip on backflip"],"gold_per_floor":[10,10,24,44,60,73,73,73,73,73,86,86,86,104,104,228,228,246,246,161,186,205,205,249,249,249,267,42,56,56,80,80,80,80],"floor_reached":33,"language":"KOR","playtime":1840,"items_purged":["Spot Weakness+1"],"score":286,"play_id":"c43c3900-d27a-4e38-9c2f-91b47e28aa91","local_time":"20210217185749","is_ascension_mode":false,"campfire_choices":[{"data":"Pommel Strike","floor":7.0,"key":"SMITH"},{"data":"Power Through","floor":10.0,"key":"SMITH"},{"floor":12.0,"key":"REST"},{"floor":15.0,"key":"RECALL"},{"data":"Double Tap","floor":23,"key":"SMITH"},{"data":"Shrug It Off","floor":25,"key":"SMITH"},{"floor":32,"key":"REST"}],"circlet_count":0,"master_deck":["Strike_R+1","Strike_R+1","Defend_R","Defend_R","Bash","Pommel Strike+1","Power Through+1","Dropkick+1","Carnage+1","Double Tap+1","Body Slam+1","Double Tap+1","RitualDagger+1","Second Wind","True Grit+1","Shrug It Off+1","Whirlwind+1","Bludgeon+1"],"relics":["Burning Blood","Golden Idol","Molten Egg 2","Astrolabe","PreservedInsect","Ginger","Chemical X"],"acts_visited":["Exordium","TheCity"],"potions_floor_usage":[16,16,16,24,29,33,33],"damage_taken":[{"damage":6.0,"enemies":"2 Louse","floor":1.0,"turns":2.0},{"damage":5.0,"enemies":"Cultist","floor":3.0,"turns":4.0},{"damage":0.0,"enemies":"Small Slimes","floor":4.0,"turns":3.0},{"damage":35.0,"enemies":"Exordium Wildlife","floor":5.0,"turns":7.0},{"damage":0.0,"enemies":"3 Louse","floor":6.0,"turns":5.0},{"damage":14.0,"enemies":"Blue Slaver","floor":11.0,"turns":6.0},{"damage":6.0,"enemies":"Lots of Slimes","floor":14.0,"turns":5.0},{"damage":43,"enemies":"The Guardian","floor":16,"turns":16},{"damage":0,"enemies":"Chosen","floor":18,"turns":4},{"damage":24,"enemies":"Shell Parasite","floor":21,"turns":5},{"damage":15,"enemies":"Snecko","floor":22,"turns":3},{"damage":22,"enemies":"Gremlin Leader","floor":24,"turns":9},{"damage":28,"enemies":"Snake Plant","floor":27,"turns":4},{"damage":0,"enemies":"Centurion and Healer","floor":29,"turns":3},{"damage":11,"enemies":"Sentry and Sphere","floor":31,"turns":4},{"damage":66,"enemies":"Collector","floor":33,"turns":6}],"seed_played":"449531047489121928","potions_obtained":[{"floor":3.0,"key":"FearPotion"},{"floor":5.0,"key":"Weak Potion"},{"floor":13.0,"key":"BloodPotion"},{"floor":13.0,"key":"LiquidMemories"},{"floor":16,"key":"PowerPotion"},{"floor":18,"key":"Fire Potion"},{"floor":21,"key":"Swift Potion"},{"floor":27,"key":"BloodPotion"},{"floor":29,"key":"PowerPotion"}],"is_trial":false,"path_per_floor":["M","?","M","M","M","M","R","?","T","R","M","R","?","M","R","B",null,"M","?","?","M","M","R","E","R","T","M","$","M","?","M","R","B"],"character_chosen":"IRONCLAD","items_purchased":["Chemical X"],"campfire_rested":2,"item_purchase_floors":[28],"current_hp_per_floor":[80,60,61,67,38,44,44,28,28,28,20,44,60,60,60,23,80,80,74,74,56,47,47,31,31,31,9,9,31,31,26,50,0,0],"gold":80,"neow_bonus":"REMOVE_TWO","is_daily":false,"chose_seed":false,"campfire_upgraded":4,"win_rate":0.0,"timestamp":1613555869,"path_taken":["M","?","M","M","M","M","R","?","T","R","M","R","?","?","R","BOSS","M","?","?","M","M","R","E","R","T","M","$","M","?","M","R","BOSS"],"items_purchased_type":["Relic"],"build_version":"2020-12-22","purchased_purges":1,"victory":false,"max_hp_per_floor":[80,80,80,80,80,80,80,80,80,80,80,80,80,80,80,80,80,80,80,80,80,80,80,80,80,80,80,80,80,80,80,80,80,80],"relic_stats":{"counters":[16,86],"Golden Idol":79,"Astrolabe":["Spot Weakness","Body Slam","Double Tap"],"PreservedInsect":58,"Ginger":[5],"Chemical X":[5],"obtain_stats":[{"Golden Idol":2,"Astrolabe":17,"Molten Egg 2":9,"PreservedInsect":20,"Ginger":26,"Chemical X":28,"Burning Blood":0},{"Golden Idol":1,"Astrolabe":8,"Molten Egg 2":5,"PreservedInsect":9,"Ginger":12,"Chemical X":13,"Burning Blood":0},{"Golden Idol":2,"Astrolabe":48,"Molten Egg 2":21,"PreservedInsect":52,"Ginger":69,"Chemical X":73,"Burning Blood":0}],"Burning Blood":84},"card_choices":[{"not_picked":["Heavy Blade","Thunderclap","Anger"],"picked":"SKIP","floor":1.0},{"not_picked":["Twin Strike","Havoc"],"picked":"Pommel Strike","floor":3.0},{"not_picked":["Warcry","Ghostly Armor","Iron Wave"],"picked":"SKIP","floor":4.0},{"not_picked":["Uppercut","Warcry"],"picked":"Power Through","floor":5.0},{"not_picked":["Spot Weakness","Headbutt","Uppercut"],"picked":"SKIP","floor":6.0},{"not_picked":["Iron Wave+1","Entrench"],"picked":"Dropkick+1","floor":11.0},{"not_picked":["Sword Boomerang+1","Shockwave"],"picked":"Carnage+1","floor":14.0},{"not_picked":["Demon Form","Limit Break"],"picked":"Double Tap","floor":16},{"not_picked":["Anger+1","Rampage+1","Flex"],"picked":"SKIP","floor":18},{"not_picked":["Clash+1","Anger+1"],"picked":"Second Wind","floor":21},{"not_picked":["Limit Break","True Grit+1","Heavy Blade+1"],"picked":"SKIP","floor":22},{"not_picked":["Limit Break","Heavy Blade+1"],"picked":"True Grit+1","floor":22},{"not_picked":["Burning Pact+1","Shockwave"],"picked":"Shrug It Off","floor":24},{"not_picked":["Havoc","Thunderclap+1"],"picked":"Whirlwind+1","floor":27},{"not_picked":["Inflame+1","Dark Embrace+1"],"picked":"Bludgeon+1","floor":29},{"not_picked":["Armaments","Anger+1","Entrench+1"],"picked":"SKIP","floor":31}],"player_experience":392493,"relics_obtained":[{"floor":9.0,"key":"Molten Egg 2"},{"floor":26,"key":"Ginger"}],"event_choices":[{"damage_healed":0.0,"max_hp_gain":0.0,"max_hp_loss":0.0,"gold_gain":0.0,"event_name":"Golden Idol","player_choice":"Take Damage","floor":2.0,"gold_loss":0.0,"damage_taken":20.0,"relics_obtained":["Golden Idol"]},{"damage_healed":0.0,"max_hp_gain":0.0,"max_hp_loss":0.0,"gold_gain":0.0,"event_name":"Shining Light","player_choice":"Entered Light","floor":8.0,"gold_loss":0.0,"damage_taken":16.0,"cards_upgraded":["Strike_R","Strike_R"]},{"damage_healed":0.0,"max_hp_gain":0.0,"max_hp_loss":0.0,"gold_gain":0.0,"event_name":"Lab","player_choice":"Got Potions","floor":13.0,"gold_loss":0.0,"damage_taken":0.0},{"damage_healed":0,"gold_gain":0,"player_choice":"Joined the Cult","damage_taken":6,"max_hp_gain":0,"max_hp_loss":0,"event_name":"Nest","floor":19,"gold_loss":0,"cards_obtained":["RitualDagger"]},{"damage_healed":0,"gold_gain":0,"player_choice":"Obtained Relic","damage_taken":0,"relics_obtained":["PreservedInsect"],"max_hp_gain":0,"max_hp_loss":0,"event_name":"Addict","floor":20,"gold_loss":85},{"damage_healed":0,"gold_gain":0,"player_choice":"Ignored","damage_taken":0,"max_hp_gain":0,"max_hp_loss":0,"event_name":"Vampires","floor":30,"gold_loss":0}],"is_beta":false,"boss_relics":[{"not_picked":["Velvet Choker","Sozu"],"picked":"Astrolabe"}],"items_purged_floors":[28],"is_endless":false,"potions_floor_spawned":[3,5,14,16,18,21,27,29],"killed_by":"Collector","ascension_level":0}}