{"host":"mjz23ua65frb32d6","time":1613555573,"event":{"mods":["Abigail Mod","AchievementEnabler","Act Like it!","Aspiration","BaseMod","CCEM2","CapriCore","Clockwork Mod","Conspire","Downfall","Energized Spire","Fireblade Mod","Friendly Minions","GifTheSpireLib","GungeonMod","Halation","Hallownest","Hubris","Infinite Spire","Ironclad Rager","Jedi Mod","Jorbs\u0027s Wanderer Trilogy","Koishi","KomeijiMod","Lobotomy","LobotomyExtend","Magitek Elite","Mari Mod (Legacy)","Mari\u0027s V1 Patch","Melee Mod","Minty Spire (QoL Compilation)","MostiFishMod","Pale of the Ancients","Prisma Mod","Quarter Circle Forward PUNCH!","RRrroohrrRGHHhhh!!","Railgun Mod","Random Character Button","Rare Cards Sparkle","Replay The Spire","Retaliation","Ruin Mod","RumiaBox-????????","SCP261 Mod","Slumbering Mod","Spikes Relics","Spire Birthday Party","StSLib","Stuff the Spire","The Animator","The Cursed","The Forsaken","The Immortal","The Juggle","The Jungle","The Kombatant","The Poker Player","The Runesmith","The Sage","The Saiyan","The Spell Scribe","The Vixen","The Wild Card","TheHero","Trackpad","Virulent Crown","Wandering Minibosses"],"gold_per_floor":[109,122,122,141,158,158,158],"floor_reached":6,"language":"ENG","playtime":300,"items_purged":[],"score":44,"play_id":"9fd4dc07-932a-4fe6-a9aa-4cc4bc4c2752","local_time":"20210217045253","is_ascension_mode":true,"campfire_choices":[],"circlet_count":0,"master_deck":["Strike_R","Strike_R","Strike_R","Strike_R","Strike_R","Defend_R","Defend_R","Defend_R","Defend_R","Bash","Thunderclap","Injury","DDmod:PokeAttack","DDmod:UnstoppableAttack"],"relics":["Burning Blood","DaveBox","aspiration:Nostalgia","PrismaMod:PrismaTraceOn","DaCapo","AddBug","SecretRecord","Baka","SecretRecord"],"acts_visited":["Exordium"],"potions_floor_usage":[6],"damage_taken":[{"damage":28,"enemies":"infinitespire:Voidling","floor":1,"turns":4},{"damage":17,"enemies":"Small Slimes","floor":2,"turns":2},{"damage":18,"enemies":"2 Louse","floor":4,"turns":3},{"damage":9,"enemies":"2 Fungi Beasts","floor":5,"turns":3},{"damage":48,"enemies":"3 Sentries","floor":6,"turns":8}],"seed_played":"-2234034347452756504","potions_obtained":[{"floor":1,"key":"BlessingOfTheForge"}],"is_trial":false,"path_per_floor":["M","M","?","M","M","E"],"character_chosen":"IRONCLAD","items_purchased":[],"campfire_rested":0,"item_purchase_floors":[],"current_hp_per_floor":[67,56,56,44,41,0,0],"gold":158,"neow_bonus":"NOSTALGIA","is_daily":false,"chose_seed":false,"campfire_upgraded":0,"win_rate":0.0,"timestamp":1613555573,"path_taken":["M","?","?","M","M","E"],"items_purchased_type":[],"build_version":"2020-12-22","purchased_purges":0,"victory":false,"max_hp_per_floor":[80,80,80,80,80,80,80],"card_choices":[{"not_picked":["Cleave","Clothesline","jedi:fear"],"picked":"SKIP","floor":1},{"not_picked":["StuffTheSpire:Incineration","Wild Strike"],"picked":"Thunderclap","floor":2},{"not_picked":["DemoMod:WhiteBlade","Defy Death"],"picked":"DDmod:PokeAttack","floor":4},{"not_picked":["Anger","jedi:controlledanger"],"picked":"DDmod:UnstoppableAttack","floor":5}],"player_experience":198400,"relics_obtained":[{"floor":1,"key":"AddBug"},{"floor":1,"key":"Baka"},{"floor":1,"key":"SynthV:TestCard"},{"floor":1,"key":"LetterFromLob"},{"floor":2,"key":"LetterFromLob"},{"floor":4,"key":"LetterFromLob"},{"floor":5,"key":"SecretRecord"},{"floor":5,"key":"LetterFromLob"}],"event_choices":[],"is_beta":false,"boss_relics":[],"items_purged_floors":[],"is_endless":false,"potions_floor_spawned":[1],"killed_by":"3 Sentries","ascension_level":3}}