{"host":"qjv9b7mze4c73keh","time":1613552921,"event":{"mods":["BaseMod","Colored Map","Colored Powertips","DeckTracker","Highlight Path","Minty Spire (QoL Compilation)","Rare Cards Sparkle","Synergy Search","Unceasing Turn Reminder"],"gold_per_floor":[109,109,122,140,152,152,152,152],"floor_reached":7,"language":"RUS","playtime":495,"items_purged":[],"score":43,"play_id":"48898f79-639a-4933-9b81-6a8bd4f8733d","local_time":"20210217140841","is_ascension_mode":false,"campfire_choices":[{"data":"Survivor","floor":6,"key":"SMITH"}],"circlet_count":0,"master_deck":["Strike_G","Strike_G","Strike_G","Strike_G","Strike_G","Defend_G","Defend_G","Defend_G","Defend_G","Defend_G","Survivor+1","Neutralize","Deadly Poison"],"relics":["Ring of the Snake"],"acts_visited":["Exordium"],"potions_floor_usage":[7],"damage_taken":[{"damage":0,"enemies":"Small Slimes","floor":1,"turns":4},{"damage":1,"enemies":"2 Louse","floor":3,"turns":3},{"damage":0,"enemies":"Jaw Worm","floor":4,"turns":8},{"damage":0,"enemies":"3 Louse","floor":5,"turns":4},{"damage":73,"enemies":"Gremlin Nob","floor":7,"turns":6}],"seed_played":"1861744969367057540","potions_obtained":[{"floor":0,"key":"FearPotion"},{"floor":0,"key":"Strength Potion"},{"floor":0,"key":"PowerPotion"}],"is_trial":false,"path_per_floor":["M","?","M","M","M","R","E"],"character_chosen":"THE_SILENT","items_purchased":[],"campfire_rested":0,"item_purchase_floors":[],"current_hp_per_floor":[70,70,69,69,69,69,0,0],"gold":152,"neow_bonus":"THREE_SMALL_POTIONS","is_daily":false,"chose_seed":false,"campfire_upgraded":1,"win_rate":0.0,"timestamp":1613552921,"path_taken":["M","?","M","M","M","R","E"],"items_purchased_type":[],"build_version":"2020-12-22","purchased_purges":0,"victory":false,"max_hp_per_floor":[70,70,70,70,70,70,70,70],"card_choices":[{"not_picked":["Blade Dance","Tactician","Outmaneuver"],"picked":"SKIP","floor":1},{"not_picked":["Blade Dance","All Out Attack","Burst"],"picked":"SKIP","floor":3},{"not_picked":["Outmaneuver","Prepared"],"picked":"Deadly Poison","floor":4},{"not_picked":["Masterful Stab","Dagger Throw","Calculated Gamble"],"picked":"SKIP","floor":5}],"player_experience":107749,"relics_obtained":[],"event_choices":[{"damage_healed":0,"gold_gain":0,"player_choice":"Ignored","damage_taken":0,"max_hp_gain":0,"max_hp_loss":0,"event_name":"Liars Game","floor":2,"gold_loss":0}],"is_beta":false,"boss_relics":[],"items_purged_floors":[],"is_endless":false,"potions_floor_spawned":[],"killed_by":"Gremlin Nob","ascension_level":0}}