{"host":"rm0ctv8qd8mnbkg1","time":1613582357,"event":{"mods":["BaseMod","Beaked The Cultist","BetterRewards","Colored Map","DNKmod","Dark Map","Defuse TimeMaze Blight","Downfall","Friendly Minions","Hubris","Marisa????????","Minty Spire (QoL Compilation)","MostiFishMod","Permanent Neow","Rare Cards Sparkle","Relic Sorter","Reliquary","Replay The Spire","RumiaBox-????????","Shade Mod","Shop Mod","Spicy Shops","Spire Arcade","StSLib","The Construct","The Servant 0.9.4","TheVacant","Wandering Minibosses","??????REMEMod"],"gold_per_floor":[10000,10011,9146,9163,9183,9283,9283,9295,9295,9308,8750,8769,8769,8781,8798,8896,8896,8896,8909,8361,8377,8377,8392,8392,8274,8174,8190,8190,7739,7739,7768,7779,7880,7880,7880,7892,7892,7992,8009,8009,8033,8043,8059,8059,8059,8059],"floor_reached":44,"language":"ENG","playtime":1119,"items_purged":[],"score":699,"play_id":"b7713de6-3164-4fd5-8949-cdbf2cd82778","local_time":"20210217171917","is_ascension_mode":false,"campfire_choices":[{"data":"MachineGunSpark","floor":1,"key":"SMITH"},{"data":"1","floor":18,"key":"LIFT"},{"data":"2","floor":26,"key":"LIFT"},{"data":"3","floor":28,"key":"LIFT"},{"data":"bronze:FineTuning","floor":30,"key":"SMITH"},{"data":"bronze:Mutator","floor":35,"key":"SMITH"}],"circlet_count":0,"master_deck":["bronze:Strike","bronze:Strike","bronze:Defend","bronze:Defend","bronze:Defend","bronze:Goto","MachineGunSpark+1","bronze:Repair","bronze:Terminator+1","bronze:Overheat","bronze:CleanCode","bronze:WhirlingStrike+1","bronze:DelayedSlice","bronze:SpaghettiCode","bronze:ItsAFeature","bronze:Turbo","bronze:Verify","Replay:SS_forest_2","bronze:FineTuning+1","bronze:ChosenStrike","bronze:FineTuning","bronze:OilSpill","bronze:FineTuning+1","bronze:OilSpill","bronze:Verify","bronze:Mutator+1","Writhe","hubris:Compulsion","Pain","bronze:ItsAFeature","expansioncontent:Hexaburn","bronze:OilSpill+1","bronze:Fortify","bronze:FunctionCard","bronze:FunctionCard"],"relics":["bronze:BronzeCore","REME_ComplimentaryCards","DaveBox","RhineSuit","HandDrill","Girya","reliquary:Stiletto","hubris:PeanutButter","REME_LimitBreaker","wanderingMiniBosses:OtherGremlinHorn","SSSystem","beaked:ShinyBauble","Akabeko","reliquary:PurpleTingedLeaf","reliquary:SharkskinSheath","SecretRecord","hubris:TenFootPole","downfall:HeartBlessingBlue","Lantern","REME_HandOfSuture","PreservedInsect","Replay:Ancient Bell","Tiny Chest","GodSword4","hubris:64BitClover","Toy Ornithopter","reliquary:Vitrine","Vajra"],"acts_visited":["Exordium","TheCity","TheBeyond"],"potions_floor_usage":[6],"damage_taken":[{"damage":0,"enemies":"Jaw Worm","floor":2,"turns":2},{"damage":0,"enemies":"downfall:FleeingMerchant","floor":3,"turns":4},{"damage":0,"enemies":"Small Slimes","floor":4,"turns":1},{"damage":0,"enemies":"Cultist","floor":5,"turns":2},{"damage":0,"enemies":"downfall:Heads","floor":6,"turns":3},{"damage":0,"enemies":"Large Slime","floor":8,"turns":1},{"damage":0,"enemies":"Exordium Thugs","floor":10,"turns":4},{"damage":0,"enemies":"downfall:FleeingMerchant","floor":11,"turns":2},{"damage":0,"enemies":"3 Louse","floor":12,"turns":1},{"damage":0,"enemies":"2 Fungi Beasts","floor":14,"turns":1},{"damage":0,"enemies":"downfall:LooterAlt","floor":15,"turns":1},{"damage":0,"enemies":"IC_STATUS_ARCHETYPE","floor":16,"turns":2},{"damage":0,"enemies":"Spheric Guardian","floor":19,"turns":1},{"damage":0,"enemies":"Shell Parasite","floor":21,"turns":2},{"damage":0,"enemies":"Cultist and Chosen","floor":23,"turns":2},{"damage":0,"enemies":"3 Cultists","floor":27,"turns":2},{"damage":0,"enemies":"Replay:Snechameleon","floor":31,"turns":1},{"damage":0,"enemies":"Centurion and Healer","floor":32,"turns":1},{"damage":0,"enemies":"DF_ARCHETYPE_CLAW","floor":33,"turns":1},{"damage":7,"enemies":"3 Shapes","floor":36,"turns":1},{"damage":0,"enemies":"downfall:LadyInBlue","floor":38,"turns":1},{"damage":0,"enemies":"3 Darklings","floor":39,"turns":1},{"damage":0,"enemies":"4 Shapes","floor":42,"turns":1},{"damage":0,"enemies":"Maw","floor":43,"turns":4}],"seed_played":"1255481450388445625","potions_obtained":[{"floor":4,"key":"Elixir"},{"floor":5,"key":"SteroidPotion"},{"floor":8,"key":"bronze:BurnAndBuffPotion"},{"floor":38,"key":"DistilledChaos"}],"is_trial":false,"path_per_floor":["R","M","$","M","M","?","T","M","?","M","$","M","?","M","M","B",null,"R","M","$","M","?","M","T","$","R","M","R","$","R","E","M","B",null,"R","M","?","?","M","T","T","M","M","$"],"character_chosen":"THE_AUTOMATON","items_purchased":["HandDrill","Girya","reliquary:Stiletto","hubris:PeanutButter","SSSystem","beaked:ShinyBauble","Akabeko","reliquary:PurpleTingedLeaf","Explosive Potion","Adrenaline Potion","SecretRecord","Replay:SS_forest_2","hubris:TenFootPole","bronze:FineTuning","bronze:OilSpill","Lantern","REME_HandOfSuture","bronze:OilSpill","Energy Potion"],"campfire_rested":0,"item_purchase_floors":[3,3,3,3,11,11,11,11,11,11,20,20,20,25,25,29,29,29,29],"current_hp_per_floor":[1000,1000,1000,1000,1000,1000,1000,1000,1000,1000,1000,1000,975,976,976,983,1000,1000,1000,1000,1000,1000,1000,1000,1000,1010,1010,1010,1010,1010,1010,1010,1010,1010,1010,1003,1003,1004,1004,1004,1004,1010,1010,1010,1010,1010],"gold":8059,"neow_bonus":"THREE_CARDS","is_daily":false,"chose_seed":false,"campfire_upgraded":3,"win_rate":0.0,"timestamp":1613582357,"path_taken":["R","M","$","M","M","?","T","M","?","M","$","?","?","M","M","BOSS","R","M","$","M","?","M","T","?","R","M","R","$","R","E","M","BOSS","R","M","?","?","?","?","T","M","M","$"],"items_purchased_type":["Relic","Relic","Relic","Relic","Relic","Relic","Relic","Relic","Potion","Potion","Relic","Card","Relic","Card","Card","Relic","Relic","Card","Potion"],"build_version":"2020-12-22","purchased_purges":0,"victory":false,"max_hp_per_floor":[1000,1000,1000,1000,1000,1000,1000,1000,1000,1000,1000,1000,1000,1000,1000,1000,1000,1000,1000,1000,1000,1000,1000,1000,1000,1010,1010,1010,1010,1010,1010,1010,1010,1010,1010,1010,1010,1010,1010,1010,1010,1010,1010,1010,1010,1010],"card_choices":[{"not_picked":["bronze:Allocate","bronze:Overheat"],"picked":"bronze:Flail","floor":0},{"not_picked":["bronze:DigitalCarnage","bronze:Frontload"],"picked":"bronze:WildBeam","floor":2},{"not_picked":["bronze:DelayedGuard","bronze:BitShift"],"picked":"bronze:Repair","floor":3},{"not_picked":["bronze:DarkDash","bronze:ClassDefault"],"picked":"bronze:Boost","floor":4},{"not_picked":["bronze:Repair","bronze:Shell"],"picked":"bronze:Terminator","floor":5},{"not_picked":["bronze:Flail","bronze:Constructor"],"picked":"bronze:Overheat","floor":6},{"not_picked":["bronze:BitShift","bronze:Frontload"],"picked":"bronze:WhirlingStrike","floor":8},{"not_picked":["bronze:BuggyMess","bronze:Boost"],"picked":"bronze:DelayedSlice","floor":10},{"not_picked":["bronze:ChildClass","bronze:CutThrough"],"picked":"bronze:SpaghettiCode","floor":11},{"not_picked":["bronze:DelayedGuard","bronze:Turbo"],"picked":"bronze:ItsAFeature","floor":12},{"not_picked":["bronze:Frontload","bronze:Overheat"],"picked":"bronze:Turbo","floor":14},{"not_picked":["bronze:Safeguard","bronze:DelayedSlice"],"picked":"bronze:Iterate","floor":15},{"not_picked":["bronze:HardenedForm","bronze:CleanCode"],"picked":"bronze:Verify","floor":16},{"not_picked":["bronze:Repulsor","bronze:Flail"],"picked":"bronze:Iterate","floor":19},{"not_picked":["bronze:Shell","bronze:Safeguard"],"picked":"bronze:FineTuning","floor":21},{"not_picked":["bronze:Philosophize","bronze:Deprecate"],"picked":"bronze:ChosenStrike","floor":23},{"not_picked":["bronze:Repulsor+1","bronze:BuggyMess"],"picked":"bronze:FineTuning","floor":27},{"not_picked":["bronze:Iterate","bronze:Library"],"picked":"bronze:Verify","floor":31},{"not_picked":["bronze:WhirlingStrike","bronze:Constructor","bronze:ForceShield"],"picked":"SKIP","floor":32},{"not_picked":["bronze:TinkerersToolbox","bronze:ThunderWave"],"picked":"bronze:Mutator","floor":33},{"not_picked":["hubris:Envy","Doubt"],"picked":"Writhe","floor":34},{"not_picked":["Decay","hubris:Wrath"],"picked":"hubris:Compulsion","floor":34},{"not_picked":["downfall:Icky","hubris:Despair"],"picked":"Pain","floor":34},{"not_picked":["bronze:Refactor","bronze:Optimize+1"],"picked":"bronze:ItsAFeature","floor":36},{"not_picked":["expansioncontent:LastStand","expansioncontent:InvincibleStrength"],"picked":"expansioncontent:Hexaburn","floor":37},{"not_picked":["bronze:BugBarrage+1","bronze:Overheat"],"picked":"bronze:OilSpill+1","floor":38},{"not_picked":["bronze:Refactor","bronze:NullPointer"],"picked":"bronze:Fortify","floor":39},{"not_picked":["bronze:CutThrough","bronze:MaxOutput","bronze:ForLoop"],"picked":"SKIP","floor":42},{"not_picked":["bronze:BitShift+1","bronze:Separator","bronze:WildBeam+1"],"picked":"SKIP","floor":43}],"player_experience":363436,"relics_obtained":[{"floor":7,"key":"REME_LimitBreaker"},{"floor":10,"key":"wanderingMiniBosses:OtherGremlinHorn"},{"floor":31,"key":"PreservedInsect"},{"floor":38,"key":"Toy Ornithopter"},{"floor":40,"key":"reliquary:Vitrine"},{"floor":41,"key":"Vajra"}],"event_choices":[{"damage_healed":0,"gold_gain":0,"player_choice":"Success","damage_taken":25,"relics_obtained":["reliquary:SharkskinSheath"],"max_hp_gain":0,"max_hp_loss":0,"event_name":"Scrap Ooze","floor":13,"gold_loss":0}],"is_beta":false,"boss_relics":[{"not_picked":["Velvet Choker","hubris:CrackedHourglass","hubris:BlackHole"]},{"not_picked":["PatriotShield","REME_DemonsWealth"],"picked":"Replay:Ancient Bell"},{"not_picked":["reliquary:ExpiredCoupon","Bag of Preparation"],"picked":"Tiny Chest"},{"not_picked":["SumBook","hubris:BottledRain"],"picked":"GodSword4"},{"not_picked":["hubris:Spice","Gambling Chip"],"picked":"hubris:64BitClover"}],"items_purged_floors":[],"is_endless":false,"potions_floor_spawned":[4,5,8,12,14,16,19,31,32,38,43],"ascension_level":0}}