{"host":"ekyl8r8j8fco3zlk","time":1613572985,"event":{"mods":["Act Like it!","Arknights","BaseMod","CapriCore","Decade(王小明)","Dota2Spire","Friendly Minions","Gensokyo","Marisa（F雨　魔理沙）","Minty Spire (QoL Compilation)","READ ME - Guardian Mod","Rare Cards Sparkle","Reimu（博丽灵梦）","StSLib","The Alterego","The Immortal","The Jungle","The Senshi","TheWitcher","Waifu the Spire","WarShipGirlsR/战舰少女R mod","Yakumo Yukari mod","【遗物卡牌】REMEMod"],"gold_per_floor":[119,138,213,225,225,225,253,253,302,335,335,347,410,460,460,460,460],"floor_reached":16,"language":"ZHS","playtime":446,"items_purged":[],"score":110,"play_id":"53f6392d-2fa2-436b-bf12-a1c570ae2de1","local_time":"20210217224305","is_ascension_mode":false,"campfire_choices":[{"data":"rmod:basicallowance","floor":6,"key":"SMITH"},{"data":"rmod:wolves","floor":8,"key":"SMITH"},{"floor":15,"key":"REST"}],"circlet_count":0,"master_deck":["rmod:strick","rmod:strick","rmod:strick","rmod:defend","rmod:defend","rmod:defend","rmod:basicallowance+1","rmod:maingunfire","ButterflyHabitatTemple_purple","rmod:diamondstrike","rmod:overbreakdown","rmod:firesupport","rmod:wolves+1","rmod:supportaircraftcarrier","rmod:unsinkable","Injury"],"relics":["rmod:firstchargereward","REME_ComplimentaryCards","Smiling Mask","Mastiff:ReiMu","Bottled Lightning","SsserpentHead","Golden Idol"],"acts_visited":["Exordium"],"potions_floor_usage":[7,13],"damage_taken":[{"damage":0,"enemies":"2 Louse","floor":1,"turns":3},{"damage":0,"enemies":"Cultist","floor":2,"turns":3},{"damage":0,"enemies":"Jaw Worm","floor":4,"turns":4},{"damage":17,"enemies":"Gremlin Nob","floor":7,"turns":4},{"damage":28,"enemies":"Lagavulin","floor":10,"turns":4},{"damage":4,"enemies":"Blue Slaver","floor":12,"turns":3},{"damage":0,"enemies":"Looter","floor":13,"turns":2},{"damage":33,"enemies":"The Guardian","floor":16,"turns":5}],"seed_played":"89751221762191789","potions_obtained":[{"floor":2,"key":"Ancient Potion"},{"floor":10,"key":"MagicPotion:ReiMu"}],"is_trial":false,"path_per_floor":["M","M","?","M","?","R","E","R","T","E","?","M","M","?","R","B"],"character_chosen":"PRAEFECT","items_purchased":[],"campfire_rested":1,"item_purchase_floors":[],"current_hp_per_floor":[75,75,64,64,57,57,40,40,40,12,12,8,8,8,30,0,0],"gold":460,"neow_bonus":"REMOVE_CARD","is_daily":false,"chose_seed":false,"campfire_upgraded":2,"win_rate":0.0,"timestamp":1613572985,"path_taken":["M","M","?","M","?","R","E","R","T","E","?","M","?","?","R","BOSS"],"items_purchased_type":[],"build_version":"2020-12-22","purchased_purges":0,"victory":false,"max_hp_per_floor":[75,75,75,75,75,75,75,75,75,75,75,75,75,75,75,75,75],"card_choices":[{"not_picked":["rmod:circuitoustactics","rmod:intelligenceanalysis"],"picked":"rmod:diamondstrike","floor":1},{"not_picked":["rmod:fletcherpendant","rmod:tearstotiara"],"picked":"rmod:overbreakdown","floor":2},{"not_picked":["rmod:rockthrower","rmod:combined"],"picked":"rmod:firesupport","floor":4},{"not_picked":["rmod:unsinkable","rmod:victimresponsibility"],"picked":"rmod:wolves","floor":7},{"not_picked":["rmod:luckystar","rmod:firesupport"],"picked":"rmod:supportaircraftcarrier","floor":10},{"not_picked":["rmod:supportaircraftcarrier","rmod:firesupport"],"picked":"rmod:unsinkable","floor":12},{"not_picked":["rmod:luckystar","rmod:firesupport","rmod:fletcherpendant"],"picked":"SKIP","floor":13}],"player_experience":623587,"relics_obtained":[{"floor":7,"key":"Smiling Mask"},{"floor":9,"key":"Mastiff:ReiMu"},{"floor":10,"key":"Bottled Lightning"}],"event_choices":[{"damage_healed":0,"gold_gain":75,"player_choice":"Gather Gold","damage_taken":11,"max_hp_gain":0,"max_hp_loss":0,"event_name":"World of Goop","floor":3,"gold_loss":0},{"cards_removed":["rmod:defend"],"damage_healed":0,"gold_gain":0,"player_choice":"Card Removal","damage_taken":7,"max_hp_gain":0,"max_hp_loss":0,"event_name":"Golden Wing","floor":5,"gold_loss":0},{"damage_healed":0,"gold_gain":0,"player_choice":"Trade","damage_taken":0,"relics_obtained":["SsserpentHead"],"max_hp_gain":0,"max_hp_loss":0,"event_name":"FaceTrader","floor":11,"gold_loss":0},{"damage_healed":0,"gold_gain":0,"player_choice":"Take Wound","damage_taken":0,"relics_obtained":["Golden Idol"],"max_hp_gain":0,"max_hp_loss":0,"event_name":"Golden Idol","floor":14,"gold_loss":0,"cards_obtained":["Injury"]}],"is_beta":false,"boss_relics":[],"items_purged_floors":[],"is_endless":false,"potions_floor_spawned":[2,10],"killed_by":"The Guardian","ascension_level":0}}