{"host":"m8y8nvvez5gwh4s7","time":1613604914,"event":{"mods":["AchievementEnabler","BaseMod","Bestiary","Colored Map","Colored Powertips","Minty Spire (QoL Compilation)","Rare Cards Sparkle","Relic Stats","StSLib","Together in Spire"],"gold_per_floor":[114,126,142,159,159,159,193,203,285,301,320,336,111,130,130,226,226,239,220,220,38,55,84,84,114,114,125,142,67,79,111,111,209,209,224,274,274,290,301,301,327,327,327,338,369,369,385,398,398,398],"floor_reached":51,"language":"ENG","playtime":3187,"items_purged":["Headbutt+1"],"score":677,"play_id":"640d4850-50ed-454d-a65e-ae9ee56e334a","local_time":"20210217173514","is_ascension_mode":false,"campfire_choices":[{"data":"Fiend Fire","floor":6,"key":"SMITH"},{"data":"Double Tap","floor":15,"key":"SMITH"},{"floor":24,"key":"REST"},{"data":"Impervious","floor":32,"key":"SMITH"},{"floor":40,"key":"REST"},{"data":"Barricade","floor":42,"key":"SMITH"},{"data":"Offering","floor":46,"key":"SMITH"},{"data":"Offering","floor":49,"key":"SMITH"}],"circlet_count":0,"master_deck":["Strike_R","Strike_R","Strike_R","Strike_R","Strike_R","Defend_R","Defend_R","Defend_R","Defend_R","Bash","Fiend Fire+1","Rage","Hemokinesis","Infernal Blade","True Grit","Cleave","True Grit","Double Tap+1","Flex","Seeing Red","Sentinel","Thunderclap","Offering+1","Headbutt+1","Fire Breathing","Burning Pact","Heavy Blade","Cleave","Impervious+1","Regret","Armaments","Twin Strike+1","True Grit+1","Ghostly Armor","Offering+1","Inflame","Disarm+1","Shockwave+1","Blood for Blood+1","Barricade+1","Normality","Anger","Pommel Strike+1","Dark Embrace+1","Rage+1"],"relics":["Burning Blood","Matryoshka","Potion Belt","Eternal Feather","Lantern","Cursed Key","Toolbox","Bronze Scales","Red Skull","Letter Opener","Mummified Hand","Paper Frog","Philosopher\u0027s Stone","Incense Burner","Boot","HornCleat","Strawberry"],"acts_visited":["Exordium","TheCity","TheBeyond"],"potions_floor_usage":[4,11,16,16,18,23,23,33,38,39],"damage_taken":[{"damage":11,"enemies":"Jaw Worm","floor":1,"turns":2},{"damage":0,"enemies":"Cultist","floor":2,"turns":2},{"damage":2,"enemies":"Small Slimes","floor":3,"turns":1},{"damage":6,"enemies":"Blue Slaver","floor":4,"turns":2},{"damage":9,"enemies":"3 Sentries","floor":7,"turns":3},{"damage":0,"enemies":"Red Slaver","floor":8,"turns":2},{"damage":0,"enemies":"2 Fungi Beasts","floor":10,"turns":1},{"damage":2,"enemies":"3 Louse","floor":11,"turns":2},{"damage":5,"enemies":"Blue Slaver","floor":12,"turns":2},{"damage":10,"enemies":"Red Slaver","floor":14,"turns":2},{"damage":39,"enemies":"Hexaghost","floor":16,"turns":5},{"damage":0,"enemies":"Spheric Guardian","floor":18,"turns":3},{"damage":24,"enemies":"2 Thieves","floor":19,"turns":4},{"damage":9,"enemies":"Shelled Parasite and Fungi","floor":22,"turns":4},{"damage":25,"enemies":"Slavers","floor":23,"turns":3},{"damage":17,"enemies":"Book of Stabbing","floor":25,"turns":3},{"damage":4,"enemies":"Snake Plant","floor":27,"turns":2},{"damage":0,"enemies":"Centurion and Healer","floor":28,"turns":2},{"damage":0,"enemies":"Sentry and Sphere","floor":30,"turns":3},{"damage":18,"enemies":"Gremlin Leader","floor":31,"turns":2},{"damage":44,"enemies":"Automaton","floor":33,"turns":5},{"damage":0,"enemies":"Orb Walker","floor":35,"turns":2},{"damage":52,"enemies":"Mind Bloom Boss Battle","floor":36,"turns":3},{"damage":9,"enemies":"3 Darklings","floor":38,"turns":2},{"damage":1,"enemies":"Spire Growth","floor":39,"turns":2},{"damage":36,"enemies":"Giant Head","floor":41,"turns":6},{"damage":16,"enemies":"Jaw Worm Horde","floor":44,"turns":2},{"damage":23,"enemies":"Reptomancer","floor":45,"turns":3},{"damage":24,"enemies":"Transient","floor":47,"turns":2},{"damage":2,"enemies":"Sphere and 2 Shapes","floor":48,"turns":3},{"damage":33,"enemies":"Donu and Deca","floor":50,"turns":5}],"seed_played":"2451029781326577490","potions_obtained":[{"floor":1,"key":"Fruit Juice"},{"floor":2,"key":"Explosive Potion"},{"floor":4,"key":"Block Potion"},{"floor":7,"key":"ColorlessPotion"},{"floor":12,"key":"Energy Potion"},{"floor":16,"key":"LiquidMemories"},{"floor":19,"key":"HeartOfIron"},{"floor":22,"key":"Dexterity Potion"},{"floor":30,"key":"AttackPotion"},{"floor":31,"key":"AttackPotion"},{"floor":38,"key":"ColorlessPotion"},{"floor":41,"key":"PowerPotion"},{"floor":44,"key":"SteroidPotion"},{"floor":45,"key":"Swift Potion"}],"is_trial":false,"path_per_floor":["M","M","M","M","?","R","E","M","T","M","M","M","$","M","R","B",null,"M","M","?","$","M","E","R","E","T","M","M","$","M","E","R","B",null,"M","?","?","M","M","R","E","R","T","M","E","R","M","M","R","B",null],"character_chosen":"IRONCLAD","items_purchased":["Lantern","Sentinel","Toolbox","Burning Pact"],"campfire_rested":2,"item_purchase_floors":[13,13,21,21],"current_hp_per_floor":[75,80,80,85,90,90,87,90,90,90,90,90,90,86,90,57,90,90,72,72,72,69,50,90,79,79,81,87,87,90,78,90,52,90,90,44,44,41,46,90,60,84,84,74,64,88,70,74,97,70],"gold":398,"neow_bonus":"ONE_RANDOM_RARE_CARD","is_daily":false,"chose_seed":false,"campfire_upgraded":6,"win_rate":0.0,"timestamp":1613604914,"path_taken":["M","M","M","M","?","R","E","M","T","M","M","M","$","M","R","BOSS","M","M","?","?","M","E","R","E","T","M","M","?","M","E","R","BOSS","M","?","?","M","M","R","E","R","T","M","E","R","M","M","R","BOSS"],"items_purchased_type":["Relic","Card","Relic","Card"],"build_version":"2020-12-22","purchased_purges":1,"victory":true,"max_hp_per_floor":[80,80,80,85,90,90,90,90,90,90,90,90,90,90,90,90,90,90,90,90,90,90,90,90,90,90,90,90,90,90,90,90,90,90,90,90,90,90,90,90,90,90,90,90,97,97,97,97,97,97],"relic_stats":{"counters":[31,85],"Mummified Hand":[14],"Bronze Scales":[106],"Eternal Feather":123,"Letter Opener":[132],"Cursed Key":2,"Boot":[7],"obtain_stats":[{"Potion Belt":9,"Lantern":13,"Eternal Feather":9,"Incense Burner":36,"Letter Opener":26,"Cursed Key":17,"Boot":41,"Burning Blood":0,"Matryoshka":7,"HornCleat":43,"Mummified Hand":26,"Bronze Scales":23,"Strawberry":45,"Toolbox":21,"Philosopher\u0027s Stone":34,"Red Skull":25,"Paper Frog":31},{"Potion Belt":6,"Lantern":9,"Eternal Feather":6,"Incense Burner":23,"Letter Opener":16,"Cursed Key":11,"Boot":26,"Burning Blood":0,"Matryoshka":5,"HornCleat":26,"Mummified Hand":16,"Bronze Scales":15,"Strawberry":28,"Toolbox":13,"Philosopher\u0027s Stone":21,"Red Skull":16,"Paper Frog":20},{"Potion Belt":12,"Lantern":17,"Eternal Feather":12,"Incense Burner":60,"Letter Opener":41,"Cursed Key":24,"Boot":70,"Burning Blood":0,"Matryoshka":10,"HornCleat":70,"Mummified Hand":41,"Bronze Scales":38,"Strawberry":75,"Toolbox":31,"Philosopher\u0027s Stone":55,"Red Skull":41,"Paper Frog":50}],"Burning Blood":152},"card_choices":[{"not_picked":["Body Slam","Sentinel"],"picked":"Rage","floor":1},{"not_picked":["Blood for Blood","Pummel"],"picked":"Hemokinesis","floor":2},{"not_picked":["Twin Strike","Flex"],"picked":"Infernal Blade","floor":3},{"not_picked":["Clash","Body Slam"],"picked":"True Grit","floor":4},{"not_picked":["Body Slam","True Grit"],"picked":"Cleave","floor":7},{"not_picked":["Fire Breathing","Twin Strike"],"picked":"True Grit","floor":8},{"not_picked":["Spot Weakness","Searing Blow"],"picked":"Double Tap","floor":10},{"not_picked":["Second Wind","Pommel Strike"],"picked":"Flex","floor":11},{"not_picked":["Sever Soul","Clash"],"picked":"Seeing Red","floor":12},{"not_picked":["Armaments","Second Wind"],"picked":"Thunderclap","floor":14},{"not_picked":["Corruption","Limit Break"],"picked":"Offering","floor":16},{"not_picked":["Anger","Rupture"],"picked":"Headbutt+1","floor":18},{"not_picked":["Reckless Charge","Dark Embrace"],"picked":"Fire Breathing","floor":19},{"not_picked":["Twin Strike","Iron Wave"],"picked":"Heavy Blade","floor":22},{"not_picked":["Havoc","Headbutt"],"picked":"Cleave","floor":23},{"not_picked":["Infernal Blade","Fire Breathing"],"picked":"Impervious","floor":25},{"not_picked":["Hemokinesis","Twin Strike"],"picked":"Armaments","floor":27},{"not_picked":["Dark Embrace","Warcry"],"picked":"Twin Strike+1","floor":28},{"not_picked":["Twin Strike","Wild Strike"],"picked":"True Grit+1","floor":30},{"not_picked":["Rage+1","Anger"],"picked":"Ghostly Armor","floor":31},{"not_picked":["Brutality","Bludgeon"],"picked":"Offering","floor":33},{"not_picked":["Body Slam","Heavy Blade+1"],"picked":"Inflame","floor":35},{"not_picked":["Heavy Blade","Cleave+1"],"picked":"Disarm+1","floor":36},{"not_picked":["Cleave+1","Rupture"],"picked":"Shockwave+1","floor":38},{"not_picked":["Metallicize","Power Through"],"picked":"Blood for Blood+1","floor":39},{"not_picked":["Flex","Dual Wield+1"],"picked":"Barricade","floor":41},{"not_picked":["Sword Boomerang+1","Searing Blow+1"],"picked":"Anger","floor":44},{"not_picked":["Battle Trance","Carnage"],"picked":"Pommel Strike+1","floor":45},{"not_picked":["Cleave","Burning Pact"],"picked":"Dark Embrace+1","floor":47},{"not_picked":["Armaments","Body Slam+1"],"picked":"Rage+1","floor":48}],"player_experience":24286,"relics_obtained":[{"floor":7,"key":"Matryoshka"},{"floor":9,"key":"Potion Belt"},{"floor":9,"key":"Eternal Feather"},{"floor":23,"key":"Bronze Scales"},{"floor":25,"key":"Red Skull"},{"floor":26,"key":"Letter Opener"},{"floor":26,"key":"Mummified Hand"},{"floor":31,"key":"Paper Frog"},{"floor":36,"key":"Incense Burner"},{"floor":41,"key":"Boot"},{"floor":43,"key":"HornCleat"},{"floor":45,"key":"Strawberry"}],"event_choices":[{"damage_healed":0,"gold_gain":0,"player_choice":"Donut","damage_taken":0,"max_hp_gain":5,"max_hp_loss":0,"event_name":"Big Fish","floor":5,"gold_loss":0},{"damage_healed":0,"gold_gain":0,"player_choice":"Ignored","damage_taken":0,"max_hp_gain":0,"max_hp_loss":0,"event_name":"N\u0027loth","floor":20,"gold_loss":0},{"damage_healed":0,"gold_gain":0,"player_choice":"Fight","damage_taken":0,"max_hp_gain":0,"max_hp_loss":0,"event_name":"MindBloom","floor":36,"gold_loss":0},{"damage_healed":0,"gold_gain":0,"player_choice":"Ignored","damage_taken":0,"max_hp_gain":0,"max_hp_loss":0,"event_name":"The Moai Head","floor":37,"gold_loss":0}],"is_beta":false,"boss_relics":[{"not_picked":["Tiny House","Coffee Dripper"],"picked":"Cursed Key"},{"not_picked":["SacredBark","Sozu"],"picked":"Philosopher\u0027s Stone"}],"items_purged_floors":[29],"is_endless":false,"potions_floor_spawned":[1,2,4,7,12,16,19,22,30,31,38,41,44,45],"ascension_level":0}}