{"host":"p9vmbvw2hh2n16dn","time":1613571584,"event":{"mods":["AchievementEnabler","BaseMod","Block Reminder","Minty Spire (QoL Compilation)","Relic Stats","SuperFastMode"],"gold_per_floor":[111,130,53,128,128,128,158,175,175,175,188,206,240,89,89,194,194,212,311,311,10,10,10,338,350,350,350,381,401,429,447,447,544,544,555,555,555,566,582,617,617,651,651,123,149,164,176,191,191,191],"floor_reached":51,"language":"ENG","playtime":1559,"items_purged":["Parasite"],"score":1478,"play_id":"63160946-da71-447c-bc30-2ead7b4939ca","local_time":"20210217151944","is_ascension_mode":true,"campfire_choices":[{"data":"Cloak And Dagger","floor":6.0,"key":"SMITH"},{"data":"Accuracy","floor":15.0,"key":"SMITH"},{"data":"Cloak And Dagger","floor":23.0,"key":"SMITH"},{"data":"Cloak And Dagger","floor":27.0,"key":"SMITH"},{"data":"Terror","floor":32,"key":"SMITH"},{"data":"Adrenaline","floor":49,"key":"SMITH"}],"circlet_count":0,"master_deck":["AscendersBane","Strike_G+1","Strike_G+1","Strike_G+1","Defend_G+1","Defend_G+1","Defend_G+1","Defend_G+1","Defend_G+1","Survivor","Cloak And Dagger+1","Cloak And Dagger+1","Accuracy+1","Escape Plan","Cloak And Dagger+1","Blade Dance","Terror+1","After Image","Blade Dance","After Image","Calculated Gamble","Corpse Explosion","Cloak And Dagger","After Image","Backflip+1","Deflect","Escape Plan","Deflect","Phantasmal Killer","Footwork+1","Cloak And Dagger+1","Adrenaline+1"],"relics":["Black Star","Question Card","PreservedInsect","Sundial","Bottled Tornado","Art of War","WristBlade","Vajra","Old Coin","InkBottle","Meat on the Bone","Bag of Marbles","Du-Vu Doll","Matryoshka","Letter Opener","Coffee Dripper","Whetstone","Oddly Smooth Stone","Frozen Egg 2","Darkstone Periapt","Centennial Puzzle","Peace Pipe","Membership Card","Pantograph","HornCleat","Boot","Blue Candle"],"acts_visited":["Exordium","TheCity","TheBeyond"],"potions_floor_usage":[42,50,50],"damage_taken":[{"damage":6.0,"enemies":"Small Slimes","floor":1.0,"turns":6.0},{"damage":1.0,"enemies":"2 Louse","floor":2.0,"turns":5.0},{"damage":24.0,"enemies":"Lagavulin","floor":7.0,"turns":9.0},{"damage":2.0,"enemies":"Jaw Worm","floor":8.0,"turns":4.0},{"damage":4.0,"enemies":"Large Slime","floor":11.0,"turns":7.0},{"damage":2.0,"enemies":"Blue Slaver","floor":12.0,"turns":4.0},{"damage":1.0,"enemies":"3 Sentries","floor":13.0,"turns":7.0},{"damage":1.0,"enemies":"Hexaghost","floor":16.0,"turns":8.0},{"damage":0.0,"enemies":"Spheric Guardian","floor":18.0,"turns":3.0},{"damage":9.0,"enemies":"Slavers","floor":24.0,"turns":3.0},{"damage":13.0,"enemies":"2 Thieves","floor":25.0,"turns":3.0},{"damage":7.0,"enemies":"Book of Stabbing","floor":28.0,"turns":3.0},{"damage":2.0,"enemies":"Chosen and Byrds","floor":29.0,"turns":3.0},{"damage":10.0,"enemies":"Gremlin Leader","floor":30.0,"turns":2.0},{"damage":0,"enemies":"Centurion and Healer","floor":31,"turns":2},{"damage":33,"enemies":"Collector","floor":33,"turns":7},{"damage":0,"enemies":"Orb Walker","floor":35,"turns":2},{"damage":0,"enemies":"3 Shapes","floor":38,"turns":3},{"damage":18,"enemies":"Transient","floor":39,"turns":5},{"damage":0,"enemies":"Reptomancer","floor":40,"turns":2},{"damage":1,"enemies":"Nemesis","floor":42,"turns":3},{"damage":0,"enemies":"Giant Head","floor":45,"turns":3},{"damage":0,"enemies":"3 Darklings","floor":46,"turns":2},{"damage":2,"enemies":"4 Shapes","floor":47,"turns":3},{"damage":0,"enemies":"Sphere and 2 Shapes","floor":48,"turns":3},{"damage":8,"enemies":"Donu and Deca","floor":50,"turns":3}],"seed_played":"-1141057571306936852","potions_obtained":[{"floor":8.0,"key":"Strength Potion"},{"floor":11.0,"key":"Swift Potion"},{"floor":16.0,"key":"Swift Potion"},{"floor":25.0,"key":"Block Potion"},{"floor":29.0,"key":"Poison Potion"},{"floor":39,"key":"LiquidMemories"},{"floor":40,"key":"SpeedPotion"},{"floor":48,"key":"ColorlessPotion"}],"is_trial":false,"path_per_floor":["M","M","$","?","?","R","E","M","T","?","M","M","E","$","R","B",null,"M","?","?","$","?","R","E","M","T","R","E","M","E","M","R","B",null,"M","?","?","M","M","E","?","E","T","$","E","M","M","M","R","B",null],"character_chosen":"THE_SILENT","items_purchased":["Accuracy","Terror","Vajra","After Image","Membership Card","Phantasmal Killer","Pantograph","HornCleat","DuplicationPotion"],"campfire_rested":0,"item_purchase_floors":[3,14,21,21,44,44,44,44,44],"current_hp_per_floor":[57,56,56,45,38,38,14,12,12,29,25,23,22,22,22,21,56,56,56,56,56,56,56,47,34,34,34,39,37,39,39,39,18,55,55,55,55,55,37,37,37,36,36,36,36,36,34,34,34,51],"gold":191,"neow_bonus":"BOSS_RELIC","is_daily":false,"chose_seed":false,"campfire_upgraded":6,"win_rate":0.0,"timestamp":1613571584,"path_taken":["M","M","$","?","?","R","E","M","T","?","?","M","E","$","R","BOSS","M","?","?","$","?","R","E","M","T","R","E","?","E","M","R","BOSS","M","?","?","M","?","E","?","E","T","$","E","M","M","M","R","BOSS"],"items_purchased_type":["Card","Card","Relic","Card","Relic","Card","Relic","Relic","Potion"],"build_version":"2020-12-22","purchased_purges":1,"victory":true,"max_hp_per_floor":[70,70,70,70,70,70,70,70,70,70,70,70,70,67,67,67,67,67,67,67,67,67,67,67,67,67,67,67,67,67,67,67,67,67,67,67,64,64,64,64,64,64,64,64,64,64,64,64,64,64],"relic_stats":{"Darkstone Periapt":0,"counters":[26,105],"Blue Candle":[0],"PreservedInsect":404,"Letter Opener":[153],"Whetstone":[],"Question Card":22,"Boot":[1],"Peace Pipe":0,"Centennial Puzzle":[6],"Sundial":[4],"Pantograph":25,"Black Star":8,"Art of War":[5],"obtain_stats":[{"Darkstone Periapt":42,"Vajra":21,"Whetstone":40,"Bottled Tornado":13,"Boot":45,"Old Coin":24,"Centennial Puzzle":43,"Matryoshka":30,"HornCleat":44,"WristBlade":17,"Sundial":9,"Pantograph":44,"InkBottle":24,"Ring of the Snake":0,"Blue Candle":45,"Oddly Smooth Stone":40,"PreservedInsect":7,"Letter Opener":30,"Frozen Egg 2":42,"Question Card":7,"Du-Vu Doll":28,"Peace Pipe":43,"Black Star":0,"Art of War":13,"Bag of Marbles":28,"Coffee Dripper":34,"Membership Card":44,"Meat on the Bone":26},{"Darkstone Periapt":21,"Vajra":9,"Whetstone":20,"Bottled Tornado":7,"Boot":22,"Old Coin":10,"Centennial Puzzle":21,"Matryoshka":14,"HornCleat":21,"WristBlade":8,"Sundial":4,"Pantograph":21,"InkBottle":10,"Ring of the Snake":0,"Blue Candle":22,"Oddly Smooth Stone":20,"PreservedInsect":3,"Letter Opener":14,"Frozen Egg 2":21,"Question Card":3,"Du-Vu Doll":12,"Peace Pipe":21,"Black Star":0,"Art of War":7,"Bag of Marbles":12,"Coffee Dripper":16,"Membership Card":21,"Meat on the Bone":11},{"Darkstone Periapt":91,"Vajra":53,"Whetstone":88,"Bottled Tornado":42,"Boot":94,"Old Coin":56,"Centennial Puzzle":91,"Matryoshka":67,"HornCleat":91,"WristBlade":50,"Sundial":24,"Pantograph":91,"InkBottle":56,"Ring of the Snake":0,"Blue Candle":94,"Oddly Smooth Stone":88,"PreservedInsect":20,"Letter Opener":67,"Frozen Egg 2":91,"Question Card":20,"Du-Vu Doll":62,"Peace Pipe":91,"Black Star":0,"Art of War":42,"Bag of Marbles":62,"Coffee Dripper":76,"Membership Card":91,"Meat on the Bone":59}],"InkBottle":[34],"Meat on the Bone":36},"card_choices":[{"not_picked":["Blade Dance","Skewer"],"picked":"Cloak And Dagger","floor":1.0},{"not_picked":["Bane","All Out Attack"],"picked":"Cloak And Dagger","floor":2.0},{"not_picked":["Crippling Poison","Concentrate"],"picked":"Escape Plan","floor":7.0},{"not_picked":["Skewer","Outmaneuver","Bane","Poisoned Stab"],"picked":"SKIP","floor":8.0},{"not_picked":["Noxious Fumes","Deadly Poison","Prepared"],"picked":"Cloak And Dagger","floor":11.0},{"not_picked":["Doppelganger","Heel Hook","Underhanded Strike","Acrobatics"],"picked":"SKIP","floor":12.0},{"not_picked":["Sucker Punch","Die Die Die","Backflip"],"picked":"Blade Dance","floor":13.0},{"not_picked":["Storm of Steel","Envenom","Die Die Die"],"picked":"After Image","floor":16.0},{"not_picked":["Poisoned Stab","Dodge and Roll","Expertise","Skewer"],"picked":"SKIP","floor":18.0},{"not_picked":["Tactician","Deadly Poison","Deflect","Bane"],"picked":"SKIP","floor":24.0},{"not_picked":["Quick Slash","Bouncing Flask","Outmaneuver","Noxious Fumes"],"picked":"SKIP","floor":25.0},{"not_picked":["Dagger Spray","Skewer","Distraction"],"picked":"Calculated Gamble","floor":28.0},{"not_picked":["Deadly Poison","Dagger Spray","Poisoned Stab","Masterful Stab"],"picked":"SKIP","floor":29.0},{"not_picked":["Dagger Throw","Tactician","Skewer"],"picked":"Corpse Explosion","floor":30.0},{"not_picked":["Acrobatics","Flechettes","Poisoned Stab"],"picked":"Cloak And Dagger","floor":31},{"not_picked":["Envenom","Venomology","Night Terror"],"picked":"After Image","floor":33},{"not_picked":["Flying Knee+1","Outmaneuver+1","PiercingWail"],"picked":"Backflip+1","floor":35},{"not_picked":["Flechettes","Tactician","Heel Hook","Distraction"],"picked":"SKIP","floor":38},{"not_picked":["Slice","Masterful Stab","PiercingWail"],"picked":"Deflect","floor":39},{"not_picked":["Wraith Form v2","Blur","Dagger Spray"],"picked":"Escape Plan","floor":40},{"not_picked":["Prepared","Eviscerate","Deadly Poison+1"],"picked":"Deflect","floor":42},{"not_picked":["Crippling Poison","Tactician+1","Dash"],"picked":"Footwork+1","floor":45},{"not_picked":["Poisoned Stab+1","Quick Slash","Predator"],"picked":"Cloak And Dagger+1","floor":46},{"not_picked":["Infinite Blades+1","Dagger Throw","Prepared","Dash+1"],"picked":"SKIP","floor":47},{"not_picked":["Sucker Punch","Dagger Spray","Acrobatics"],"picked":"Adrenaline","floor":48}],"player_experience":351265,"relics_obtained":[{"floor":7.0,"key":"Question Card"},{"floor":7.0,"key":"PreservedInsect"},{"floor":9.0,"key":"Sundial"},{"floor":13.0,"key":"Bottled Tornado"},{"floor":13.0,"key":"Art of War"},{"floor":24.0,"key":"Old Coin"},{"floor":24.0,"key":"InkBottle"},{"floor":26.0,"key":"Meat on the Bone"},{"floor":28.0,"key":"Bag of Marbles"},{"floor":28.0,"key":"Du-Vu Doll"},{"floor":30.0,"key":"Matryoshka"},{"floor":30.0,"key":"Letter Opener"},{"floor":40,"key":"Whetstone"},{"floor":40,"key":"Oddly Smooth Stone"},{"floor":42,"key":"Frozen Egg 2"},{"floor":42,"key":"Darkstone Periapt"},{"floor":43,"key":"Centennial Puzzle"},{"floor":43,"key":"Peace Pipe"},{"floor":45,"key":"Boot"},{"floor":45,"key":"Blue Candle"}],"event_choices":[{"damage_healed":0.0,"max_hp_gain":0.0,"max_hp_loss":0.0,"gold_gain":75.0,"event_name":"World of Goop","player_choice":"Gather Gold","floor":4.0,"gold_loss":0.0,"damage_taken":11.0},{"cards_removed":["Strike_G"],"damage_healed":0.0,"max_hp_gain":0.0,"max_hp_loss":0.0,"gold_gain":0.0,"event_name":"Golden Wing","player_choice":"Card Removal","floor":5.0,"gold_loss":0.0,"damage_taken":7.0},{"damage_healed":17.0,"max_hp_gain":0.0,"max_hp_loss":0.0,"gold_gain":0.0,"event_name":"Mushrooms","player_choice":"Healed and dodged fight","floor":10.0,"gold_loss":0.0,"damage_taken":0.0,"cards_obtained":["Parasite"]},{"damage_healed":0.0,"max_hp_gain":0.0,"max_hp_loss":0.0,"gold_gain":99.0,"event_name":"Nest","player_choice":"Stole From Cult","floor":19.0,"gold_loss":0.0,"damage_taken":0.0},{"damage_healed":0.0,"max_hp_gain":0.0,"max_hp_loss":0.0,"gold_gain":0.0,"event_name":"The Library","player_choice":"Read","floor":20.0,"gold_loss":0.0,"damage_taken":0.0,"cards_obtained":["Blade Dance"]},{"damage_healed":0.0,"max_hp_gain":0.0,"max_hp_loss":0.0,"gold_gain":0.0,"event_name":"Back to Basics","player_choice":"Simplicity","floor":22.0,"gold_loss":0.0,"damage_taken":0.0,"cards_upgraded":["Strike_G","Strike_G","Strike_G","Strike_G","Defend_G","Defend_G","Defend_G","Defend_G","Defend_G"]},{"cards_removed":["Neutralize"],"damage_healed":0,"gold_gain":0,"player_choice":"Removed Attack","damage_taken":0,"max_hp_gain":0,"max_hp_loss":0,"event_name":"Falling","floor":36,"gold_loss":0},{"damage_healed":0,"gold_gain":0,"player_choice":"Max HP","damage_taken":0,"max_hp_gain":0,"max_hp_loss":3,"event_name":"Winding Halls","floor":37,"gold_loss":0},{"cards_removed":["Strike_G"],"damage_healed":0,"gold_gain":0,"player_choice":"Card Removal","damage_taken":0,"max_hp_gain":0,"max_hp_loss":0,"event_name":"Wheel of Change","floor":41,"gold_loss":0}],"is_beta":false,"boss_relics":[{"not_picked":["Busted Crown","Pandora\u0027s Box"],"picked":"WristBlade"},{"not_picked":["Velvet Choker","Snecko Eye"],"picked":"Coffee Dripper"}],"items_purged_floors":[14],"is_endless":false,"potions_floor_spawned":[8,11,16,25,29,39,40,46,47,48],"ascension_level":12}}