{"host":"BK","time":1613523397,"event":{"mods":["BaseMod","Highlight Path","Minty Spire (QoL Compilation)","StSLib"],"gold_per_floor":[109,13,13,28,28,358,378,406,406,439,489,503,503,503,503,577,577,497,497,497,497,260,260,260,260,260,175,175,175,175,91,91,91,91,91,91,91,91,91,91,91,91,91,4,4,4,4,4,4,4,4],"floor_reached":50,"language":"ENG","playtime":2177,"items_purged":["Pain"],"score":1157,"play_id":"4e4e90ef-6f9d-4f72-9026-1d6e3f5f96bd","local_time":"20210216175637","is_ascension_mode":true,"campfire_choices":[{"data":"Darkness","floor":13.0,"key":"SMITH"},{"data":"Capacitor","floor":15.0,"key":"SMITH"},{"floor":23.0,"key":"REST"},{"floor":30.0,"key":"REST"},{"data":"Defragment","floor":32.0,"key":"SMITH"},{"floor":40.0,"key":"REST"},{"floor":46.0,"key":"REST"},{"floor":49,"key":"RECALL"}],"circlet_count":0,"master_deck":["AscendersBane","Defend_B+1","Defend_B+1","Defend_B+1","Defend_B+1","Zap","Dualcast","Barrage","Capacitor+1","Cold Snap+1","Glacier","FTL","Doom and Gloom","Ball Lightning","Darkness+1","Electrodynamics","Barrage","White Noise","Undo","Defragment+1","Biased Cognition","Coolheaded+1","Master of Strategy","Aggregate+1","Capacitor"],"relics":["Cracked Core","NeowsBlessing","Old Coin","FossilizedHelix","Ginger","Question Card","Ectoplasm","Shuriken","WarpedTongs","PreservedInsect","Centennial Puzzle","StrikeDummy","Empty Cage","StoneCalendar","Lantern"],"acts_visited":["Exordium","TheCity","TheBeyond"],"potions_floor_usage":[50],"damage_taken":[{"damage":0.0,"enemies":"2 Louse","floor":1.0,"turns":1.0},{"damage":0.0,"enemies":"Small Slimes","floor":4.0,"turns":1.0},{"damage":0.0,"enemies":"3 Sentries","floor":6.0,"turns":1.0},{"damage":0.0,"enemies":"Cultist","floor":7.0,"turns":3.0},{"damage":21.0,"enemies":"Gremlin Nob","floor":8.0,"turns":4.0},{"damage":7.0,"enemies":"Lagavulin","floor":10.0,"turns":5.0},{"damage":0.0,"enemies":"2 Fungi Beasts","floor":12.0,"turns":3.0},{"damage":23.0,"enemies":"Hexaghost","floor":16.0,"turns":8.0},{"damage":33.0,"enemies":"2 Thieves","floor":18.0,"turns":3.0},{"damage":12.0,"enemies":"Spheric Guardian","floor":21.0,"turns":5.0},{"damage":1.0,"enemies":"Chosen and Byrds","floor":25.0,"turns":4.0},{"damage":12.0,"enemies":"3 Cultists","floor":28.0,"turns":4.0},{"damage":39.0,"enemies":"Collector","floor":33.0,"turns":8.0},{"damage":0.0,"enemies":"3 Darklings","floor":35.0,"turns":3.0},{"damage":0.0,"enemies":"Orb Walker","floor":38.0,"turns":3.0},{"damage":34.0,"enemies":"3 Darklings","floor":39.0,"turns":5.0},{"damage":0.0,"enemies":"Nemesis","floor":41.0,"turns":7.0},{"damage":22.0,"enemies":"Reptomancer","floor":45.0,"turns":4.0},{"damage":23.0,"enemies":"Sphere and 2 Shapes","floor":47.0,"turns":5.0},{"damage":3.0,"enemies":"Jaw Worm Horde","floor":48.0,"turns":5.0},{"damage":46,"enemies":"Awakened One","floor":50,"turns":5}],"seed_played":"8496952374357281834","potions_obtained":[{"floor":1.0,"key":"Energy Potion"},{"floor":7.0,"key":"Strength Potion"},{"floor":12.0,"key":"PowerPotion"},{"floor":16.0,"key":"FairyPotion"},{"floor":47.0,"key":"Explosive Potion"}],"is_trial":false,"path_per_floor":["M","$","?","M","$","E","M","E","T","E","?","M","R","?","R","B",null,"M","T","?","M","$","R","?","M","T","?","M","?","R","$","R","B",null,"M","?","?","M","M","R","E","?","T","$","E","R","M","M","R","B"],"character_chosen":"DEFECT","items_purchased":["Capacitor","Cold Snap","PreservedInsect","Defragment","DistilledChaos"],"campfire_rested":4,"item_purchase_floors":[2,2,22,31,44],"current_hp_per_floor":[64,64,64,64,64,64,64,43,43,36,36,36,36,36,36,13,57,24,24,24,12,12,33,33,32,32,32,20,20,41,41,41,2,54,54,54,44,44,10,30,30,30,30,30,8,28,5,2,2,0,0],"gold":4,"neow_bonus":"THREE_ENEMY_KILL","is_daily":false,"chose_seed":false,"campfire_upgraded":3,"win_rate":0.0,"timestamp":1613523397,"path_taken":["M","$","?","M","$","E","M","E","T","E","?","?","R","?","R","BOSS","M","?","?","?","$","R","?","M","T","?","M","?","R","?","R","BOSS","M","?","?","M","M","R","E","?","T","$","E","R","?","M","R","BOSS"],"items_purchased_type":["Card","Card","Relic","Card","Potion"],"build_version":"2020-12-18","purchased_purges":1,"victory":false,"max_hp_per_floor":[71,71,71,71,71,71,71,71,71,71,71,71,71,71,71,71,71,71,71,71,71,71,71,71,71,71,71,71,71,71,71,71,71,71,71,67,67,67,67,67,67,67,67,67,67,67,67,67,67,67,67],"card_choices":[{"not_picked":["Steam Power","Rebound"],"picked":"Barrage","floor":1.0},{"not_picked":["Redo","White Noise"],"picked":"Glacier","floor":4.0},{"not_picked":["Redo","Stack"],"picked":"FTL","floor":6.0},{"not_picked":["Turbo","Gash","Barrage"],"picked":"SKIP","floor":7.0},{"not_picked":["Loop","Auto Shields"],"picked":"Doom and Gloom","floor":8.0},{"not_picked":["Stack","Steam Power"],"picked":"Ball Lightning","floor":10.0},{"not_picked":["Compile Driver","Creative AI","Streamline"],"picked":"Darkness","floor":12.0},{"not_picked":["Rainbow","Thunder Strike","Seek"],"picked":"Electrodynamics","floor":16.0},{"not_picked":["Rebound","BootSequence","Turbo+1","Redo"],"picked":"SKIP","floor":18.0},{"not_picked":["Conserve Battery","Beam Cell","Storm"],"picked":"Barrage","floor":21.0},{"not_picked":["Lockon","Coolheaded","Electrodynamics","Ball Lightning"],"picked":"SKIP","floor":25.0},{"not_picked":["Beam Cell","Barrage","Cold Snap"],"picked":"Undo","floor":28.0},{"not_picked":["Multi-Cast","Creative AI","Seek"],"picked":"Biased Cognition","floor":33.0},{"not_picked":["Auto Shields","Steam","Turbo"],"picked":"Coolheaded+1","floor":35.0},{"not_picked":["Enlightenment","Dark Shackles","Mind Blast"],"picked":"Master of Strategy","floor":37.0},{"not_picked":["Redo","Hologram","Steam Power"],"picked":"Aggregate+1","floor":38.0},{"not_picked":["Turbo","Stack","Darkness"],"picked":"Capacitor","floor":39.0},{"not_picked":["Beam Cell+1","All For One","Rebound+1","Recycle"],"picked":"SKIP","floor":41.0},{"not_picked":["Conserve Battery","Meteor Strike","Ball Lightning","Redo"],"picked":"SKIP","floor":45.0},{"not_picked":["Streamline+1","Reprogram","Rip and Tear","Rebound"],"picked":"SKIP","floor":47.0},{"not_picked":["Capacitor+1","White Noise","Beam Cell","Sunder"],"picked":"SKIP","floor":48.0}],"player_experience":2580998,"relics_obtained":[{"floor":6.0,"key":"Old Coin"},{"floor":8.0,"key":"FossilizedHelix"},{"floor":9.0,"key":"Ginger"},{"floor":10.0,"key":"Question Card"},{"floor":19.0,"key":"Shuriken"},{"floor":26.0,"key":"Centennial Puzzle"},{"floor":41.0,"key":"StoneCalendar"},{"floor":45.0,"key":"Lantern"}],"event_choices":[{"damage_healed":0.0,"max_hp_gain":0.0,"max_hp_loss":0.0,"gold_gain":0.0,"event_name":"Living Wall","player_choice":"Grow","floor":3.0,"gold_loss":0.0,"damage_taken":0.0,"cards_upgraded":["Cold Snap"]},{"damage_healed":0.0,"max_hp_gain":0.0,"max_hp_loss":0.0,"gold_gain":50.0,"event_name":"Golden Shrine","player_choice":"Pray","floor":11.0,"gold_loss":0.0,"damage_taken":0.0},{"damage_healed":0.0,"max_hp_gain":0.0,"max_hp_loss":0.0,"gold_gain":0.0,"event_name":"Match and Keep!","player_choice":"0 cards matched","floor":14.0,"gold_loss":0.0,"damage_taken":0.0,"cards_obtained":[]},{"damage_healed":0.0,"max_hp_gain":0.0,"max_hp_loss":0.0,"gold_gain":0.0,"event_name":"Accursed Blacksmith","player_choice":"Rummage","floor":20.0,"gold_loss":0.0,"damage_taken":0.0,"relics_obtained":["WarpedTongs"],"cards_obtained":["Pain"]},{"damage_healed":0.0,"max_hp_gain":0.0,"max_hp_loss":0.0,"gold_gain":0.0,"cards_transformed":["Strike_B","Strike_B"],"event_name":"Drug Dealer","player_choice":"Became Test Subject","floor":24.0,"gold_loss":0.0,"damage_taken":0.0,"cards_obtained":["White Noise","Sunder"]},{"damage_healed":0.0,"max_hp_gain":0.0,"max_hp_loss":0.0,"gold_gain":0.0,"event_name":"Addict","player_choice":"Obtained Relic","floor":27.0,"gold_loss":85.0,"damage_taken":0.0,"relics_obtained":["StrikeDummy"]},{"damage_healed":0.0,"max_hp_gain":0.0,"max_hp_loss":0.0,"gold_gain":0.0,"event_name":"Back to Basics","player_choice":"Simplicity","floor":29.0,"gold_loss":0.0,"damage_taken":0.0,"cards_upgraded":["Strike_B","Strike_B","Defend_B","Defend_B","Defend_B","Defend_B"]},{"damage_healed":0.0,"max_hp_gain":0.0,"max_hp_loss":4.0,"gold_gain":0.0,"event_name":"Winding Halls","player_choice":"Max HP","floor":36.0,"gold_loss":0.0,"damage_taken":0.0},{"damage_healed":0.0,"max_hp_gain":0.0,"max_hp_loss":0.0,"gold_gain":0.0,"event_name":"SensoryStone","player_choice":"Memory 3","floor":37.0,"gold_loss":0.0,"damage_taken":10.0},{"cards_removed":["Strike_B"],"damage_healed":0.0,"max_hp_gain":0.0,"max_hp_loss":0.0,"gold_gain":0.0,"event_name":"Purifier","player_choice":"Purged","floor":42.0,"gold_loss":0.0,"damage_taken":0.0}],"is_beta":true,"boss_relics":[{"not_picked":["Busted Crown","Philosopher\u0027s Stone"],"picked":"Ectoplasm"},{"not_picked":["Nuclear Battery","SacredBark"],"picked":"Empty Cage"}],"items_purged_floors":[22],"is_endless":false,"potions_floor_spawned":[1,7,12,16,21,28,33,35,47],"killed_by":"Awakened One","ascension_level":20}}