{"host":"2fgwwnzqc97k7iys","time":1613532139,"event":{"mods":["BaseMod","Colored Map","Minty Spire (QoL Compilation)","Quick Restart","Relic Stats"],"gold_per_floor":[119,44,62,77,94,94,121,121,145,170,170,70,89,105,105,202,202,215,215,215],"floor_reached":19,"language":"ENG","playtime":3719,"items_purged":["Injury","Strike_B"],"score":269,"play_id":"44687410-af26-413c-af69-58b550b727cc","local_time":"20210216212219","is_ascension_mode":true,"campfire_choices":[{"data":"Chaos","floor":6,"key":"SMITH"},{"data":"Zap","floor":8,"key":"SMITH"},{"data":"Coolheaded","floor":15,"key":"SMITH"}],"circlet_count":0,"master_deck":["AscendersBane","Zap+1","Dualcast","Capacitor","Conserve Battery","Conserve Battery","Chaos+1","Coolheaded+1","Ball Lightning","Buffer","Barrage","Electrodynamics","Ball Lightning","Multi-Cast","Compile Driver","Scrape","Double Energy","Glacier+1"],"relics":["Cracked Core","CaptainsWheel","Boot","Blood Vial","Potion Belt","Cables","Pandora\u0027s Box"],"acts_visited":["Exordium","TheCity"],"potions_floor_usage":[16],"damage_taken":[{"damage":2,"enemies":"Jaw Worm","floor":1,"turns":4},{"damage":1,"enemies":"Cultist","floor":3,"turns":3},{"damage":0,"enemies":"2 Louse","floor":4,"turns":3},{"damage":5,"enemies":"Exordium Wildlife","floor":5,"turns":6},{"damage":14,"enemies":"Gremlin Nob","floor":7,"turns":5},{"damage":15,"enemies":"Lagavulin","floor":10,"turns":10},{"damage":2,"enemies":"Large Slime","floor":13,"turns":6},{"damage":3,"enemies":"2 Fungi Beasts","floor":14,"turns":3},{"damage":24,"enemies":"Hexaghost","floor":16,"turns":10},{"damage":18,"enemies":"3 Byrds","floor":18,"turns":3},{"damage":0,"enemies":"Masked Bandits","floor":19,"turns":1}],"seed_played":"-6804145496091226649","potions_obtained":[{"floor":3,"key":"SteroidPotion"},{"floor":4,"key":"Ancient Potion"},{"floor":13,"key":"ColorlessPotion"},{"floor":16,"key":"CultistPotion"}],"is_trial":false,"path_per_floor":["M","$","M","M","M","R","E","R","T","E","?","$","M","M","R","B",null,"M","?"],"character_chosen":"DEFECT","items_purchased":[],"campfire_rested":0,"item_purchase_floors":[],"current_hp_per_floor":[66,66,65,65,60,60,46,46,46,33,33,33,33,32,32,10,59,43,45,45],"gold":215,"neow_bonus":"ONE_RARE_RELIC","is_daily":false,"chose_seed":false,"campfire_upgraded":3,"win_rate":0.0,"timestamp":1613532139,"path_taken":["M","$","M","M","M","R","E","R","T","E","?","$","M","M","R","BOSS","M","?"],"items_purchased_type":[],"build_version":"2020-12-22","purchased_purges":2,"victory":false,"max_hp_per_floor":[75,75,75,75,75,75,75,75,75,75,75,75,75,75,75,75,75,75,75,75],"relic_stats":{"Blood Vial":12,"counters":[11,54],"Pandora\u0027s Box":["Barrage","Electrodynamics","Ball Lightning","Multi-Cast","Compile Driver","Scrape","Double Energy"],"Boot":[16],"obtain_stats":[{"Blood Vial":9,"Potion Belt":10,"CaptainsWheel":0,"Pandora\u0027s Box":17,"Cracked Core":0,"Boot":7,"Cables":11},{"Blood Vial":5,"Potion Belt":6,"CaptainsWheel":0,"Pandora\u0027s Box":9,"Cracked Core":0,"Boot":5,"Cables":6},{"Blood Vial":21,"Potion Belt":31,"CaptainsWheel":0,"Pandora\u0027s Box":50,"Cracked Core":0,"Boot":21,"Cables":31}],"Cables":[20,15,1,3,1]},"card_choices":[{"not_picked":["Compile Driver","Beam Cell"],"picked":"Capacitor","floor":1},{"not_picked":["Sweeping Beam","Blizzard"],"picked":"Conserve Battery","floor":3},{"not_picked":["Turbo","Coolheaded"],"picked":"Conserve Battery","floor":4},{"not_picked":["Leap","Thunder Strike"],"picked":"Chaos","floor":5},{"not_picked":["Go for the Eyes","Rebound","Reprogram"],"picked":"SKIP","floor":7},{"not_picked":["Conserve Battery","Hologram"],"picked":"Coolheaded","floor":10},{"not_picked":["Force Field","Conserve Battery","Beam Cell"],"picked":"SKIP","floor":13},{"not_picked":["Beam Cell","Conserve Battery"],"picked":"Ball Lightning","floor":14},{"not_picked":["Creative AI","Amplify"],"picked":"Buffer","floor":16},{"not_picked":["Turbo","FTL"],"picked":"Glacier+1","floor":18}],"player_experience":598844,"relics_obtained":[{"floor":7,"key":"Boot"},{"floor":9,"key":"Blood Vial"},{"floor":10,"key":"Potion Belt"}],"event_choices":[{"damage_healed":0,"gold_gain":0,"player_choice":"Gave Potion","damage_taken":0,"relics_obtained":["Cables"],"max_hp_gain":0,"max_hp_loss":0,"event_name":"WeMeetAgain","floor":11,"gold_loss":0},{"damage_healed":0,"gold_gain":0,"player_choice":"Fought Bandits","damage_taken":0,"max_hp_gain":0,"max_hp_loss":0,"event_name":"Masked Bandits","floor":19,"gold_loss":0}],"is_beta":false,"boss_relics":[{"not_picked":["Velvet Choker","Runic Dome"],"picked":"Pandora\u0027s Box"}],"items_purged_floors":[2,12],"is_endless":false,"potions_floor_spawned":[3,4,13,16],"killed_by":"Masked Bandits","ascension_level":10}}