{"host":"6ggzka4dag2kvku2","time":1613574531,"event":{"mods":["AchievementEnabler","BaseMod","DeckTracker","Minty Spire (QoL Compilation)","Permanent Neow","Quick Restart","SuperFastMode"],"gold_per_floor":[111,36,52,67,67,108,127,127,150,173,173,173,192,192,192,316,316,302,320,320,166,185,185,185,185],"floor_reached":24,"language":"KOR","playtime":709,"items_purged":["Strike_R"],"score":198,"play_id":"3bc90fcf-7f8c-4d6d-9be0-7bc52f44dc3f","local_time":"20210218000851","is_ascension_mode":false,"campfire_choices":[{"data":"Barricade","floor":8,"key":"SMITH"},{"data":"Body Slam","floor":11,"key":"SMITH"},{"data":"Armaments","floor":15,"key":"SMITH"},{"data":"Entrench","floor":23,"key":"SMITH"}],"circlet_count":0,"master_deck":["Strike_R","Strike_R","Strike_R","Strike_R","Defend_R","Defend_R","Defend_R","Defend_R","Bash","Barricade+1","Flame Barrier+1","Fire Breathing","Body Slam+1","Battle Trance","Armaments+1","Reaper","Feel No Pain","Impervious","Entrench+1","Purity"],"relics":["Burning Blood","Golden Idol","Happy Flower","Centennial Puzzle","Runic Cube"],"acts_visited":["Exordium","TheCity"],"potions_floor_usage":[6,18,18,18,24],"damage_taken":[{"damage":0,"enemies":"Small Slimes","floor":1,"turns":3},{"damage":0,"enemies":"2 Louse","floor":3,"turns":4},{"damage":1,"enemies":"Cultist","floor":4,"turns":3},{"damage":25,"enemies":"3 Sentries","floor":6,"turns":6},{"damage":9,"enemies":"Blue Slaver","floor":7,"turns":5},{"damage":12,"enemies":"Looter","floor":10,"turns":4},{"damage":1,"enemies":"Large Slime","floor":13,"turns":6},{"damage":19,"enemies":"Slime Boss","floor":16,"turns":8},{"damage":15,"enemies":"2 Thieves","floor":18,"turns":4},{"damage":14,"enemies":"3 Byrds","floor":19,"turns":2},{"damage":8,"enemies":"Snake Plant","floor":22,"turns":6},{"damage":93,"enemies":"Slavers","floor":24,"turns":4}],"seed_played":"7457841996261845079","potions_obtained":[{"floor":4,"key":"ColorlessPotion"},{"floor":6,"key":"DistilledChaos"},{"floor":7,"key":"SneckoOil"},{"floor":10,"key":"Fire Potion"},{"floor":18,"key":"Fire Potion"},{"floor":19,"key":"AttackPotion"}],"is_trial":false,"path_per_floor":["M","$","M","M","?","E","M","R","T","M","R","?","M","?","R","B",null,"M","M","?","$","M","R","E"],"character_chosen":"IRONCLAD","items_purchased":["Entrench","Purity"],"campfire_rested":0,"item_purchase_floors":[21,21],"current_hp_per_floor":[62,62,68,73,53,34,31,31,31,25,25,25,30,56,56,43,80,80,72,72,72,70,70,0,0],"gold":185,"neow_bonus":"THREE_RARE_CARDS","is_daily":false,"chose_seed":false,"campfire_upgraded":4,"win_rate":0.0,"timestamp":1613574531,"path_taken":["M","$","M","M","?","E","M","R","T","M","R","?","?","?","R","BOSS","M","M","?","$","M","R","E"],"items_purchased_type":["Card","Card"],"build_version":"2020-12-22","purchased_purges":1,"victory":false,"max_hp_per_floor":[80,80,80,80,80,80,80,80,80,80,80,80,80,80,80,80,80,80,80,80,80,80,80,80,80],"card_choices":[{"not_picked":["Offering","Immolate"],"picked":"Barricade","floor":0},{"not_picked":["True Grit","Thunderclap"],"picked":"Flame Barrier","floor":1},{"not_picked":["Reckless Charge","Thunderclap","Dropkick"],"picked":"SKIP","floor":3},{"not_picked":["Sever Soul","Dark Embrace"],"picked":"Fire Breathing","floor":4},{"not_picked":["Clash","Bloodletting"],"picked":"Body Slam","floor":6},{"not_picked":["Sword Boomerang","Anger","Heavy Blade"],"picked":"SKIP","floor":7},{"not_picked":["Feed","Anger"],"picked":"Battle Trance","floor":10},{"not_picked":["Shrug It Off","Shockwave"],"picked":"Armaments","floor":13},{"not_picked":["Exhume","Offering"],"picked":"Reaper","floor":16},{"not_picked":["Warcry","Headbutt"],"picked":"Feel No Pain","floor":18},{"not_picked":["Shrug It Off","Clothesline","Battle Trance"],"picked":"SKIP","floor":19},{"not_picked":["Twin Strike","Inflame","Flex+1"],"picked":"SKIP","floor":22}],"player_experience":67501,"relics_obtained":[{"floor":6,"key":"Happy Flower"},{"floor":9,"key":"Centennial Puzzle"}],"event_choices":[{"damage_healed":0,"gold_gain":0,"player_choice":"Take Damage","damage_taken":20,"relics_obtained":["Golden Idol"],"max_hp_gain":0,"max_hp_loss":0,"event_name":"Golden Idol","floor":5,"gold_loss":0},{"damage_healed":0,"gold_gain":0,"player_choice":"Forge","damage_taken":0,"max_hp_gain":0,"max_hp_loss":0,"event_name":"Accursed Blacksmith","floor":12,"gold_loss":0,"cards_upgraded":["Flame Barrier"]},{"damage_healed":26,"gold_gain":0,"player_choice":"Banana","damage_taken":0,"max_hp_gain":0,"max_hp_loss":0,"event_name":"Big Fish","floor":14,"gold_loss":0},{"damage_healed":0,"gold_gain":0,"player_choice":"Read","damage_taken":0,"max_hp_gain":0,"max_hp_loss":0,"event_name":"The Library","floor":20,"gold_loss":0,"cards_obtained":["Impervious"]}],"is_beta":false,"boss_relics":[{"not_picked":["Busted Crown","Philosopher\u0027s Stone"],"picked":"Runic Cube"}],"items_purged_floors":[2],"is_endless":false,"potions_floor_spawned":[4,6,7,10,18,19],"killed_by":"Slavers","ascension_level":0}}