{"host":"d744ndivyohnro60","time":1613533845,"event":{"mods":["BaseMod","Bestiary","Colored Powertips","Minty Spire (QoL Compilation)","Relic Stats"],"gold_per_floor":[112,92,110,121,12,42,42,42,42,74,39,39,21,32,32,135,135,154,154,154,79,17,17,17],"floor_reached":23,"language":"ENG","playtime":725,"items_purged":[],"score":254,"play_id":"385af25c-cdad-4a74-82eb-a64bb0acc969","local_time":"20210216225045","is_ascension_mode":true,"campfire_choices":[{"floor":8,"key":"REST"},{"floor":15,"key":"REST"}],"circlet_count":0,"master_deck":["Strike_B","Strike_B","Defend_B","Defend_B","Defend_B","Defend_B","Zap","Dualcast","Tempest","Ball Lightning","Reinforced Body","Double Energy","Capacitor","Reinforced Body","FTL+1","Sweeping Beam+1","Hologram","Rainbow","Cold Snap+1","Defragment"],"relics":["Cracked Core","NeowsBlessing","Molten Egg 2","Vajra","Boot","The Courier","Coffee Dripper","Sundial"],"acts_visited":["Exordium","TheCity"],"potions_floor_usage":[6,6,7,16],"damage_taken":[{"damage":0,"enemies":"2 Louse","floor":1,"turns":1},{"damage":0,"enemies":"Cultist","floor":3,"turns":1},{"damage":0,"enemies":"Jaw Worm","floor":4,"turns":1},{"damage":33,"enemies":"3 Sentries","floor":6,"turns":5},{"damage":43,"enemies":"Gremlin Nob","floor":10,"turns":4},{"damage":0,"enemies":"Large Slime","floor":14,"turns":3},{"damage":17,"enemies":"Hexaghost","floor":16,"turns":7},{"damage":12,"enemies":"2 Thieves","floor":18,"turns":3},{"damage":66,"enemies":"Slavers","floor":23,"turns":5}],"seed_played":"-2252839039959074964","potions_obtained":[{"floor":1,"key":"CultistPotion"},{"floor":2,"key":"LiquidMemories"},{"floor":6,"key":"Fruit Juice"},{"floor":14,"key":"ColorlessPotion"},{"floor":16,"key":"PotionOfCapacity"}],"is_trial":false,"path_per_floor":["M","?","M","M","$","E","?","R","T","E","?","T","$","M","R","B",null,"M","?","?","?","$","E"],"character_chosen":"DEFECT","items_purchased":["Double Energy","Capacitor","Sweeping Beam+1","Defragment"],"campfire_rested":2,"item_purchase_floors":[5,5,13,22],"current_hp_per_floor":[68,68,68,68,68,35,33,57,57,14,34,34,34,34,58,41,70,58,58,58,58,58,0,0],"gold":17,"neow_bonus":"THREE_ENEMY_KILL","is_daily":false,"chose_seed":false,"campfire_upgraded":0,"win_rate":0.0,"timestamp":1613533845,"path_taken":["M","?","M","?","$","E","?","R","T","E","?","?","?","M","R","BOSS","M","?","?","?","$","E"],"items_purchased_type":["Card","Card","Card","Card"],"build_version":"2020-12-22","purchased_purges":0,"victory":false,"max_hp_per_floor":[75,75,75,75,75,75,80,80,80,80,80,80,80,80,80,80,80,80,80,80,80,80,80,80],"relic_stats":{"counters":[9,30],"Sundial":[0],"Boot":[0],"obtain_stats":[{"NeowsBlessing":0,"Sundial":19,"Vajra":9,"Molten Egg 2":6,"The Courier":12,"Coffee Dripper":17,"Cracked Core":0,"Boot":10},{"NeowsBlessing":0,"Sundial":8,"Vajra":4,"Molten Egg 2":4,"The Courier":5,"Coffee Dripper":7,"Cracked Core":0,"Boot":5},{"NeowsBlessing":0,"Sundial":25,"Vajra":8,"Molten Egg 2":8,"The Courier":12,"Coffee Dripper":22,"Cracked Core":0,"Boot":12}]},"card_choices":[{"not_picked":["Consume","Blizzard"],"picked":"Tempest","floor":1},{"not_picked":["Go for the Eyes","Beam Cell"],"picked":"Ball Lightning","floor":3},{"not_picked":["Turbo","Hologram"],"picked":"Reinforced Body","floor":4},{"not_picked":["Genetic Algorithm","Rainbow"],"picked":"Reinforced Body","floor":6},{"not_picked":["Compile Driver+1","Storm"],"picked":"FTL+1","floor":10},{"not_picked":["Coolheaded","Stack"],"picked":"Hologram","floor":14},{"not_picked":["Biased Cognition","Meteor Strike+1"],"picked":"Rainbow","floor":16},{"not_picked":["Rebound+1","Recycle"],"picked":"Cold Snap+1","floor":18}],"player_experience":234846,"relics_obtained":[{"floor":6,"key":"Molten Egg 2"},{"floor":9,"key":"Vajra"},{"floor":10,"key":"Boot"},{"floor":12,"key":"The Courier"}],"event_choices":[{"damage_healed":0,"gold_gain":0,"player_choice":"Bought 1 Potion","damage_taken":0,"max_hp_gain":0,"max_hp_loss":0,"event_name":"The Woman in Blue","floor":2,"gold_loss":0},{"cards_removed":["Strike_B"],"damage_healed":0,"gold_gain":0,"player_choice":"Card Removal","damage_taken":7,"max_hp_gain":0,"max_hp_loss":0,"event_name":"Golden Wing","floor":7,"gold_loss":0},{"damage_healed":20,"gold_gain":0,"player_choice":"Healed","damage_taken":0,"max_hp_gain":0,"max_hp_loss":0,"event_name":"The Cleric","floor":11,"gold_loss":35},{"damage_healed":0,"gold_gain":0,"player_choice":"Opened","damage_taken":0,"relics_obtained":["Sundial"],"max_hp_gain":0,"max_hp_loss":0,"event_name":"The Mausoleum","floor":19,"gold_loss":0,"cards_obtained":["Writhe"]},{"cards_removed":["Writhe"],"damage_healed":0,"gold_gain":0,"player_choice":"Elegance","damage_taken":0,"max_hp_gain":0,"max_hp_loss":0,"event_name":"Back to Basics","floor":20,"gold_loss":0},{"cards_removed":["Strike_B"],"damage_healed":0,"gold_gain":0,"player_choice":"Gave Gold","damage_taken":0,"max_hp_gain":0,"max_hp_loss":0,"event_name":"Beggar","floor":21,"gold_loss":75}],"is_beta":false,"boss_relics":[{"not_picked":["Busted Crown","Pandora\u0027s Box"],"picked":"Coffee Dripper"}],"items_purged_floors":[],"is_endless":false,"potions_floor_spawned":[1,6,14,16],"killed_by":"Slavers","ascension_level":6}}