{"host":"j4qkclqv5vixphzq","time":1613565870,"event":{"mods":["100% Spire Juice","Abigail Mod","Act Like it!","Arknights","BaseMod","CapriCore","Custom Start","Friendly Minions","GifTheSpireLib","GungeonMod","Hermit","Hero for Fun","KOR Keyword Fix","Kiyohime£¨?ýï£©","Lobotomy","Marisa£¨Ùöéë¡¡Øª×âÞÞ£©","Minty Spire (QoL Compilation)","Prisma Mod","StSLib","SuperFastMode","The Alterego","The Dragon Tamer","The Immortal","The Runesmith","Waifu the Spire","WarShipGirlsR/??á´Ò³R mod"],"gold_per_floor":[118,193,209,54,54,54,54],"floor_reached":6,"language":"KOR","playtime":272,"items_purged":[],"score":34,"play_id":"3064d9d8-1d75-4a01-9558-7b568649a92f","local_time":"20210217214430","is_ascension_mode":false,"campfire_choices":[],"circlet_count":0,"master_deck":["ats:Strike C","ats:Strike G","ats:Strike S","ats:Strike V","ats:Armor Crushing Shot","ats:Defend","ats:Defend","ats:Defend","ats:Defend","ats:Emotion Absorption","ats:Closed Bolt Burst Fire","ats:Assault Order","ats:Song Of Battle"],"relics":["ats:Sanity","CogitoBucket","DemoMod:GnawedKey","Golden Idol"],"acts_visited":["Exordium"],"potions_floor_usage":[6],"damage_taken":[{"damage":5.0,"enemies":"Small Slimes","floor":1.0,"turns":5.0},{"damage":9,"enemies":"Jaw Worm","floor":3,"turns":5},{"damage":35,"enemies":"Gremlin Nob","floor":6,"turns":3}],"seed_played":"6991248611028219367","potions_obtained":[{"floor":1,"key":"Explosive Potion"}],"is_trial":false,"path_per_floor":["M","?","M","$","?","E"],"character_chosen":"DOCTOR_CLASS","items_purchased":["DemoMod:GnawedKey","ats:Song Of Battle"],"campfire_rested":0,"item_purchase_floors":[4,4],"current_hp_per_floor":[67,56,47,47,29,0,0],"gold":54,"neow_bonus":"","is_daily":false,"chose_seed":false,"campfire_upgraded":0,"win_rate":0.0,"timestamp":1613565870,"path_taken":["M","?","M","$","?","E"],"items_purchased_type":["Relic","Card"],"build_version":"2020-12-22","purchased_purges":0,"victory":false,"max_hp_per_floor":[72,72,72,72,72,72,72],"card_choices":[{"not_picked":["ats:Overload","ats:Cat Scratch"],"picked":"ats:Closed Bolt Burst Fire","floor":1},{"not_picked":["WallGazer","BeautyBeast","OSAHOGD"],"picked":"Singing Bowl","floor":3},{"not_picked":["ats:Curse Doll","ats:Revitalization"],"picked":"ats:Assault Order","floor":3}],"player_experience":212573,"relics_obtained":[],"event_choices":[{"damage_healed":0,"gold_gain":75,"player_choice":"Gather Gold","damage_taken":11,"max_hp_gain":0,"max_hp_loss":0,"event_name":"World of Goop","floor":2,"gold_loss":0},{"damage_healed":0,"gold_gain":0,"player_choice":"Take Damage","damage_taken":18,"relics_obtained":["Golden Idol"],"max_hp_gain":0,"max_hp_loss":0,"event_name":"Golden Idol","floor":5,"gold_loss":0}],"is_beta":false,"boss_relics":[],"items_purged_floors":[],"is_endless":false,"potions_floor_spawned":[1],"killed_by":"Gremlin Nob","ascension_level":0}}