{"host":"ekyl8r8j8fco3zlk","time":1613572197,"event":{"mods":["Act Like it!","Arknights","BaseMod","CapriCore","Decade(王小明)","Dota2Spire","Friendly Minions","Gensokyo","Marisa（F雨　魔理沙）","Minty Spire (QoL Compilation)","READ ME - Guardian Mod","Rare Cards Sparkle","Reimu（博丽灵梦）","StSLib","The Alterego","The Immortal","The Jungle","The Senshi","TheWitcher","Waifu the Spire","WarShipGirlsR/战舰少女R mod","Yakumo Yukari mod","【遗物卡牌】REMEMod"],"gold_per_floor":[118,136,149,166,178,178,211,211,211,244,244,244,258,91,91,192,192,207,167,167,167,4,30,30,44,44,59,90,104,29,46,46,141,141,156,156,169,38,58,91,91,111,111,111,125,125,137,167,167,167,167,167,0,34,34,34],"floor_reached":55,"language":"ZHS","playtime":2406,"items_purged":["ats:Steam Pump"],"score":779,"play_id":"50c6c465-c565-4dc7-ae3d-4bd2194ffc06","local_time":"20210217222957","is_ascension_mode":false,"campfire_choices":[{"data":"ats:Part Time Job","floor":6.0,"key":"SMITH"},{"data":"ats:Armor Crushing Shot","floor":8.0,"key":"SMITH"},{"data":"ats:Emotion Absorption","floor":11.0,"key":"SMITH"},{"data":"ats:Flexible Camouflage","floor":15.0,"key":"SMITH"},{"data":"ats:Calcification","floor":24,"key":"SMITH"},{"data":"ats:Powerful Strike","floor":32,"key":"SMITH"},{"data":"ats:Serious Mode","floor":41,"key":"SMITH"},{"data":"ats:Durian","floor":44,"key":"SMITH"},{"floor":49,"key":"RECALL"},{"data":"ats:Cat Scratch","floor":52,"key":"SMITH"}],"circlet_count":0,"master_deck":["ats:Strike C","ats:Strike G","ats:Strike S","ats:Strike V","ats:Armor Crushing Shot+1","ats:Defend","ats:Defend+1","ats:Defend","ats:Defend+1","ats:Emotion Absorption+1","ats:Nebulous Foxfire","ats:Part Time Job+1","ats:Flexible Camouflage+1","ats:Sunburst","ats:Powerful Strike+1","ats:Consecutive Shot Auto","ats:Cat Scratch+1","ats:Calcification+1","ats:Beaten Up+1","ats:Overload","ats:Blood Oath+1","ats:Neurotoxin+1","ats:Red Shift+1","ats:Durian+1","ats:Revitalization+1","ats:Healing Drone+1","ats:Serious Mode+1","ats:Very Hot Blade+1","ats:Literary Storm+1","Parasite","ats:Directed Diagnosis","ats:Hammer On+1","ats:Leaping Hammer+1","REME_FirmDetermination","ats:Mental Burst+1"],"relics":["ats:Sanity","REME_ComplimentaryCards","ats:Originium","ats:Bonebreaker","Dead Branch","Bottled Lightning","Membership Card","Dota2Spire:RefresherOrb","ZunR:ReiMu","alterego_mod:SomeoneToFightFor","ats:Lavender","Dota2Spire:Mjollnir","Bottled Tornado","Dota2Spire:MantaStyle","Dota2Spire:UrnOfShadows","White Beast Statue","Dota2Spire:MonkeyKingBar","REME_HourglassOfDeath","War Paint"],"acts_visited":["Exordium","TheCity","TheBeyond","TheEnding"],"potions_floor_usage":[23,27,29,33,40,47,48,55],"damage_taken":[{"damage":10.0,"enemies":"ats:Genji","floor":1.0,"turns":4.0},{"damage":13.0,"enemies":"Jaw Worm","floor":2.0,"turns":7.0},{"damage":0.0,"enemies":"Small Slimes","floor":3.0,"turns":4.0},{"damage":16.0,"enemies":"Exordium Thugs","floor":4.0,"turns":3.0},{"damage":10.0,"enemies":"2 Fungi Beasts","floor":5.0,"turns":5.0},{"damage":24.0,"enemies":"3 Sentries","floor":7.0,"turns":8.0},{"damage":23.0,"enemies":"Lagavulin","floor":10.0,"turns":6.0},{"damage":15.0,"enemies":"Exordium Wildlife","floor":13.0,"turns":7.0},{"damage":25.0,"enemies":"Slime Boss","floor":16.0,"turns":11.0},{"damage":20.0,"enemies":"2 Thieves","floor":18.0,"turns":4.0},{"damage":76,"enemies":"Gremlin Leader","floor":23,"turns":6},{"damage":10,"enemies":"Chosen","floor":25,"turns":3},{"damage":4,"enemies":"Shelled Parasite and Fungi","floor":27,"turns":3},{"damage":25,"enemies":"REME_1_Revenger","floor":28,"turns":4},{"damage":21,"enemies":"Snake Plant","floor":29,"turns":3},{"damage":1,"enemies":"Cultist and Chosen","floor":31,"turns":4},{"damage":4,"enemies":"Automaton","floor":33,"turns":6},{"damage":31,"enemies":"3 Shapes","floor":35,"turns":3},{"damage":29,"enemies":"3 Darklings","floor":37,"turns":4},{"damage":29,"enemies":"Jaw Worm Horde","floor":39,"turns":2},{"damage":26,"enemies":"Giant Head","floor":40,"turns":6},{"damage":33,"enemies":"Writhing Mass","floor":42,"turns":5},{"damage":36,"enemies":"3 Darklings","floor":45,"turns":3},{"damage":33,"enemies":"Jaw Worm Horde","floor":47,"turns":3},{"damage":36,"enemies":"Reptomancer","floor":48,"turns":4},{"damage":57,"enemies":"Donu and Deca","floor":50,"turns":5},{"damage":55,"enemies":"Shield and Spear","floor":54,"turns":4},{"damage":82,"enemies":"The Heart","floor":55,"turns":3}],"seed_played":"831909759488889012","potions_obtained":[{"floor":1.0,"key":"Dexterity Potion"},{"floor":10.0,"key":"SkillPotion"},{"floor":12.0,"key":"SpeedPotion"},{"floor":12.0,"key":"Explosive Potion"},{"floor":18.0,"key":"Ancient Potion"},{"floor":25,"key":"Swift Potion"},{"floor":29,"key":"LiquidBronze"},{"floor":33,"key":"PowerPotion"},{"floor":39,"key":"SmokeBomb"},{"floor":42,"key":"MagicPotion:ReiMu"},{"floor":45,"key":"SkillPotion"},{"floor":47,"key":"BlessingOfTheForge"},{"floor":54,"key":"GrandPatriotsElixir:ReiMu"}],"is_trial":false,"path_per_floor":["M","M","M","M","M","R","E","R","T","E","R","?","M","$","R","B",null,"M","?","?","?","$","E","R","M","T","M","E","M","?","M","R","B",null,"M","?","M","$","M","E","R","M","T","R","M","?","M","E","R","B",null,"R","$","E","B"],"character_chosen":"DOCTOR_CLASS","items_purchased":["Membership Card","ats:Cat Scratch","ats:Lavender","ats:Overload","Dota2Spire:UrnOfShadows","ats:Serious Mode","REME_FirmDetermination","REME_HourglassOfDeath"],"campfire_rested":0,"item_purchase_floors":[14,14,22,22,38,38,53,53],"current_hp_per_floor":[64,72,72,58,63,63,64,64,64,54,54,54,64,64,64,63,72,54,54,54,72,72,16,16,20,20,28,25,21,21,37,37,70,72,46,46,63,63,61,69,69,72,72,72,44,44,28,68,68,48,72,72,72,46,0,0],"gold":34,"neow_bonus":"ONE_RANDOM_RARE_CARD","is_daily":false,"chose_seed":false,"campfire_upgraded":9,"win_rate":0.0,"timestamp":1613572197,"path_taken":["M","M","M","M","M","R","E","R","T","E","R","?","M","?","R","BOSS","M","?","?","?","$","E","R","M","T","M","E","?","?","M","R","BOSS","M","?","M","$","M","E","R","M","T","R","M","?","M","E","R","BOSS","R","$","E","BOSS"],"items_purchased_type":["Relic","Card","Relic","Card","Relic","Card","Card","Relic"],"build_version":"2020-12-22","purchased_purges":1,"victory":false,"max_hp_per_floor":[72,72,72,72,72,72,72,72,72,72,72,72,72,72,72,72,72,72,72,72,72,72,72,72,72,72,72,72,72,72,72,72,72,72,72,72,72,72,72,72,72,72,72,72,72,72,72,72,72,72,72,72,72,72,72,72],"card_choices":[{"not_picked":["ats:Curse Doll","ats:Very Hot Blade"],"picked":"ats:Part Time Job","floor":1.0},{"not_picked":["ats:Serious Mode","ats:Very Hot Blade"],"picked":"ats:Flexible Camouflage","floor":2.0},{"not_picked":["ats:Shell Defense","ats:Ignite"],"picked":"ats:Sunburst","floor":3.0},{"not_picked":["ats:Poison Spread","ats:Hammer On"],"picked":"ats:Steam Pump","floor":4.0},{"not_picked":["ats:Ignite","ats:Powerful Strike"],"picked":"ats:Collapsing Strike","floor":5.0},{"not_picked":["ats:Wolf Pack","ats:Apocalypse"],"picked":"ats:Powerful Strike","floor":7.0},{"not_picked":["ats:Powerful Strike","ats:Red Shift","ats:Revitalization"],"picked":"SKIP","floor":10.0},{"not_picked":["ats:Ignite","ats:Apocalypse"],"picked":"ats:Consecutive Shot Auto","floor":13.0},{"not_picked":["ats:Volcano","ats:Fractured Body"],"picked":"ats:Calcification","floor":16.0},{"not_picked":["ats:Absolute Focus+1","ats:Shadow Raid"],"picked":"ats:Beaten Up+1","floor":18.0},{"not_picked":["ats:Flexible Camouflage","ats:Rapid Magazine"],"picked":"ats:Blood Oath+1","floor":23},{"not_picked":["ats:Assault Order","ats:Ignite"],"picked":"ats:Neurotoxin+1","floor":25},{"not_picked":["ats:Flexible Camouflage+1","ats:Red Shift","ats:Disruption Kick"],"picked":"SKIP","floor":27},{"not_picked":["ats:Powerful Strike","ats:Blood Oath","ats:Ignite"],"picked":"SKIP","floor":28},{"not_picked":["ats:Poison Spread","ats:Closed Bolt Burst Fire"],"picked":"ats:Red Shift+1","floor":29},{"not_picked":["ats:Assault Order","ats:Absolute Focus"],"picked":"ats:Composite Medical Shells","floor":31},{"not_picked":["ats:Calcification","ats:Dogmatic Field"],"picked":"ats:Durian","floor":33},{"not_picked":["ats:Hammer On","ats:Collapsing Strike+1"],"picked":"ats:Revitalization+1","floor":35},{"not_picked":["ats:Poison Spread","ats:Cat Scratch+1"],"picked":"ats:Healing Drone+1","floor":37},{"not_picked":["ats:Leaping Hammer","ats:Flexible Camouflage"],"picked":"ats:Very Hot Blade+1","floor":39},{"not_picked":["ats:Absolute Focus","ats:Sunburst"],"picked":"ats:Literary Storm+1","floor":40},{"not_picked":["ats:Very Hot Blade+1","ats:Collapsing Strike+1","ats:Sunburst+1"],"picked":"SKIP","floor":42},{"not_picked":["ats:Consecutive Shot Auto+1","ats:Powerful Strike"],"picked":"ats:Directed Diagnosis","floor":45},{"not_picked":["ats:Sword Rain","ats:Blood Oath"],"picked":"ats:Hammer On+1","floor":47},{"not_picked":["ats:Volcano","ats:Thorns"],"picked":"ats:Leaping Hammer+1","floor":48},{"not_picked":["ats:Very Hot Blade+1","ats:Shell Defense"],"picked":"ats:Mental Burst+1","floor":54}],"player_experience":621181,"relics_obtained":[{"floor":7.0,"key":"ats:Originium"},{"floor":7.0,"key":"ats:Bonebreaker"},{"floor":9.0,"key":"Dead Branch"},{"floor":10.0,"key":"ats:Originium"},{"floor":10.0,"key":"Bottled Lightning"},{"floor":23,"key":"ats:Originium"},{"floor":23,"key":"Dota2Spire:Mjollnir"},{"floor":26,"key":"Bottled Tornado"},{"floor":28,"key":"ats:Originium"},{"floor":28,"key":"Dota2Spire:MantaStyle"},{"floor":40,"key":"White Beast Statue"},{"floor":48,"key":"Dota2Spire:MonkeyKingBar"},{"floor":54,"key":"War Paint"}],"event_choices":[{"damage_healed":0.0,"max_hp_gain":0.0,"max_hp_loss":0.0,"gold_gain":0.0,"event_name":"Lab","player_choice":"Got Potions","floor":12.0,"gold_loss":0.0,"damage_taken":0.0},{"damage_healed":0.0,"max_hp_gain":0.0,"max_hp_loss":0.0,"gold_gain":0.0,"event_name":"ZunEvent","player_choice":"购买神酒","floor":19.0,"gold_loss":40.0,"damage_taken":0.0,"relics_obtained":["ZunR:ReiMu"]},{"damage_healed":0.0,"max_hp_gain":0.0,"max_hp_loss":0.0,"gold_gain":0.0,"event_name":"爱的神圣花园","player_choice":"Choice 2","floor":20.0,"gold_loss":0.0,"damage_taken":0.0,"relics_obtained":["alterego_mod:SomeoneToFightFor"]},{"cards_removed":["ats:Collapsing Strike"],"damage_healed":18.0,"max_hp_gain":0.0,"max_hp_loss":0.0,"gold_gain":0.0,"event_name":"Bonfire Elementals","player_choice":"Offered Uncommon","floor":21.0,"gold_loss":0.0,"damage_taken":0.0},{"cards_removed":["ats:Steam Pump"],"damage_healed":0,"gold_gain":0,"player_choice":"Gave Gold","damage_taken":0,"max_hp_gain":0,"max_hp_loss":0,"event_name":"Beggar","floor":30,"gold_loss":75},{"cards_removed":["ats:Composite Medical Shells"],"damage_healed":0,"gold_gain":0,"player_choice":"Removed Power","damage_taken":0,"max_hp_gain":0,"max_hp_loss":0,"event_name":"Falling","floor":36,"gold_loss":0},{"damage_healed":0,"gold_gain":0,"player_choice":"Memory 1","damage_taken":0,"max_hp_gain":0,"max_hp_loss":0,"event_name":"SensoryStone","floor":46,"gold_loss":0}],"is_beta":false,"boss_relics":[{"not_picked":["ats:Tactical Delivery","Runic Pyramid"],"picked":"Dota2Spire:RefresherOrb"},{"not_picked":["Sozu","Velvet Choker","Runic Dome"]}],"items_purged_floors":[38],"is_endless":false,"potions_floor_spawned":[1,10,13,18,25,29,33,39,42,45,47,48,54],"killed_by":"The Heart","ascension_level":0}}