{"host":"0fd22hpf43j6tvvm","time":1613596558,"event":{"mods":["AchievementEnabler","BaseMod","Colored Map","Minty Spire (QoL Compilation)","Relic Stats"],"gold_per_floor":[118,43,60,70,70,100,110,110,110],"floor_reached":8,"language":"ENG","playtime":747,"items_purged":["Strike_G"],"score":81,"play_id":"4d8585c5-b491-45a2-94e7-1aecd0f87a6c","local_time":"20210217161558","is_ascension_mode":true,"campfire_choices":[],"circlet_count":0,"master_deck":["Strike_G","Strike_G","Strike_G","Strike_G","Defend_G","Defend_G","Defend_G","Defend_G","Survivor","Neutralize","A Thousand Cuts","Blur","Sucker Punch","Quick Slash","Underhanded Strike","Prepared"],"relics":["Ring of the Snake","White Beast Statue"],"acts_visited":["Exordium"],"potions_floor_usage":[7,8],"damage_taken":[{"damage":1,"enemies":"Small Slimes","floor":1,"turns":5},{"damage":13,"enemies":"Jaw Worm","floor":3,"turns":8},{"damage":0,"enemies":"2 Louse","floor":4,"turns":3},{"damage":43,"enemies":"3 Sentries","floor":6,"turns":11},{"damage":5,"enemies":"Lots of Slimes","floor":7,"turns":6},{"damage":4,"enemies":"Lagavulin","floor":8,"turns":5}],"seed_played":"-3710409719908611597","potions_obtained":[{"floor":1,"key":"LiquidMemories"},{"floor":3,"key":"FearPotion"},{"floor":6,"key":"DistilledChaos"},{"floor":7,"key":"SteroidPotion"}],"is_trial":false,"path_per_floor":["M","$","M","M","?","E","M","E"],"character_chosen":"THE_SILENT","items_purchased":[],"campfire_rested":0,"item_purchase_floors":[],"current_hp_per_floor":[62,62,49,49,49,6,1,0,0],"gold":110,"neow_bonus":"ONE_RANDOM_RARE_CARD","is_daily":false,"chose_seed":false,"campfire_upgraded":0,"win_rate":0.0,"timestamp":1613596558,"path_taken":["M","$","M","M","?","E","M","E"],"items_purchased_type":[],"build_version":"2020-12-22","purchased_purges":1,"victory":false,"max_hp_per_floor":[70,70,70,70,70,70,70,70,70],"relic_stats":{"counters":[6,38],"obtain_stats":[{"White Beast Statue":6,"Ring of the Snake":0},{"White Beast Statue":4,"Ring of the Snake":0},{"White Beast Statue":27,"Ring of the Snake":0}],"Ring of the Snake":[12]},"card_choices":[{"not_picked":["Underhanded Strike","Deflect"],"picked":"Blur","floor":1},{"not_picked":["Skewer","Bane"],"picked":"Sucker Punch","floor":3},{"not_picked":["Escape Plan","Reflex"],"picked":"Quick Slash","floor":4},{"not_picked":["Tools of the Trade","Infinite Blades","Night Terror"],"picked":"SKIP","floor":6},{"not_picked":["Sucker Punch","Slice"],"picked":"Prepared","floor":7}],"player_experience":582712,"relics_obtained":[{"floor":6,"key":"White Beast Statue"}],"event_choices":[{"damage_healed":0,"gold_gain":0,"cards_transformed":["Defend_G"],"player_choice":"Change","damage_taken":0,"max_hp_gain":0,"max_hp_loss":0,"event_name":"Living Wall","floor":5,"gold_loss":0,"cards_obtained":["Underhanded Strike"]}],"is_beta":false,"boss_relics":[],"items_purged_floors":[2],"is_endless":false,"potions_floor_spawned":[1,3,6,7],"killed_by":"Lagavulin","ascension_level":8}}