{"host":"98tf0o44tbkozlsr","time":1613581016,"event":{"mods":["BaseMod","Bestiary","Minty Spire (QoL Compilation)","Relic Stats","ojb\u0027s Info Mod"],"gold_per_floor":[115,133,183,200,216,216,242,242,289,323,333,333,349,112,112,184,184,199,199,210,125,125,154,154,184,184,184,184,196,196,228,228,299,299,311,377,169,219,269,302,302,20,20,70,70],"floor_reached":44,"language":"ENG","playtime":4963,"items_purged":["Strike_G","Strike_G"],"score":1054,"play_id":"4f66e897-7a15-41d5-99de-c205721fee70","local_time":"20210217085656","is_ascension_mode":true,"campfire_choices":[{"data":"Neutralize","floor":6.0,"key":"SMITH"},{"data":"Choke","floor":8.0,"key":"SMITH"},{"floor":12.0,"key":"REST"},{"data":"Malaise","floor":15.0,"key":"SMITH"},{"floor":24.0,"key":"REST"},{"data":"Wraith Form v2","floor":27.0,"key":"SMITH"},{"floor":32.0,"key":"REST"},{"floor":41,"key":"RECALL"}],"circlet_count":0,"master_deck":["AscendersBane","Strike_G","Strike_G","Strike_G+1","Defend_G","Defend_G","Defend_G","Defend_G","Defend_G","Survivor","Neutralize+1","Malaise+1","Choke+1","Dagger Throw","Poisoned Stab+1","Venomology","Blade Dance","Terror","Accuracy","Backflip","PiercingWail","Wraith Form v2+1","Cloak And Dagger","Footwork","Dagger Spray+1","Blade Dance","Well Laid Plans","Blade Dance","Backflip","After Image","Acrobatics"],"relics":["Ring of the Snake","StrikeDummy","PreservedInsect","Whetstone","Orrery","SlaversCollar","Potion Belt","MealTicket","Snake Skull","SsserpentHead","Nunchaku","Busted Crown","Bird Faced Urn","InkBottle","Gremlin Horn"],"acts_visited":["Exordium","TheCity","TheBeyond"],"potions_floor_usage":[40,40,40],"damage_taken":[{"damage":2.0,"enemies":"2 Louse","floor":1.0,"turns":5.0},{"damage":7.0,"enemies":"Cultist","floor":2.0,"turns":4.0},{"damage":0.0,"enemies":"Small Slimes","floor":4.0,"turns":4.0},{"damage":1.0,"enemies":"2 Fungi Beasts","floor":5.0,"turns":5.0},{"damage":29.0,"enemies":"Lagavulin","floor":7.0,"turns":7.0},{"damage":8.0,"enemies":"3 Sentries","floor":10.0,"turns":8.0},{"damage":0.0,"enemies":"Red Slaver","floor":11.0,"turns":1.0},{"damage":0.0,"enemies":"Large Slime","floor":13.0,"turns":4.0},{"damage":20.0,"enemies":"The Guardian","floor":16.0,"turns":13.0},{"damage":11.0,"enemies":"Chosen","floor":18.0,"turns":4.0},{"damage":1.0,"enemies":"Spheric Guardian","floor":20.0,"turns":7.0},{"damage":7.0,"enemies":"Book of Stabbing","floor":23.0,"turns":7.0},{"damage":19.0,"enemies":"Gremlin Leader","floor":25.0,"turns":6.0},{"damage":15.0,"enemies":"Chosen and Byrds","floor":29.0,"turns":10.0},{"damage":5.0,"enemies":"Slavers","floor":31.0,"turns":6.0},{"damage":20.0,"enemies":"Automaton","floor":33.0,"turns":10.0},{"damage":0.0,"enemies":"Orb Walker","floor":35.0,"turns":6.0},{"damage":29.0,"enemies":"3 Darklings","floor":36.0,"turns":6.0},{"damage":0,"enemies":"Giant Head","floor":40,"turns":6},{"damage":78,"enemies":"Transient","floor":44,"turns":6}],"seed_played":"-7966195739425360237","potions_obtained":[{"floor":2.0,"key":"EssenceOfSteel"},{"floor":5.0,"key":"FearPotion"},{"floor":7.0,"key":"CunningPotion"},{"floor":10.0,"key":"SpeedPotion"},{"floor":23.0,"key":"Regen Potion"},{"floor":31.0,"key":"FearPotion"},{"floor":33.0,"key":"GamblersBrew"}],"is_trial":false,"path_per_floor":["M","M","?","M","M","R","E","R","T","E","M","R","M","$","R","B",null,"M","?","M","?","?","E","R","E","T","R","?","M","?","E","R","B",null,"M","M","$","?","?","E","R","$","T","M"],"character_chosen":"THE_SILENT","items_purchased":["Orrery","Fruit Juice","InkBottle","Acrobatics"],"campfire_rested":3,"item_purchase_floors":[14,37,42,42],"current_hp_per_floor":[57,50,50,50,49,49,20,20,20,12,12,31,31,31,31,11,52,41,41,40,40,22,15,36,32,32,32,32,17,17,12,33,13,57,57,28,43,43,43,48,48,63,63,0,0],"gold":70,"neow_bonus":"ONE_RANDOM_RARE_CARD","is_daily":false,"chose_seed":false,"campfire_upgraded":4,"win_rate":0.0,"timestamp":1613581016,"path_taken":["M","M","?","?","M","R","E","R","T","E","M","R","M","?","R","BOSS","M","?","M","?","?","E","R","E","T","R","?","?","?","E","R","BOSS","M","?","$","?","?","E","R","?","T","?"],"items_purchased_type":["Relic","Potion","Relic","Card"],"build_version":"2020-12-22","purchased_purges":2,"victory":false,"max_hp_per_floor":[66,66,66,66,66,66,66,66,66,66,66,66,66,66,66,66,66,66,66,66,66,71,71,71,71,71,71,71,71,71,71,71,71,71,71,71,71,71,71,76,76,76,76,76,76],"relic_stats":{"Gremlin Horn":[0,0],"counters":[20,125],"PreservedInsect":295,"Snake Skull":[9],"Whetstone":["Poisoned Stab","Strike_G"],"SsserpentHead":250,"Nunchaku":[12],"Busted Crown":8,"Bird Faced Urn":[4],"MealTicket":30,"obtain_stats":[{"Potion Belt":21,"Gremlin Horn":43,"PreservedInsect":9,"Snake Skull":25,"Whetstone":10,"SlaversCollar":17,"SsserpentHead":30,"Nunchaku":31,"Busted Crown":34,"Bird Faced Urn":40,"Orrery":14,"MealTicket":23,"StrikeDummy":7,"InkBottle":42,"Ring of the Snake":0},{"Potion Belt":11,"Gremlin Horn":19,"PreservedInsect":5,"Snake Skull":13,"Whetstone":6,"SlaversCollar":9,"SsserpentHead":14,"Nunchaku":15,"Busted Crown":16,"Bird Faced Urn":19,"Orrery":8,"MealTicket":12,"StrikeDummy":5,"InkBottle":19,"Ring of the Snake":0},{"Potion Belt":62,"Gremlin Horn":119,"PreservedInsect":25,"Snake Skull":75,"Whetstone":33,"SlaversCollar":51,"SsserpentHead":85,"Nunchaku":91,"Busted Crown":101,"Bird Faced Urn":119,"Orrery":38,"MealTicket":69,"StrikeDummy":25,"InkBottle":119,"Ring of the Snake":0}],"InkBottle":[4],"Ring of the Snake":[40]},"card_choices":[{"not_picked":["Prepared","Dodge and Roll","Distraction"],"picked":"SKIP","floor":1.0},{"not_picked":["Acrobatics","Prepared"],"picked":"Choke","floor":2.0},{"not_picked":["Dodge and Roll","Infinite Blades","Acrobatics"],"picked":"SKIP","floor":4.0},{"not_picked":["Blur","Bouncing Flask"],"picked":"Dagger Throw","floor":5.0},{"not_picked":["Flechettes","Flying Knee"],"picked":"Poisoned Stab","floor":7.0},{"not_picked":["Choke","Bane"],"picked":"Venomology","floor":10.0},{"not_picked":["Outmaneuver","Deflect","Bouncing Flask"],"picked":"SKIP","floor":11.0},{"not_picked":["Caltrops","Setup"],"picked":"Blade Dance","floor":13.0},{"not_picked":["Backflip","Flying Knee"],"picked":"Terror","floor":14.0},{"not_picked":["Crippling Poison","Infinite Blades"],"picked":"Accuracy","floor":14.0},{"not_picked":["Eviscerate","Masterful Stab"],"picked":"Backflip","floor":14.0},{"not_picked":["Storm of Steel","Tactician"],"picked":"PiercingWail","floor":14.0},{"not_picked":["Die Die Die","Grand Finale"],"picked":"Wraith Form v2","floor":16.0},{"not_picked":["Noxious Fumes","Dodge and Roll"],"picked":"Cloak And Dagger","floor":18.0},{"not_picked":["Prepared","Deadly Poison"],"picked":"Dagger Spray+1","floor":20.0},{"not_picked":["Caltrops","Underhanded Strike+1"],"picked":"Blade Dance","floor":23.0},{"not_picked":["Unload","Poisoned Stab"],"picked":"Well Laid Plans","floor":25.0},{"not_picked":["Distraction","Reflex"],"picked":"Blade Dance","floor":29.0},{"not_picked":["Poisoned Stab","Storm of Steel"],"picked":"Backflip","floor":31.0},{"not_picked":["Phantasmal Killer","Corpse Explosion"],"picked":"After Image","floor":33.0},{"not_picked":["Escape Plan"],"picked":"SKIP","floor":35.0},{"not_picked":["Bouncing Flask"],"picked":"SKIP","floor":36.0},{"not_picked":["Flechettes"],"picked":"SKIP","floor":40}],"player_experience":951307,"relics_obtained":[{"floor":7.0,"key":"StrikeDummy"},{"floor":9.0,"key":"PreservedInsect"},{"floor":10.0,"key":"Whetstone"},{"floor":23.0,"key":"MealTicket"},{"floor":25.0,"key":"Snake Skull"},{"floor":31.0,"key":"Nunchaku"},{"floor":40,"key":"Bird Faced Urn"},{"floor":43,"key":"Gremlin Horn"}],"event_choices":[{"damage_healed":0.0,"max_hp_gain":0.0,"max_hp_loss":0.0,"gold_gain":50.0,"event_name":"Golden Shrine","player_choice":"Pray","floor":3.0,"gold_loss":0.0,"damage_taken":0.0},{"damage_healed":0.0,"max_hp_gain":0.0,"max_hp_loss":0.0,"gold_gain":0.0,"event_name":"The Library","player_choice":"Read","floor":19.0,"gold_loss":0.0,"damage_taken":0.0,"cards_obtained":["Footwork"]},{"damage_healed":0.0,"max_hp_gain":0.0,"max_hp_loss":0.0,"gold_gain":0.0,"event_name":"Addict","player_choice":"Obtained Relic","floor":21.0,"gold_loss":85.0,"damage_taken":0.0,"relics_obtained":["Potion Belt"]},{"damage_healed":0.0,"max_hp_gain":5.0,"max_hp_loss":0.0,"gold_gain":0.0,"event_name":"Forgotten Altar","player_choice":"Shed Blood","floor":22.0,"gold_loss":0.0,"damage_taken":23.0},{"damage_healed":0.0,"max_hp_gain":0.0,"max_hp_loss":0.0,"gold_gain":0.0,"event_name":"Match and Keep!","player_choice":"0 cards matched","floor":28.0,"gold_loss":0.0,"damage_taken":0.0,"cards_obtained":[]},{"damage_healed":0.0,"max_hp_gain":0.0,"max_hp_loss":0.0,"gold_gain":0.0,"event_name":"FaceTrader","player_choice":"Trade","floor":30.0,"gold_loss":0.0,"damage_taken":0.0,"relics_obtained":["SsserpentHead"]},{"damage_healed":0.0,"max_hp_gain":0.0,"max_hp_loss":0.0,"gold_gain":0.0,"event_name":"Tomb of Lord Red Mask","player_choice":"Ignored","floor":38.0,"gold_loss":0.0,"damage_taken":0.0},{"damage_healed":0,"gold_gain":0,"player_choice":"Memory 1","damage_taken":0,"max_hp_gain":0,"max_hp_loss":0,"event_name":"SensoryStone","floor":39,"gold_loss":0}],"is_beta":false,"boss_relics":[{"not_picked":["Tiny House","Empty Cage"],"picked":"SlaversCollar"},{"not_picked":["Velvet Choker","Runic Dome"],"picked":"Busted Crown"}],"items_purged_floors":[14,37],"is_endless":false,"potions_floor_spawned":[2,5,7,10,11,23,31,33],"killed_by":"Transient","ascension_level":20}}