{"host":"5pruifpvrxoc6ior","time":1613583128,"event":{"mods":["AchievementEnabler","Aspiration","BaseMod","Colored Map","Colored Powertips","Downfall","Googly Eyes","Hermit","Hubris","Jorbs\u0027s Wanderer Trilogy","Marisa????????","Minty Spire (QoL Compilation)","Quick Restart","Remilia??????","Replay The Spire","StSLib","SuperFastMode","The Bug Knight","The Cursed","The Disciple","The Hierophant","The Jungle","The Necromancer","The Servant 0.9.4"],"gold_per_floor":[111,111,111,33,52,66,92,106,141,164,129,77,47,73,91,91,91,91],"floor_reached":17,"language":"ENG","playtime":524,"items_purged":[],"score":165,"play_id":"be5bbc4e-1425-450d-bb3d-1d7d48c4c040","local_time":"20210217123208","is_ascension_mode":true,"campfire_choices":[],"circlet_count":0,"master_deck":["Strike_W","Strike_W","Strike_W","Strike_W","Defend_W","Defend_W","Defend_W","Defend_W","Negative_Energy_Arrows","Bone_Wall+1","Toxic_Smoke_Screen+1","Summon_Lich","Death_March_Dance","Negative_Energy_Shield+1","Slay_Living","Negative_Energy_Mist","Death_March_Dance","Bone_Prison","Negative_Energy_Shield","Spectral_Armor","Thousand_Bone_Knives","Spectral_Armor","Death_March_Dance"],"relics":["Vampire_Amulet","NeowsBlessing","Prayer Wheel","PreservedInsect","Anchor","Dream Catcher"],"acts_visited":["Exordium"],"potions_floor_usage":[17],"damage_taken":[{"damage":0,"enemies":"Small Slimes","floor":1,"turns":2},{"damage":0,"enemies":"2 Louse","floor":5,"turns":1},{"damage":0,"enemies":"Jaw Worm","floor":6,"turns":1},{"damage":14,"enemies":"Gremlin Nob","floor":7,"turns":6},{"damage":19,"enemies":"Blue Slaver","floor":8,"turns":4},{"damage":32,"enemies":"3 Sentries","floor":9,"turns":9},{"damage":3,"enemies":"Lagavulin","floor":14,"turns":7},{"damage":36,"enemies":"Large Slime","floor":15,"turns":8},{"damage":30,"enemies":"The Guardian","floor":17,"turns":6}],"seed_played":"2989840305111638594","potions_obtained":[{"floor":5,"key":"hexamod:SoulburnPotion"},{"floor":9,"key":"Doom Potion"},{"floor":15,"key":"Milkshake"}],"is_trial":false,"path_per_floor":["M","?","?","$","M","M","E","M","E","T","?","$","?","E","M","R_BF","B"],"character_chosen":"NECROMANCER","items_purchased":["Summon_Lich","Negative_Energy_Shield"],"campfire_rested":0,"item_purchase_floors":[4,12],"current_hp_per_floor":[75,75,75,75,75,75,63,46,20,20,38,38,38,37,5,27,0,0],"gold":91,"neow_bonus":"THREE_ENEMY_KILL","is_daily":false,"chose_seed":false,"campfire_upgraded":0,"win_rate":0.0,"timestamp":1613583128,"path_taken":["M","?","?","?","M","M","E","M","E","T","?","$","?","E","M","R_BF","BOSS"],"items_purchased_type":["Card","Card"],"build_version":"2020-12-22","purchased_purges":0,"victory":false,"max_hp_per_floor":[75,75,75,75,75,75,75,75,75,75,75,75,75,75,75,75,75,75],"card_choices":[{"not_picked":["Bones_to_Steel","Death_March_Dance"],"picked":"Toxic_Smoke_Screen","floor":1},{"not_picked":["Chill_Blood","Bone_Shift"],"picked":"Death_March_Dance","floor":5},{"not_picked":["Bone_Armory","Blood_Shield"],"picked":"Negative_Energy_Shield","floor":6},{"not_picked":["Blood_Shield","Negative_Energy_Sphere"],"picked":"Slay_Living","floor":7},{"not_picked":["Bone_Shift","Blood_Whip"],"picked":"Negative_Energy_Mist","floor":8},{"not_picked":["Blood_Whip","Negative_Energy_Javelin"],"picked":"Death_March_Dance","floor":8},{"not_picked":["Necrotic_Claws","Blood_Wake"],"picked":"Bone_Prison","floor":9},{"not_picked":["Negative_Energy_Mist","Shackles_Of_Pain"],"picked":"Spectral_Armor","floor":14},{"not_picked":["Blood_Whip","Death_Coil"],"picked":"Thousand_Bone_Knives","floor":15},{"not_picked":["Chill_Blood","Scare"],"picked":"Spectral_Armor","floor":15},{"not_picked":["Scare","Vampiric_Strike"],"picked":"Death_March_Dance","floor":16}],"player_experience":29245,"relics_obtained":[{"floor":7,"key":"Prayer Wheel"},{"floor":9,"key":"PreservedInsect"},{"floor":10,"key":"Anchor"},{"floor":14,"key":"Dream Catcher"}],"event_choices":[{"damage_healed":0,"gold_gain":0,"player_choice":"Grow","damage_taken":0,"max_hp_gain":0,"max_hp_loss":0,"event_name":"Living Wall","floor":3,"gold_loss":0,"cards_upgraded":["Bone_Wall"]},{"damage_healed":18,"gold_gain":0,"player_choice":"Healed","damage_taken":0,"max_hp_gain":0,"max_hp_loss":0,"event_name":"The Cleric","floor":11,"gold_loss":35},{"damage_healed":0,"gold_gain":0,"player_choice":"Left Gold","damage_taken":0,"max_hp_gain":0,"max_hp_loss":0,"event_name":"World of Goop","floor":13,"gold_loss":30}],"is_beta":false,"boss_relics":[],"items_purged_floors":[],"is_endless":false,"potions_floor_spawned":[5,9,15],"killed_by":"The Guardian","ascension_level":2}}