{"host":"8i4doyxqctgl5qb0","time":1613563501,"event":{"mods":["AchievementEnabler","BaseMod","Block Reminder","Colored Powertips","Downfall","Minty Spire (QoL Compilation)","Permanent Neow","Potion Indicator Mod","Rare Cards Sparkle","StSLib","SuperFastMode","The Jungle"],"gold_per_floor":[117,67,84,84,84,84,113,132,132,132,132,132,150,168,168,266,266,286,297,308,7,24,24,43,62,85,85,135,148,148,164,164,164,164],"floor_reached":33,"language":"ZHS","playtime":931,"items_purged":[],"score":442,"play_id":"bca210df-966b-4231-8a0c-874d71899e76","local_time":"20210217200501","is_ascension_mode":true,"campfire_choices":[{"data":"Juggernaut","floor":6.0,"key":"SMITH"},{"data":"Shrug It Off","floor":10.0,"key":"SMITH"},{"data":"Bash","floor":12.0,"key":"SMITH"},{"data":"Combust","floor":15.0,"key":"SMITH"},{"data":"Shrug It Off","floor":23.0,"key":"SMITH"},{"floor":27.0,"key":"REST"},{"floor":30,"key":"REST"},{"data":"Entrench","floor":32,"key":"SMITH"}],"circlet_count":0,"master_deck":["AscendersBane","Strike_R","Strike_R","Strike_R","Strike_R","Defend_R","Defend_R","Defend_R","Bash+1","Flex","Juggernaut+1","Shrug It Off+1","Burning Pact","Corruption","Purity","Flex","Combust+1","Immolate+1","Ghostly Armor","Shrug It Off+1","Shrug It Off","Rampage+1","Armaments","Entrench+1","True Grit"],"relics":["Burning Blood","NeowsBlessing","Molten Egg 2","Bottled Tornado","Ice Cream","SacredBark","Juzu Bracelet","ClockworkSouvenir","Potion Belt"],"acts_visited":["Exordium","TheCity"],"potions_floor_usage":[],"damage_taken":[{"damage":0.0,"enemies":"Jaw Worm","floor":1.0,"turns":1.0},{"damage":0.0,"enemies":"Small Slimes","floor":3.0,"turns":1.0},{"damage":0.0,"enemies":"3 Sentries","floor":7.0,"turns":2.0},{"damage":1.0,"enemies":"2 Louse","floor":8.0,"turns":3.0},{"damage":3.0,"enemies":"Lots of Slimes","floor":13.0,"turns":4.0},{"damage":9.0,"enemies":"Red Slaver","floor":14.0,"turns":3.0},{"damage":39.0,"enemies":"The Guardian","floor":16.0,"turns":15.0},{"damage":50.0,"enemies":"Shell Parasite","floor":18.0,"turns":5.0},{"damage":23.0,"enemies":"Spheric Guardian","floor":19.0,"turns":4.0},{"damage":23.0,"enemies":"Cultist and Chosen","floor":20.0,"turns":5.0},{"damage":27.0,"enemies":"3 Cultists","floor":22.0,"turns":4.0},{"damage":0.0,"enemies":"Snecko","floor":24.0,"turns":6.0},{"damage":33.0,"enemies":"Chosen and Byrds","floor":25.0,"turns":6.0},{"damage":35,"enemies":"Centurion and Healer","floor":29,"turns":5},{"damage":8,"enemies":"3 Cultists","floor":31,"turns":4},{"damage":72,"enemies":"Collector","floor":33,"turns":7}],"seed_played":"-4472105100291534440","potions_obtained":[{"floor":8.0,"key":"Explosive Potion"},{"floor":14.0,"key":"FairyPotion"},{"floor":16.0,"key":"Regen Potion"},{"floor":20.0,"key":"Swift Potion"},{"floor":25.0,"key":"LiquidBronze"},{"floor":31,"key":"LiquidBronze"}],"is_trial":false,"path_per_floor":["M","?","M","?","T","R","E","M","T","R","?","R","M","M","R","B",null,"M","M","M","$","M","R","M","M","T","R","?","M","R","M","R","B"],"character_chosen":"IRONCLAD","items_purchased":["Juzu Bracelet","ClockworkSouvenir"],"campfire_rested":2,"item_purchase_floors":[21,21],"current_hp_per_floor":[78,78,80,80,80,80,80,80,80,80,80,80,80,77,77,44,71,27,10,27,27,54,54,60,33,33,57,57,28,52,50,50,0,0],"gold":164,"neow_bonus":"THREE_ENEMY_KILL","is_daily":false,"chose_seed":false,"campfire_upgraded":6,"win_rate":0.0,"timestamp":1613563501,"path_taken":["M","?","M","?","?","R","E","M","T","R","?","R","M","M","R","BOSS","M","?","M","?","M","R","M","M","T","R","?","M","R","M","R","BOSS"],"items_purchased_type":["Relic","Relic"],"build_version":"2020-12-22","purchased_purges":0,"victory":false,"max_hp_per_floor":[80,80,80,80,80,80,80,80,80,80,80,80,80,80,80,80,80,80,80,80,80,80,80,80,80,80,80,80,80,80,80,80,80,80],"card_choices":[{"not_picked":["Havoc","Clash"],"picked":"Flex","floor":1.0},{"not_picked":["Clothesline","Anger","Thunderclap"],"picked":"SKIP","floor":3.0},{"not_picked":["Seeing Red","Perfected Strike+1"],"picked":"Shrug It Off","floor":7.0},{"not_picked":["Anger+1","Pommel Strike+1"],"picked":"Burning Pact","floor":8.0},{"not_picked":["Hemokinesis+1","Sword Boomerang+1"],"picked":"Flex","floor":13.0},{"not_picked":["Pommel Strike+1","Anger+1"],"picked":"Combust","floor":14.0},{"not_picked":["Brutality","Exhume"],"picked":"Immolate+1","floor":16.0},{"not_picked":["Intimidate","Pommel Strike+1","Warcry"],"picked":"SKIP","floor":18.0},{"not_picked":["Pummel+1","Carnage+1"],"picked":"Ghostly Armor","floor":19.0},{"not_picked":["Feel No Pain+1","Twin Strike+1"],"picked":"Shrug It Off","floor":20.0},{"not_picked":["Heavy Blade+1","Infernal Blade"],"picked":"Shrug It Off","floor":22.0},{"not_picked":["Headbutt+1","Sever Soul+1"],"picked":"Rampage+1","floor":24.0},{"not_picked":["Berserk","Wild Strike+1"],"picked":"Armaments","floor":25.0},{"not_picked":["Shockwave","Inflame"],"picked":"Entrench","floor":29},{"not_picked":["Sword Boomerang+1","Power Through"],"picked":"True Grit","floor":31}],"player_experience":282753,"relics_obtained":[{"floor":5.0,"key":"Molten Egg 2"},{"floor":7.0,"key":"Bottled Tornado"},{"floor":9.0,"key":"Ice Cream"},{"floor":26.0,"key":"Potion Belt"}],"event_choices":[{"cards_removed":["Strike_R"],"damage_healed":0.0,"max_hp_gain":0.0,"max_hp_loss":0.0,"gold_gain":0.0,"event_name":"The Cleric","player_choice":"Card Removal","floor":2.0,"gold_loss":50.0,"damage_taken":0.0},{"damage_healed":0.0,"max_hp_gain":0.0,"max_hp_loss":0.0,"gold_gain":0.0,"cards_transformed":["Defend_R"],"event_name":"Living Wall","player_choice":"Change","floor":4.0,"gold_loss":0.0,"damage_taken":0.0,"cards_obtained":["Juggernaut"]},{"damage_healed":0.0,"max_hp_gain":0.0,"max_hp_loss":0.0,"gold_gain":0.0,"event_name":"Match and Keep!","player_choice":"2 cards matched","floor":11.0,"gold_loss":0.0,"damage_taken":0.0,"cards_obtained":["Corruption","Purity"]},{"damage_healed":0.0,"max_hp_gain":0.0,"max_hp_loss":0.0,"gold_gain":100.0,"event_name":"The Joust","player_choice":"Bet on Murderer","floor":28.0,"gold_loss":50.0,"damage_taken":0.0}],"is_beta":false,"boss_relics":[{"not_picked":["Coffee Dripper","Cursed Key"],"picked":"SacredBark"}],"items_purged_floors":[],"is_endless":false,"potions_floor_spawned":[8,14,16,20,25,31],"killed_by":"Collector","ascension_level":12}}