{"host":"ifvrsrzj00f2ebkn","time":1613576315,"event":{"mods":["BaseMod","Colored Map","Colored Powertips","Minty Spire (QoL Compilation)","Random Character Button","Shop Mod","StSLib"],"gold_per_floor":[115,115,115,128,59,59,85,114,185,217,217,252,269,304,304,406,406,422,367,383,97,97,126,153,180,180,221,233,271,39,72,72,170,170,185,185,203,203,203],"floor_reached":38,"language":"ENG","playtime":4266,"items_purged":["Ball Lightning","Ball Lightning"],"score":905,"play_id":"638de978-64a1-4600-91e5-a377b2872462","local_time":"20210217233835","daily_mods":["SealedDeck","Red Cards","Colorless Cards","Heirloom","Time Dilation","Flight","DeadlyEvents","Elite Swarm"],"is_ascension_mode":true,"campfire_choices":[{"data":"Leap","floor":6,"key":"SMITH"},{"floor":11,"key":"REST"},{"data":"Hyperbeam","floor":15,"key":"SMITH"},{"data":"Apotheosis","floor":28,"key":"SMITH"},{"data":"Leap","floor":32,"key":"SMITH"}],"circlet_count":0,"master_deck":["Streamline","Cleave","Leap+1","Armaments+1","Leap+1","Shrug It Off","Rampage","BootSequence","Hyperbeam+1","Reaper","Combust","Apotheosis+1","Writhe","Panache"],"relics":["Cracked Core","Gambling Chip","Dream Catcher","HornCleat","Gremlin Horn","Pantograph","Cursed Key","MerchantsRug","Vajra","Du-Vu Doll","Blue Candle","Matryoshka","Oddly Smooth Stone","MawBank","Bird Faced Urn","Bottled Lightning","MealTicket","Ornamental Fan","Black Star"],"acts_visited":["Exordium","TheCity","TheBeyond"],"potions_floor_usage":[33,33,33,38,38],"damage_taken":[{"damage":0,"enemies":"Jaw Worm","floor":1,"turns":2},{"damage":0,"enemies":"Cultist","floor":4,"turns":2},{"damage":3,"enemies":"Gremlin Nob","floor":7,"turns":3},{"damage":13,"enemies":"3 Sentries","floor":8,"turns":5},{"damage":11,"enemies":"Gremlin Nob","floor":10,"turns":5},{"damage":0,"enemies":"Lagavulin","floor":12,"turns":4},{"damage":0,"enemies":"Small Slimes","floor":13,"turns":1},{"damage":0,"enemies":"Gremlin Nob","floor":14,"turns":3},{"damage":16,"enemies":"The Guardian","floor":16,"turns":9},{"damage":0,"enemies":"Shell Parasite","floor":18,"turns":3},{"damage":0,"enemies":"Chosen","floor":20,"turns":4},{"damage":2,"enemies":"Slavers","floor":23,"turns":2},{"damage":2,"enemies":"Gremlin Leader","floor":24,"turns":4},{"damage":21,"enemies":"Book of Stabbing","floor":25,"turns":5},{"damage":3,"enemies":"Gremlin Leader","floor":27,"turns":5},{"damage":10,"enemies":"Book of Stabbing","floor":29,"turns":5},{"damage":7,"enemies":"Gremlin Leader","floor":31,"turns":5},{"damage":63,"enemies":"Champ","floor":33,"turns":9},{"damage":3,"enemies":"Orb Walker","floor":35,"turns":4},{"damage":1,"enemies":"3 Darklings","floor":37,"turns":2},{"damage":141,"enemies":"Giant Head","floor":38,"turns":10}],"seed_played":"-7486926592707293533","potions_obtained":[{"floor":7,"key":"PotionOfCapacity"},{"floor":8,"key":"FairyPotion"},{"floor":10,"key":"SteroidPotion"},{"floor":16,"key":"SteroidPotion"},{"floor":23,"key":"PowerPotion"},{"floor":29,"key":"Strength Potion"},{"floor":33,"key":"SkillPotion"}],"is_trial":true,"path_per_floor":["M","?","?","M","$","R","E","E","T","E","R","E","M","E","R","B",null,"M","?","M","$","?","E","E","E","T","E","R","E","$","E","R","B",null,"M","?","M","E"],"character_chosen":"DEFECT","items_purchased":["BootSequence","MerchantsRug","Combust","Vajra","MealTicket"],"campfire_rested":1,"item_purchase_floors":[5,21,21,21,30],"current_hp_per_floor":[68,61,61,61,61,61,58,45,45,34,56,56,56,56,56,62,72,72,72,75,75,75,73,71,55,55,59,59,57,57,68,68,12,59,67,67,70,0,0],"gold":203,"neow_bonus":"","is_daily":false,"chose_seed":false,"campfire_upgraded":4,"win_rate":0.0,"timestamp":1613576315,"path_taken":["M","?","?","?","?","R","?","E","T","E","R","E","M","E","R","BOSS","M","?","?","$","?","E","E","E","T","E","R","E","$","?","R","BOSS","M","?","?","?"],"items_purchased_type":["Card","Relic","Card","Relic","Relic"],"build_version":"2020-12-22","purchased_purges":2,"victory":false,"max_hp_per_floor":[75,75,75,75,75,75,75,75,75,75,75,75,75,75,75,75,75,75,75,75,75,75,75,75,75,75,75,75,75,75,75,75,75,75,75,71,71,71,71],"card_choices":[{"not_picked":["Second Wind","Genetic Algorithm"],"picked":"Rampage","floor":1},{"not_picked":["Headbutt","Coolheaded","Pommel Strike"],"picked":"SKIP","floor":4},{"not_picked":["Sadistic Nature","Metamorphosis"],"picked":"Hyperbeam","floor":7},{"not_picked":["Impervious","Core Surge","Demon Form"],"picked":"SKIP","floor":8},{"not_picked":["Rainbow","Impervious","Violence"],"picked":"SKIP","floor":10},{"not_picked":["Exhume","Magnetism","Biased Cognition"],"picked":"SKIP","floor":12},{"not_picked":["Shrug It Off","Panacea","Iron Wave"],"picked":"SKIP","floor":13},{"not_picked":["Limit Break","Seek"],"picked":"Reaper","floor":14},{"not_picked":["Clothesline+1","Wild Strike","Thunderclap"],"picked":"SKIP","floor":18},{"not_picked":["Blood for Blood","Pummel","Heavy Blade"],"picked":"SKIP","floor":20},{"not_picked":["Amplify","Fiend Fire"],"picked":"Apotheosis","floor":23},{"not_picked":["Brutality","Impervious","Metamorphosis"],"picked":"SKIP","floor":24},{"not_picked":["Sadistic Nature","Master of Strategy","The Bomb"],"picked":"SKIP","floor":25},{"not_picked":["Immolate","Thunder Strike","Metamorphosis"],"picked":"SKIP","floor":27},{"not_picked":["Buffer","Thinking Ahead","Offering"],"picked":"SKIP","floor":29},{"not_picked":["Sadistic Nature","The Bomb","Limit Break"],"picked":"SKIP","floor":31},{"not_picked":["Offering","Exhume"],"picked":"Panache","floor":33},{"not_picked":["Armaments+1","Double Energy+1","Warcry"],"picked":"SKIP","floor":35},{"not_picked":["Beam Cell+1","Perfected Strike+1","Barrage+1"],"picked":"SKIP","floor":37}],"player_experience":119711,"relics_obtained":[{"floor":7,"key":"Dream Catcher"},{"floor":8,"key":"HornCleat"},{"floor":9,"key":"InkBottle"},{"floor":10,"key":"TungstenRod"},{"floor":12,"key":"Gremlin Horn"},{"floor":14,"key":"Pantograph"},{"floor":23,"key":"Du-Vu Doll"},{"floor":24,"key":"Blue Candle"},{"floor":25,"key":"Matryoshka"},{"floor":26,"key":"Oddly Smooth Stone"},{"floor":26,"key":"MawBank"},{"floor":27,"key":"Bird Faced Urn"},{"floor":29,"key":"Bottled Lightning"},{"floor":31,"key":"Ornamental Fan"}],"event_choices":[{"cards_removed":["Flash of Steel"],"damage_healed":0,"gold_gain":0,"player_choice":"Card Removal","damage_taken":7,"max_hp_gain":0,"max_hp_loss":0,"event_name":"Golden Wing","floor":2,"gold_loss":0},{"damage_healed":0,"gold_gain":0,"player_choice":"Forge","damage_taken":0,"max_hp_gain":0,"max_hp_loss":0,"event_name":"Accursed Blacksmith","floor":3,"gold_loss":0,"cards_upgraded":["Armaments"]},{"damage_healed":0,"gold_gain":0,"player_choice":"Paid Gold","damage_taken":0,"relics_obtained":["Potion Belt"],"max_hp_gain":0,"max_hp_loss":0,"event_name":"WeMeetAgain","floor":19,"gold_loss":55},{"cards_removed":["Ball Lightning"],"damage_healed":0,"gold_gain":0,"player_choice":"Purged","damage_taken":0,"max_hp_gain":0,"max_hp_loss":0,"event_name":"Purifier","floor":22,"gold_loss":0},{"damage_healed":0,"gold_gain":0,"player_choice":"Max HP","damage_taken":0,"max_hp_gain":0,"max_hp_loss":4,"event_name":"Winding Halls","floor":36,"gold_loss":0}],"is_beta":false,"boss_relics":[{"not_picked":["Tiny House","Astrolabe"],"picked":"Cursed Key"},{"not_picked":["Nuclear Battery","Inserter"],"picked":"Black Star"}],"items_purged_floors":[21,30],"is_endless":false,"potions_floor_spawned":[7,8,10,16,23,29,31,33],"killed_by":"Giant Head","ascension_level":9}}