{"host":"5agrj1fd4s00r127","time":1613587459,"event":{"mods":["BaseMod","Minty Spire (QoL Compilation)","StSLib"],"gold_per_floor":[110,128,140,44,44,44,70,70,70,85,114,129,148,148,148,247,297,310,310,310,329,348,377,377,404,404,404,100,100,100,111,111,111,111],"floor_reached":33,"language":"RUS","playtime":1302,"items_purged":["Strike_B"],"score":295,"play_id":"8fd54651-5a05-46c4-a7c9-3957cab35aed","local_time":"20210217204419","is_ascension_mode":false,"campfire_choices":[{"data":"Beam Cell","floor":6,"key":"SMITH"},{"floor":15,"key":"REST"},{"floor":24,"key":"REST"},{"data":"Seek","floor":27,"key":"SMITH"},{"floor":32,"key":"REST"}],"circlet_count":0,"master_deck":["Strike_B","Strike_B","Strike_B","Defend_B","Defend_B","Defend_B","Defend_B","Zap+1","Dualcast","Hologram","Beam Cell+1","Conserve Battery","Rebound","Melter","Steam Power","Streamline","Go for the Eyes","Seek+1","Steam","Genetic Algorithm+1","Scrape","Fission","Gash","FTL","Beam Cell","Gash","FTL","Gash","Turbo+1","All For One+1","Reprogram","Writhe","Steam+1"],"relics":["Cracked Core","NeowsBlessing","Prayer Wheel","Shuriken","Gremlin Horn","Sundial","Tiny House","Molten Egg 2","Nunchaku","Mummified Hand","Anchor","MealTicket"],"acts_visited":["Exordium","TheCity"],"potions_floor_usage":[11,13,16,16,21,22,23,23,25],"damage_taken":[{"damage":0,"enemies":"Cultist","floor":1,"turns":1},{"damage":0,"enemies":"Small Slimes","floor":2,"turns":1},{"damage":0,"enemies":"2 Louse","floor":3,"turns":1},{"damage":24,"enemies":"Lagavulin","floor":7,"turns":8},{"damage":0,"enemies":"Large Slime","floor":10,"turns":4},{"damage":9,"enemies":"Gremlin Nob","floor":11,"turns":3},{"damage":4,"enemies":"Blue Slaver","floor":12,"turns":2},{"damage":6,"enemies":"Exordium Wildlife","floor":13,"turns":4},{"damage":26,"enemies":"The Guardian","floor":16,"turns":6},{"damage":0,"enemies":"Spheric Guardian","floor":18,"turns":2},{"damage":9,"enemies":"2 Thieves","floor":21,"turns":3},{"damage":10,"enemies":"Snake Plant","floor":22,"turns":3},{"damage":9,"enemies":"Book of Stabbing","floor":23,"turns":3},{"damage":22,"enemies":"Slavers","floor":25,"turns":4},{"damage":15,"enemies":"Snecko","floor":31,"turns":5},{"damage":53,"enemies":"Collector","floor":33,"turns":3}],"seed_played":"1752558581999791562","potions_obtained":[{"floor":7,"key":"BlessingOfTheForge"},{"floor":10,"key":"Fire Potion"},{"floor":11,"key":"Strength Potion"},{"floor":12,"key":"Weak Potion"},{"floor":13,"key":"BlessingOfTheForge"},{"floor":17,"key":"Block Potion"},{"floor":18,"key":"AttackPotion"},{"floor":21,"key":"PowerPotion"},{"floor":22,"key":"Explosive Potion"}],"is_trial":false,"path_per_floor":["M","M","M","$","?","R","E","?","T","M","E","M","M","?","R","B",null,"M","?","?","M","M","E","R","E","T","R","$","T","?","M","R","B"],"character_chosen":"DEFECT","items_purchased":["Rebound","Melter","All For One+1","Reprogram"],"campfire_rested":3,"item_purchase_floors":[4,4,28,28],"current_hp_per_floor":[75,75,75,75,75,75,51,51,51,51,42,38,32,32,54,28,80,80,80,65,56,46,37,62,40,40,40,40,40,40,25,50,0,0],"gold":111,"neow_bonus":"THREE_ENEMY_KILL","is_daily":false,"chose_seed":false,"campfire_upgraded":2,"win_rate":0.0,"timestamp":1613587459,"path_taken":["M","M","M","$","?","R","E","?","T","M","E","?","?","?","R","BOSS","M","?","?","M","M","E","R","E","T","R","?","?","?","M","R","BOSS"],"items_purchased_type":["Card","Card","Card","Card"],"build_version":"2020-12-22","purchased_purges":1,"victory":false,"max_hp_per_floor":[75,75,75,75,75,75,75,75,75,75,75,75,75,75,75,75,80,80,80,85,85,85,85,85,85,85,85,85,85,85,85,85,85,85],"card_choices":[{"not_picked":["Cold Snap","Reinforced Body"],"picked":"Hologram","floor":1},{"not_picked":["Reprogram","Conserve Battery"],"picked":"Beam Cell","floor":2},{"not_picked":["Coolheaded","Capacitor"],"picked":"Conserve Battery","floor":3},{"not_picked":["Sunder","Blizzard"],"picked":"Steam Power","floor":7},{"not_picked":["Recycle","White Noise"],"picked":"Streamline","floor":10},{"not_picked":["Static Discharge","Hologram"],"picked":"Go for the Eyes","floor":10},{"not_picked":["Tempest","Redo"],"picked":"Seek","floor":11},{"not_picked":["Aggregate","Steam Power"],"picked":"Steam","floor":12},{"not_picked":["Cold Snap","Hologram","Loop"],"picked":"SKIP","floor":12},{"not_picked":["Undo","Aggregate"],"picked":"Genetic Algorithm","floor":13},{"not_picked":["Double Energy","Lockon"],"picked":"Scrape","floor":13},{"not_picked":["Meteor Strike","Creative AI"],"picked":"Fission","floor":16},{"not_picked":["Ball Lightning","Hologram"],"picked":"Gash","floor":17},{"not_picked":["Undo","Coolheaded+1"],"picked":"FTL","floor":18},{"not_picked":["Aggregate+1","Capacitor"],"picked":"Beam Cell","floor":18},{"not_picked":["Reinforced Body","Cold Snap"],"picked":"FTL","floor":21},{"not_picked":["Cold Snap+1","Barrage","Melter"],"picked":"SKIP","floor":21},{"not_picked":["Stack","Tempest"],"picked":"Gash","floor":22},{"not_picked":["Ball Lightning+1","Compile Driver+1","Beam Cell"],"picked":"SKIP","floor":22},{"not_picked":["Multi-Cast","Blizzard+1","Compile Driver+1"],"picked":"SKIP","floor":23},{"not_picked":["Redo+1","Conserve Battery"],"picked":"Turbo+1","floor":25},{"not_picked":["Reinforced Body+1","Hello World"],"picked":"Steam+1","floor":31},{"not_picked":["Stack","Chill","Rainbow"],"picked":"SKIP","floor":31}],"player_experience":34757,"relics_obtained":[{"floor":7,"key":"Shuriken"},{"floor":9,"key":"Gremlin Horn"},{"floor":11,"key":"Sundial"},{"floor":23,"key":"Molten Egg 2"},{"floor":25,"key":"Nunchaku"},{"floor":26,"key":"Mummified Hand"},{"floor":29,"key":"Anchor"}],"event_choices":[{"damage_healed":0,"gold_gain":0,"player_choice":"Box","damage_taken":0,"relics_obtained":["Prayer Wheel"],"max_hp_gain":0,"max_hp_loss":0,"event_name":"Big Fish","floor":5,"gold_loss":0,"cards_obtained":["Regret"]},{"cards_removed":["Regret"],"damage_healed":0,"gold_gain":0,"player_choice":"Removed Curses","damage_taken":0,"max_hp_gain":0,"max_hp_loss":0,"event_name":"Fountain of Cleansing","floor":8,"gold_loss":0},{"damage_healed":0,"gold_gain":0,"player_choice":"Grow","damage_taken":0,"max_hp_gain":0,"max_hp_loss":0,"event_name":"Living Wall","floor":14,"gold_loss":0,"cards_upgraded":["Genetic Algorithm"]},{"damage_healed":0,"gold_gain":0,"player_choice":"Read","damage_taken":0,"max_hp_gain":0,"max_hp_loss":0,"event_name":"The Library","floor":19,"gold_loss":0,"cards_obtained":["Gash"]},{"damage_healed":0,"gold_gain":0,"player_choice":"Shed Blood","damage_taken":20,"max_hp_gain":5,"max_hp_loss":0,"event_name":"Forgotten Altar","floor":20,"gold_loss":0},{"damage_healed":0,"gold_gain":0,"player_choice":"Opened","damage_taken":0,"relics_obtained":["MealTicket"],"max_hp_gain":0,"max_hp_loss":0,"event_name":"The Mausoleum","floor":30,"gold_loss":0,"cards_obtained":["Writhe"]}],"is_beta":false,"boss_relics":[{"not_picked":["Ectoplasm","Inserter"],"picked":"Tiny House"}],"items_purged_floors":[28],"is_endless":false,"potions_floor_spawned":[7,10,11,12,13,18,21,22],"killed_by":"Collector","ascension_level":0}}