{"host":"vyjryxuuuxkt43k4","time":1613559072,"event":{"mods":["AchievementEnabler","BaseMod","Colored Map","DeckTracker","Keyboard Shortcuts","Minty Spire (QoL Compilation)","Permanent Neow","Quick Restart","StSLib","SuperFastMode","everything is the same but u backflip on backflip"],"gold_per_floor":[218,237,49,64,64,64,91,103,141,78,115,141,173,185,197,283,295,324,336,263,275,287,299,336,366,404,416,444,456,494,524,536,548,548],"floor_reached":33,"language":"KOR","playtime":1798,"items_purged":["Strike_G"],"score":546,"play_id":"f1dc91ab-1152-4671-a6d5-6172512e2f25","local_time":"20210217195112","is_ascension_mode":true,"campfire_choices":[{"data":"Masterful Stab","floor":6.0,"key":"SMITH"},{"data":"Blade Dance","floor":8,"key":"SMITH"},{"data":"A Thousand Cuts","floor":15,"key":"SMITH"},{"floor":23,"key":"REST"},{"data":"Wraith Form v2","floor":29,"key":"SMITH"},{"floor":32,"key":"REST"}],"circlet_count":0,"master_deck":["AscendersBane","Strike_G+1","Strike_G+1","Defend_G","Defend_G","Defend_G","Defend_G","Survivor","Neutralize","Well Laid Plans","Masterful Stab+1","All Out Attack","Blade Dance+1","Finisher","Dodge and Roll","A Thousand Cuts+1","Wraith Form v2+1","Footwork","Escape Plan","Noxious Fumes","Dagger Throw","Tactician","Concentrate","Backflip"],"relics":["Ring of the Snake","MawBank","Smiling Mask","Whetstone","Philosopher\u0027s Stone","Nilry\u0027s Codex","Ornamental Fan","Bronze Scales","Blood Vial","Blue Candle"],"acts_visited":["Exordium","TheCity"],"potions_floor_usage":[7,7,16,16,17,28],"damage_taken":[{"damage":1.0,"enemies":"Jaw Worm","floor":1.0,"turns":6.0},{"damage":0.0,"enemies":"2 Louse","floor":2.0,"turns":4.0},{"damage":4.0,"enemies":"Small Slimes","floor":4.0,"turns":5.0},{"damage":6,"enemies":"Gremlin Nob","floor":7,"turns":3},{"damage":27,"enemies":"Lagavulin","floor":11,"turns":6},{"damage":1,"enemies":"2 Fungi Beasts","floor":12,"turns":3},{"damage":0,"enemies":"Blue Slaver","floor":13,"turns":3},{"damage":16,"enemies":"Hexaghost","floor":16,"turns":8},{"damage":20,"enemies":"Shell Parasite","floor":18,"turns":5},{"damage":0,"enemies":"Chosen","floor":25,"turns":5},{"damage":27,"enemies":"Snake Plant","floor":28,"turns":4},{"damage":12,"enemies":"Book of Stabbing","floor":30,"turns":6},{"damage":6,"enemies":"Centurion and Healer","floor":31,"turns":5},{"damage":50,"enemies":"Champ","floor":33,"turns":13}],"seed_played":"5914782522028618424","potions_obtained":[{"floor":7,"key":"CultistPotion"},{"floor":11,"key":"Poison Potion"},{"floor":16,"key":"Fruit Juice"},{"floor":18,"key":"Poison Potion"}],"is_trial":false,"path_per_floor":["M","M","$","M","?","R","E","R","T","?","E","M","M","?","R","B",null,"M","?","?","?","?","R","T","M","T","?","M","R","E","M","R","B"],"character_chosen":"THE_SILENT","items_purchased":["FearPotion","ColorlessPotion"],"campfire_rested":2,"item_purchase_floors":[3,3],"current_hp_per_floor":[58,58,58,54,54,54,48,48,48,48,21,20,20,20,20,4,56,36,15,15,15,29,50,50,50,50,50,25,25,15,11,32,0,0],"gold":548,"neow_bonus":"HUNDRED_GOLD","is_daily":false,"chose_seed":false,"campfire_upgraded":4,"win_rate":0.0,"timestamp":1613559072,"path_taken":["M","M","$","M","?","R","E","R","T","?","E","M","M","?","R","BOSS","M","?","?","?","?","R","?","M","T","?","M","R","E","M","R","BOSS"],"items_purchased_type":["Potion","Potion"],"build_version":"2020-12-22","purchased_purges":1,"victory":false,"max_hp_per_floor":[66,66,66,66,66,66,66,66,66,66,66,66,66,66,66,66,71,71,71,71,71,71,71,71,71,71,71,71,71,71,71,71,71,71],"card_choices":[{"not_picked":["Acrobatics","Escape Plan"],"picked":"Well Laid Plans","floor":1.0},{"not_picked":["Quick Slash","Distraction"],"picked":"Masterful Stab","floor":2.0},{"not_picked":["Dagger Throw","Accuracy"],"picked":"All Out Attack","floor":4.0},{"not_picked":["Backstab","Poisoned Stab"],"picked":"Blade Dance","floor":7},{"not_picked":["Blade Dance","Deflect"],"picked":"Finisher","floor":11},{"not_picked":["Sucker Punch","Cloak And Dagger"],"picked":"Dodge and Roll","floor":12},{"not_picked":["Well Laid Plans","Slice"],"picked":"A Thousand Cuts","floor":13},{"not_picked":["A Thousand Cuts","Envenom"],"picked":"Wraith Form v2","floor":16},{"not_picked":["Bane","Distraction+1"],"picked":"Footwork","floor":18},{"not_picked":["Sucker Punch","Dagger Spray"],"picked":"Dagger Throw","floor":25},{"not_picked":["Underhanded Strike","Sucker Punch"],"picked":"Tactician","floor":28},{"not_picked":["Tactician","Sucker Punch+1"],"picked":"Concentrate","floor":30},{"not_picked":["Accuracy","Dagger Spray"],"picked":"Backflip","floor":31}],"player_experience":1018186,"relics_obtained":[{"floor":7,"key":"MawBank"},{"floor":9,"key":"Smiling Mask"},{"floor":11,"key":"Whetstone"},{"floor":19,"key":"Nilry\u0027s Codex"},{"floor":24,"key":"Bronze Scales"},{"floor":26,"key":"Blood Vial"},{"floor":30,"key":"Blue Candle"}],"event_choices":[{"damage_healed":0.0,"max_hp_gain":0.0,"max_hp_loss":0.0,"gold_gain":0.0,"event_name":"Shining Light","player_choice":"Ignored","floor":5.0,"gold_loss":0.0,"damage_taken":0.0},{"cards_removed":["Strike_G"],"damage_healed":0,"gold_gain":0,"player_choice":"Card Removal","damage_taken":0,"max_hp_gain":0,"max_hp_loss":0,"event_name":"The Cleric","floor":10,"gold_loss":75},{"damage_healed":0,"gold_gain":0,"player_choice":"Ignored","damage_taken":0,"max_hp_gain":0,"max_hp_loss":0,"event_name":"Liars Game","floor":14,"gold_loss":0},{"damage_healed":0,"gold_gain":0,"player_choice":"Obtained Book","damage_taken":21,"max_hp_gain":0,"max_hp_loss":0,"event_name":"Cursed Tome","floor":19,"gold_loss":0},{"damage_healed":0,"gold_gain":0,"player_choice":"Obtained Relic","damage_taken":0,"relics_obtained":["Ornamental Fan"],"max_hp_gain":0,"max_hp_loss":0,"event_name":"Addict","floor":20,"gold_loss":85},{"damage_healed":0,"gold_gain":0,"cards_transformed":["Strike_G","Defend_G"],"player_choice":"Became Test Subject","damage_taken":0,"max_hp_gain":0,"max_hp_loss":0,"event_name":"Drug Dealer","floor":21,"gold_loss":0,"cards_obtained":["Escape Plan","Noxious Fumes"]},{"damage_healed":14,"gold_gain":0,"player_choice":"Heal","damage_taken":0,"max_hp_gain":0,"max_hp_loss":0,"event_name":"The Library","floor":22,"gold_loss":0},{"damage_healed":0,"gold_gain":0,"player_choice":"Ignored","damage_taken":0,"max_hp_gain":0,"max_hp_loss":0,"event_name":"Vampires","floor":27,"gold_loss":0}],"is_beta":false,"boss_relics":[{"not_picked":["Black Star","SacredBark"],"picked":"Philosopher\u0027s Stone"}],"items_purged_floors":[3],"is_endless":false,"potions_floor_spawned":[7,11,16,18],"killed_by":"Champ","ascension_level":20}}