{"host":"a1eatafr7pisesky","time":1613565939,"event":{"mods":["AchievementEnabler","BaseMod","Colored Map","Keyboard Shortcuts","Minty Spire (QoL Compilation)","Say the Spire","StSLib","SuperFastMode","everything is the same but u backflip on backflip"],"gold_per_floor":[119,40,190,204,204,237,5,5,5,5,35,54,4,15,15,90,90,102,113,113,13,27,27,27,27,50,70,81,81,22,22,22],"floor_reached":31,"language":"KOR","playtime":607,"items_purged":["Doubt","Strike_R"],"score":474,"play_id":"877b7111-82e8-4a8b-8b9a-87bb7713d27b","local_time":"20210217214539","is_ascension_mode":true,"campfire_choices":[{"data":"Blood for Blood","floor":8.0,"key":"SMITH"},{"data":"Blood for Blood","floor":15.0,"key":"SMITH"},{"floor":23.0,"key":"REST"},{"data":"Barricade","floor":25.0,"key":"SMITH"},{"floor":29.0,"key":"REST"}],"circlet_count":0,"master_deck":["AscendersBane","Strike_R","Strike_R+1","Defend_R","Defend_R","Defend_R","Defend_R","Bash+1","Anger","Blood for Blood+1","Fire Breathing","Entrench","Blood for Blood+1","Shrug It Off","Second Wind","Barricade+1","Impervious","Seeing Red","Body Slam","Entrench","Shrug It Off"],"relics":["Burning Blood","Pocketwatch","Happy Flower","Lee\u0027s Waffle","Kunai","Blue Candle","Empty Cage","Whetstone"],"acts_visited":["Exordium","TheCity"],"potions_floor_usage":[],"damage_taken":[{"damage":20.0,"enemies":"Small Slimes","floor":1.0,"turns":5.0},{"damage":14.0,"enemies":"Jaw Worm","floor":4.0,"turns":3.0},{"damage":42.0,"enemies":"Lagavulin","floor":6.0,"turns":6.0},{"damage":8.0,"enemies":"Gremlin Nob","floor":11.0,"turns":3.0},{"damage":6.0,"enemies":"Cultist","floor":12.0,"turns":3.0},{"damage":14.0,"enemies":"Large Slime","floor":14.0,"turns":5.0},{"damage":38.0,"enemies":"Hexaghost","floor":16.0,"turns":8.0},{"damage":0.0,"enemies":"Chosen","floor":18.0,"turns":4.0},{"damage":34.0,"enemies":"2 Thieves","floor":19.0,"turns":4.0},{"damage":42.0,"enemies":"Snake Plant","floor":22.0,"turns":6.0},{"damage":0.0,"enemies":"Cultist and Chosen","floor":27.0,"turns":6.0},{"damage":30.0,"enemies":"Centurion and Healer","floor":28.0,"turns":8.0},{"damage":74,"enemies":"Book of Stabbing","floor":31,"turns":6}],"seed_played":"4326009563908110322","potions_obtained":[{"floor":1.0,"key":"LiquidMemories"},{"floor":4.0,"key":"FairyPotion"},{"floor":12.0,"key":"DuplicationPotion"},{"floor":18.0,"key":"LiquidMemories"},{"floor":22.0,"key":"Strength Potion"}],"is_trial":false,"path_per_floor":["M","$","?","M","?","E","$","R","T","$","E","M","$","M","R","B",null,"M","M","?","$","M","R","?","R","T","M","M","R","$","E"],"character_chosen":"IRONCLAD","items_purchased":["Blood for Blood","Lee\u0027s Waffle","Shrug It Off","Shrug It Off"],"campfire_rested":2,"item_purchase_floors":[2,7,13,30],"current_hp_per_floor":[54,54,54,46,51,15,80,80,80,80,78,78,78,70,70,38,70,76,48,48,48,12,36,36,36,36,42,18,42,42,0,0],"gold":22,"neow_bonus":"ONE_RARE_RELIC","is_daily":false,"chose_seed":false,"campfire_upgraded":3,"win_rate":0.0,"timestamp":1613565939,"path_taken":["M","$","?","M","?","E","$","R","T","$","E","M","?","M","R","BOSS","M","M","?","$","M","R","?","R","T","?","M","R","$","E"],"items_purchased_type":["Card","Relic","Card","Card"],"build_version":"2020-12-22","purchased_purges":2,"victory":false,"max_hp_per_floor":[68,68,68,68,73,73,80,80,80,80,80,80,80,80,80,80,80,80,80,80,80,80,80,80,80,80,80,80,80,80,80,80],"card_choices":[{"not_picked":["Power Through","Heavy Blade"],"picked":"Anger","floor":1.0},{"not_picked":["Flame Barrier","Cleave"],"picked":"Fire Breathing","floor":4.0},{"not_picked":["Armaments","Heavy Blade","Perfected Strike"],"picked":"SKIP","floor":6.0},{"not_picked":["Wild Strike","Havoc"],"picked":"Entrench","floor":11.0},{"not_picked":["Reckless Charge","Pummel"],"picked":"Blood for Blood","floor":12.0},{"not_picked":["Rage","Clothesline"],"picked":"Second Wind","floor":14.0},{"not_picked":["Double Tap","Juggernaut"],"picked":"Barricade","floor":16.0},{"not_picked":["Heavy Blade","True Grit","Anger"],"picked":"SKIP","floor":18.0},{"not_picked":["Rupture","Armaments","Pummel"],"picked":"SKIP","floor":19.0},{"not_picked":["Dark Embrace","Perfected Strike+1"],"picked":"Seeing Red","floor":22.0},{"not_picked":["Anger+1","Dropkick+1"],"picked":"Entrench","floor":27.0},{"not_picked":["Body Slam","Reaper","Intimidate+1"],"picked":"SKIP","floor":28.0}],"player_experience":462327,"relics_obtained":[{"floor":6.0,"key":"Happy Flower"},{"floor":9.0,"key":"Kunai"},{"floor":11.0,"key":"Blue Candle"},{"floor":26.0,"key":"Whetstone"}],"event_choices":[{"damage_healed":0.0,"max_hp_gain":0.0,"max_hp_loss":0.0,"gold_gain":150.0,"event_name":"Liars Game","player_choice":"AGREE","floor":3.0,"gold_loss":0.0,"damage_taken":0.0,"cards_obtained":["Doubt"]},{"damage_healed":0.0,"max_hp_gain":5.0,"max_hp_loss":0.0,"gold_gain":0.0,"event_name":"Big Fish","player_choice":"Donut","floor":5.0,"gold_loss":0.0,"damage_taken":0.0},{"damage_healed":0.0,"max_hp_gain":0.0,"max_hp_loss":0.0,"gold_gain":0.0,"event_name":"The Library","player_choice":"Read","floor":20.0,"gold_loss":0.0,"damage_taken":0.0,"cards_obtained":["Impervious"]},{"damage_healed":0.0,"max_hp_gain":0.0,"max_hp_loss":0.0,"gold_gain":0.0,"event_name":"Match and Keep!","player_choice":"1 cards matched","floor":24.0,"gold_loss":0.0,"damage_taken":0.0,"cards_obtained":["Body Slam"]}],"is_beta":false,"boss_relics":[{"not_picked":["Snecko Eye","Astrolabe"],"picked":"Empty Cage"}],"items_purged_floors":[7,21],"is_endless":false,"potions_floor_spawned":[1,4,12,18,22],"killed_by":"Book of Stabbing","ascension_level":19}}