{"host":"ox77rn1xcurm2t5a","time":1613606049,"event":{"mods":["2.2 Compatiblity","AchievementEnabler","Act Like it!","Aspiration","BaseMod","Best Route Mod","Better Match","Better Note","Better Sensory Stone","Block Reminder","Colored Map","Colored Powertips","Conjunction","Conspire","Custom Start","Energized Spire","GifTheSpireLib","Gold Saver","Gremlin Skip","Halation","Highlight Path","Hubris","Infinite Spire","Minty Spire (QoL Compilation)","Pale of the Ancients","Quick Restart","Replay The Spire","Reworked Bosses","ShortenTheSpire","Spire Exporter","StSLib","Stuff the Spire","Wandering Minibosses"],"gold_per_floor":[3676,2928,2928,2963,2981,2981,3012,3012,3012,3045,3045,3080,3080,3096,3096,3191,3191,3204,3204,3204,3304,3324,3324,3324],"floor_reached":23,"language":"ENG","playtime":1034,"items_purged":["Strike_R"],"score":322,"play_id":"8c68453e-8b7c-47c4-aeae-edd362514a16","local_time":"20210218015409","is_ascension_mode":true,"campfire_choices":[{"floor":6,"key":"RECALL"},{"data":"Pummel","floor":8,"key":"SMITH"},{"data":"Sword Boomerang","floor":11,"key":"SMITH"},{"data":"Thunderclap","floor":13,"key":"SMITH"},{"data":"Swift Strike","floor":15,"key":"SMITH"}],"circlet_count":0,"master_deck":["Berserk+1","Strike_R","Strike_R","Strike_R","Strike_R","Defend_R","Defend_R","Defend_R","Defend_R","Bash+1","Thunderclap+1","Swift Strike+1","Clash","Pummel+1","Sword Boomerang+1","CurseOfTheBell","Flex"],"relics":["Burning Blood","Boot","StuffTheSpire:Gunfinga","Juzu Bracelet","OrangePellets","StuffTheSpire:MayFlowers","StuffTheSpire:Nightcore","InkBottle","halation:LettersToHer","Calling Bell","infinitespire:Beetle Shell","Shuriken","StuffTheSpire:BottledHeartBeat","halation:Sosunser"],"acts_visited":["Exordium","TheCity"],"potions_floor_usage":[4,7,10,10],"damage_taken":[{"damage":5,"enemies":"Small Slimes","floor":1,"turns":3},{"damage":20,"enemies":"conspire:MimicChest","floor":4,"turns":5},{"damage":0,"enemies":"Cultist","floor":5,"turns":3},{"damage":0,"enemies":"Gremlin Nob","floor":7,"turns":3},{"damage":12,"enemies":"3 Sentries","floor":10,"turns":2},{"damage":15,"enemies":"Lagavulin","floor":12,"turns":3},{"damage":0,"enemies":"2 Louse","floor":14,"turns":1},{"damage":36,"enemies":"Hexaghost","floor":16,"turns":6},{"damage":18,"enemies":"2 Thieves","floor":18,"turns":3},{"damage":13,"enemies":"3 Byrds","floor":22,"turns":4},{"damage":55,"enemies":"Slavers","floor":23,"turns":3}],"seed_played":"692963996406536374","potions_obtained":[{"floor":1,"key":"Strength Potion"},{"floor":4,"key":"Block Potion"},{"floor":14,"key":"ElixirPotion"}],"is_trial":false,"path_per_floor":["M","$","?","?","M","R","E","R","T","E","R","E","R","M","R","B",null,"M","AVR","?","?","M","E"],"character_chosen":"IRONCLAD","items_purchased":["StuffTheSpire:Gunfinga","Juzu Bracelet","OrangePellets","Strength Potion","Swift Strike","LiquidMemories"],"campfire_rested":0,"item_purchase_floors":[2,2,2,2,2,2],"current_hp_per_floor":[73,73,73,59,65,65,71,71,71,65,65,56,56,62,62,35,69,57,57,57,57,50,0,0],"gold":3324,"neow_bonus":"RANDOM_COMMON_RELIC","is_daily":false,"chose_seed":false,"campfire_upgraded":4,"win_rate":0.0,"timestamp":1613606049,"path_taken":["M","$","?","?","M","R","E","R","T","E","R","E","R","M","R","BOSS","M","AVR","?","?","M","E"],"items_purchased_type":["Relic","Relic","Relic","Potion","Card","Potion"],"build_version":"2020-12-22","purchased_purges":1,"victory":false,"max_hp_per_floor":[80,80,80,80,80,80,80,80,80,80,80,80,80,80,80,80,80,80,80,80,80,80,80,80],"card_choices":[{"not_picked":["Pummel","ReplayTheSpireMod:LeadingStrike"],"picked":"Thunderclap","floor":1},{"not_picked":["Shrug It Off","Wild Strike"],"picked":"Clash","floor":5},{"not_picked":["StuffTheSpire:Slingshot","Sword Boomerang"],"picked":"Pummel","floor":7},{"not_picked":["hubris:ReadiedAction","Dual Wield"],"picked":"Sword Boomerang","floor":10},{"not_picked":["Impervious","Body Slam","ReplayTheSpireMod:Limb From Limb"],"picked":"SKIP","floor":12},{"not_picked":["ReplayTheSpireMod:Strike From Hell","Fire Breathing","StuffTheSpire:Incineration"],"picked":"SKIP","floor":14},{"not_picked":["Replay:Undeath\u0027s Touch","Sword Boomerang"],"picked":"Flex","floor":18},{"not_picked":["Life Link+1","Replay:Undeath\u0027s Touch+1","Shockwave"],"picked":"SKIP","floor":22}],"player_experience":3151225,"relics_obtained":[{"floor":4,"key":"StuffTheSpire:MayFlowers"},{"floor":7,"key":"StuffTheSpire:Nightcore"},{"floor":10,"key":"InkBottle"},{"floor":12,"key":"halation:LettersToHer"},{"floor":17,"key":"infinitespire:Beetle Shell"},{"floor":17,"key":"Shuriken"},{"floor":17,"key":"StuffTheSpire:BottledHeartBeat"}],"event_choices":[{"damage_healed":0,"gold_gain":0,"player_choice":"Forge","damage_taken":0,"max_hp_gain":0,"max_hp_loss":0,"event_name":"Accursed Blacksmith","floor":3,"gold_loss":0,"cards_upgraded":["Bash"]},{"damage_healed":0,"gold_gain":0,"player_choice":"Ignored","damage_taken":0,"max_hp_gain":0,"max_hp_loss":0,"event_name":"Transmorgrifier","floor":20,"gold_loss":0},{"damage_healed":0,"gold_gain":100,"player_choice":"Pray","damage_taken":0,"max_hp_gain":0,"max_hp_loss":0,"event_name":"Golden Shrine","floor":21,"gold_loss":0}],"is_beta":false,"boss_relics":[{"not_picked":["halation:HeavySnake","ReplayTheSpireMod:SealedPack"],"picked":"Calling Bell"}],"items_purged_floors":[2],"is_endless":false,"potions_floor_spawned":[1,4,14],"killed_by":"Slavers","ascension_level":8}}