{"host":"gyvm9iplrwbfzexe","time":1613536765,"event":{"mods":["BaseMod","Minty Spire (QoL Compilation)","StSLib"],"gold_per_floor":[113,213,223,243,255,285,285,296,342,368,368,10,24,36,36,138,138,153,164,20,34,49,74,86,117,117,117,117],"floor_reached":27,"language":"ENG","playtime":1157,"items_purged":["Strike_G"],"score":396,"play_id":"432a3d50-c53c-4fed-a1ba-70373794fdee","local_time":"20210216223925","is_ascension_mode":true,"campfire_choices":[{"data":"Backflip","floor":7,"key":"SMITH"},{"data":"A Thousand Cuts","floor":11,"key":"SMITH"},{"data":"Blade Dance","floor":15,"key":"SMITH"}],"circlet_count":0,"master_deck":["Strike_G","Strike_G","Strike_G","Strike_G","Defend_G","Defend_G","Defend_G","Defend_G","Defend_G","Survivor","Neutralize","Acrobatics","Masterful Stab","Underhanded Strike","Terror","Backflip+1","Tactician","A Thousand Cuts+1","Blade Dance+1","Prepared","Burst","Acrobatics+1","Accuracy","Slice","Masterful Stab"],"relics":["Ring of the Snake","NeowsBlessing","Sundial","Oddly Smooth Stone","InkBottle","Gambling Chip","WristBlade","Bag of Preparation","Ancient Tea Set","Omamori"],"acts_visited":["Exordium","TheCity"],"potions_floor_usage":[6,8,10,18,22,23,25,27],"damage_taken":[{"damage":0,"enemies":"Small Slimes","floor":1,"turns":1},{"damage":0,"enemies":"Cultist","floor":3,"turns":1},{"damage":0,"enemies":"2 Louse","floor":4,"turns":1},{"damage":0,"enemies":"2 Fungi Beasts","floor":5,"turns":4},{"damage":30,"enemies":"Gremlin Nob","floor":6,"turns":5},{"damage":8,"enemies":"3 Louse","floor":8,"turns":4},{"damage":0,"enemies":"Lagavulin","floor":10,"turns":5},{"damage":0,"enemies":"Large Slime","floor":13,"turns":1},{"damage":0,"enemies":"Exordium Wildlife","floor":14,"turns":1},{"damage":0,"enemies":"Slime Boss","floor":16,"turns":4},{"damage":0,"enemies":"3 Byrds","floor":18,"turns":1},{"damage":0,"enemies":"Chosen","floor":19,"turns":1},{"damage":0,"enemies":"3 Cultists","floor":21,"turns":4},{"damage":9,"enemies":"Snake Plant","floor":22,"turns":3},{"damage":26,"enemies":"Slavers","floor":23,"turns":2},{"damage":0,"enemies":"Snecko","floor":24,"turns":2},{"damage":9,"enemies":"Book of Stabbing","floor":25,"turns":3},{"damage":26,"enemies":"Slavers","floor":27,"turns":5}],"seed_played":"-3739639747983610505","potions_obtained":[{"floor":1,"key":"Weak Potion"},{"floor":4,"key":"LiquidMemories"},{"floor":5,"key":"ColorlessPotion"},{"floor":10,"key":"CunningPotion"},{"floor":13,"key":"PowerPotion"},{"floor":21,"key":"EssenceOfSteel"},{"floor":23,"key":"Poison Potion"},{"floor":24,"key":"SkillPotion"}],"is_trial":false,"path_per_floor":["M","?","M","M","M","E","R","M","T","E","R","$","M","M","R","B",null,"M","M","$","M","M","E","M","E","T","E"],"character_chosen":"THE_SILENT","items_purchased":["Blade Dance","Gambling Chip","Accuracy"],"campfire_rested":0,"item_purchase_floors":[12,12,20],"current_hp_per_floor":[70,70,70,70,70,40,40,32,32,32,32,32,32,32,32,32,70,70,70,70,70,61,35,35,26,26,0,0],"gold":117,"neow_bonus":"THREE_ENEMY_KILL","is_daily":false,"chose_seed":false,"campfire_upgraded":3,"win_rate":0.0,"timestamp":1613536765,"path_taken":["M","?","?","M","M","E","R","M","T","E","R","$","M","M","R","BOSS","M","M","$","M","M","E","M","E","T","E"],"items_purchased_type":["Card","Relic","Card"],"build_version":"2020-12-22","purchased_purges":1,"victory":false,"max_hp_per_floor":[70,70,70,70,70,70,70,70,70,70,70,70,70,70,70,70,70,70,70,70,70,70,70,70,70,70,70,70],"card_choices":[{"not_picked":["Skewer","Bouncing Flask"],"picked":"Acrobatics","floor":1},{"not_picked":["Well Laid Plans","Acrobatics"],"picked":"Masterful Stab","floor":3},{"not_picked":["Escape Plan","PiercingWail"],"picked":"Underhanded Strike","floor":4},{"not_picked":["Slice","Leg Sweep"],"picked":"Terror","floor":5},{"not_picked":["PiercingWail","Flying Knee"],"picked":"Backflip","floor":6},{"not_picked":["Outmaneuver","Expertise"],"picked":"Tactician","floor":8},{"not_picked":["Underhanded Strike","Dagger Throw"],"picked":"A Thousand Cuts","floor":10},{"not_picked":["Heel Hook","Flying Knee"],"picked":"Prepared","floor":13},{"not_picked":["Quick Slash","Calculated Gamble","Predator"],"picked":"SKIP","floor":14},{"not_picked":["Bullet Time","Grand Finale"],"picked":"Burst","floor":16},{"not_picked":["Dodge and Roll+1","Deadly Poison"],"picked":"Acrobatics+1","floor":18},{"not_picked":["Crippling Poison+1","Flying Knee+1","PiercingWail"],"picked":"SKIP","floor":19},{"not_picked":["Bane+1","PiercingWail","Acrobatics"],"picked":"SKIP","floor":21},{"not_picked":["Catalyst","Backflip","Dagger Throw"],"picked":"SKIP","floor":22},{"not_picked":["Dash","Dodge and Roll","Caltrops+1"],"picked":"SKIP","floor":23},{"not_picked":["PiercingWail+1","Outmaneuver+1"],"picked":"Slice","floor":24},{"not_picked":["Deadly Poison","Footwork"],"picked":"Masterful Stab","floor":25}],"player_experience":50641,"relics_obtained":[{"floor":6,"key":"Sundial"},{"floor":9,"key":"Oddly Smooth Stone"},{"floor":10,"key":"InkBottle"},{"floor":23,"key":"Bag of Preparation"},{"floor":25,"key":"Ancient Tea Set"},{"floor":26,"key":"Omamori"}],"event_choices":[{"damage_healed":0,"gold_gain":100,"player_choice":"Pray","damage_taken":0,"max_hp_gain":0,"max_hp_loss":0,"event_name":"Golden Shrine","floor":2,"gold_loss":0}],"is_beta":false,"boss_relics":[{"not_picked":["Pandora\u0027s Box","HoveringKite"],"picked":"WristBlade"}],"items_purged_floors":[20],"is_endless":false,"potions_floor_spawned":[1,4,5,10,13,21,23,24],"killed_by":"Slavers","ascension_level":3}}