{"host":"5pruifpvrxoc6ior","time":1613527715,"event":{"mods":["AchievementEnabler","Aspiration","BaseMod","Colored Map","Colored Powertips","Downfall","Googly Eyes","Hermit","Hubris","Jorbs\u0027s Wanderer Trilogy","Marisa????????","Minty Spire (QoL Compilation)","Quick Restart","Remilia??????","Replay The Spire","StSLib","The Bug Knight","The Cursed","The Disciple","The Hierophant","The Jungle","The Necromancer","The Servant 0.9.4"],"gold_per_floor":[114,114,127,229,229,229,264,280,280,23,58,17,17,52,52,155,155,168,168,318,0,0,28,28,62,62,62,94,17,29,57,57,155,155,168,168,178,178,178,178,178],"floor_reached":40,"language":"ENG","playtime":2512,"items_purged":[],"score":626,"play_id":"3b3afc18-7f2b-4b3e-ab1d-dcd3c44d7f42","local_time":"20210216210834","is_ascension_mode":true,"campfire_choices":[{"data":"Negative_Energy_Shield","floor":6,"key":"SMITH"},{"data":"Negative_Energy_Shield","floor":13,"key":"SMITH"},{"floor":15,"key":"DIG"},{"data":"Summon_Lich","floor":24,"key":"SMITH"},{"data":"Summon_Lich","floor":27,"key":"SMITH"},{"data":"CollectingQuirk","floor":32,"key":"SMITH"}],"circlet_count":0,"master_deck":["Strike_W","Strike_W","Strike_W","Strike_W","Defend_W","Defend_W","Defend_W","Bone_Wall","Negative_Energy_Shield+1","Negative_Energy_Shield+1","Stop_Heart","Toxic_Smoke_Screen","Finesse","Consume_Illness","Bone_Armor","Summon_Lich+1","Summon_Lich+1","Replay:Bootleg Shield Generator","ReplayTheSpireMod:Necrogeddon+1","Shackles_Of_Pain","Summon_Lich","Summon_Lich","Slay_Living","Summon_Death_Knight+1","AlicesGift","Dramatic Entrance+1","Spectral_Walk","DoubleSpark+1","MysteriousBeam","Summon_Undead","Summon_Death_Knight","CollectingQuirk+1","CasketOfStar","Orbital","NonDirectionalLaser","Wraith","Good Instincts","Jack Of All Trades"],"relics":["Vampire_Amulet","NeowsBlessing","MealTicket","Blue Doll","Lantern","Bottled Lightning","Dream Catcher","Chameleon Ring","aspiration:MarisaSkillbook","Mummified Hand","aspiration:VileToxins","Replay:Mystery Machine","hubris:Reverence","Ice Cream","hubris:SlimyHat","Philosopher\u0027s Stone"],"acts_visited":["Exordium","Exordium","TheBeyond"],"potions_floor_usage":[11,37,40],"damage_taken":[{"damage":0,"enemies":"2 Louse","floor":1,"turns":1},{"damage":0,"enemies":"Jaw Worm","floor":3,"turns":1},{"damage":0,"enemies":"3 Sentries","floor":7,"turns":2},{"damage":0,"enemies":"Small Slimes","floor":8,"turns":4},{"damage":4,"enemies":"Lagavulin","floor":11,"turns":8},{"damage":26,"enemies":"Gremlin Nob","floor":14,"turns":5},{"damage":14,"enemies":"Hexaghost","floor":16,"turns":9},{"damage":7,"enemies":"theJungle:5_Spyders","floor":18,"turns":7},{"damage":30,"enemies":"theJungle:MamaSnecko","floor":23,"turns":6},{"damage":6,"enemies":"theJungle:2_Phrogs","floor":25,"turns":6},{"damage":2,"enemies":"theJungle:Cassacara","floor":28,"turns":5},{"damage":22,"enemies":"theJungle:GiantWrat","floor":30,"turns":3},{"damage":6,"enemies":"theJungle:2_Phrogs","floor":31,"turns":6},{"damage":6,"enemies":"theJungle:QueenSpyder","floor":33,"turns":6},{"damage":41,"enemies":"3 Darklings","floor":35,"turns":3},{"damage":35,"enemies":"3 Shapes","floor":37,"turns":2},{"damage":16,"enemies":"HollowMod:StalkingDevout","floor":40,"turns":4}],"seed_played":"-5231043464200119682","potions_obtained":[{"floor":8,"key":"AttackPotion"},{"floor":11,"key":"sneckomod:MuddlingPotion"},{"floor":25,"key":"sneckomod:MuddlingPotion"},{"floor":28,"key":"FearPotion"},{"floor":33,"key":"EssenceOfSteel"},{"floor":35,"key":"Weak Potion"}],"is_trial":false,"path_per_floor":["M","?","M","?","?","R","E","M","T","$","E","$","R","E","R_BF","B",null,"M","?","?","$","?","E","R","E","T","R","E","$","M","E","R","B",null,"M","?","M","?","?","E"],"character_chosen":"NECROMANCER","items_purchased":["Summon_Lich","Replay:Bootleg Shield Generator","ReplayTheSpireMod:Necrogeddon+1","Summon_Lich","Mummified Hand","Dramatic Entrance+1","Summon_Undead"],"campfire_rested":0,"item_purchase_floors":[10,10,10,12,21,21,29],"current_hp_per_floor":[75,68,70,70,70,70,75,75,75,75,73,75,75,51,51,39,75,75,65,65,75,75,57,57,55,55,55,63,75,58,59,59,73,75,37,37,8,8,3,0,0],"gold":178,"neow_bonus":"THREE_ENEMY_KILL","is_daily":false,"chose_seed":false,"campfire_upgraded":5,"win_rate":0.0,"timestamp":1613527714,"path_taken":["M","?","M","?","?","R","E","M","T","$","E","$","R","E","R_BF","BOSS","M","?","?","$","?","E","R","E","T","R","E","$","M","E","R","BOSS","M","?","M","?","?","E"],"items_purchased_type":["Card","Card","Card","Card","Relic","Card","Card"],"build_version":"2020-12-22","purchased_purges":0,"victory":false,"max_hp_per_floor":[75,75,75,75,75,75,75,75,75,75,75,75,75,75,75,75,75,75,75,75,75,75,75,75,75,75,75,75,75,75,75,75,75,75,75,75,75,75,75,75,75],"card_choices":[{"not_picked":["Negative_Energy_Mist","Bone_Spikes"],"picked":"Negative_Energy_Shield","floor":1},{"not_picked":["Shackles_Of_Pain","Vampiric_Strike"],"picked":"Negative_Energy_Shield","floor":3},{"not_picked":["Hellfire","Negative_Energy_Mist"],"picked":"Stop_Heart","floor":4},{"not_picked":["Epidemic","Stop_Heart"],"picked":"Toxic_Smoke_Screen","floor":4},{"not_picked":["Hellfire","Consume_Illness","Flesh_Made_Foul"],"picked":"SKIP","floor":7},{"not_picked":["Bone_Shift","Blood_Curse"],"picked":"Bone_Armor","floor":8},{"not_picked":["Blood_Shield","Bones_to_Steel"],"picked":"Shackles_Of_Pain","floor":11},{"not_picked":["Epidemic","Whirlwind_of_Bones"],"picked":"Slay_Living","floor":14},{"not_picked":["Summon_Vampire_Lady","Skeleton_Dragon"],"picked":"Summon_Death_Knight","floor":16},{"not_picked":["BlazeAway+1","SporeBomb+1","Finger_Of_Death"],"picked":"AlicesGift","floor":18},{"not_picked":["Death_Coil","GravityBeat","Blood_Shield+1"],"picked":"Spectral_Walk","floor":23},{"not_picked":["Life_Tap","DeepEcoloBomb","EventHorizon"],"picked":"DoubleSpark+1","floor":25},{"not_picked":["EventHorizon","Bone_Bullets+1","Blood_Whip"],"picked":"MysteriousBeam","floor":28},{"not_picked":["Blood_Is_Power","ShootTheMoon","DragonMeteor"],"picked":"Summon_Death_Knight","floor":30},{"not_picked":["Detonate_Bones","Epidemic","Negative_Energy_Sphere"],"picked":"CollectingQuirk","floor":31},{"not_picked":["Reap_The_Weak","EscapeVelocity","Grasp_Heart"],"picked":"CasketOfStar","floor":33},{"not_picked":["6A+1","NonDirectionalLaser+1","ShootTheMoon"],"picked":"Orbital","floor":35},{"not_picked":["ShootingEcho+1","Negative_Energy_Sphere+1","Blood_Curse"],"picked":"NonDirectionalLaser","floor":37},{"not_picked":["Secret Weapon","Survey Options","Poisoned Strike"],"picked":"Good Instincts","floor":39},{"not_picked":["Metamorphosis","Deep Breath","Mind Blast"],"picked":"Jack Of All Trades","floor":39}],"player_experience":26259,"relics_obtained":[{"floor":4,"key":"MealTicket"},{"floor":7,"key":"Blue Doll"},{"floor":9,"key":"Lantern"},{"floor":11,"key":"Bottled Lightning"},{"floor":14,"key":"Dream Catcher"},{"floor":15,"key":"Chameleon Ring"},{"floor":23,"key":"aspiration:VileToxins"},{"floor":25,"key":"Replay:Mystery Machine"},{"floor":26,"key":"hubris:Reverence"},{"floor":28,"key":"Ice Cream"},{"floor":31,"key":"hubris:SlimyHat"}],"event_choices":[{"cards_removed":["Defend_W"],"damage_healed":0,"gold_gain":0,"player_choice":"Card Removal","damage_taken":7,"max_hp_gain":0,"max_hp_loss":0,"event_name":"Golden Wing","floor":2,"gold_loss":0},{"damage_healed":0,"gold_gain":0,"player_choice":"3 cards matched","damage_taken":0,"max_hp_gain":0,"max_hp_loss":0,"event_name":"Match and Keep!","floor":5,"gold_loss":0,"cards_obtained":["Finesse","Consume_Illness","Negative_Energy_Bomb"]},{"damage_healed":0,"gold_gain":0,"player_choice":"3 cards matched","damage_taken":0,"max_hp_gain":0,"max_hp_loss":0,"event_name":"Match and Keep!","floor":5,"gold_loss":0,"cards_obtained":["Finesse","Consume_Illness","Negative_Energy_Bomb"]},{"cards_removed":["Negative_Energy_Arrows"],"damage_healed":0,"gold_gain":0,"player_choice":"Removed Attack","damage_taken":0,"max_hp_gain":0,"max_hp_loss":0,"event_name":"Falling","floor":36,"gold_loss":0},{"damage_healed":0,"gold_gain":0,"player_choice":"Ignored","damage_taken":0,"max_hp_gain":0,"max_hp_loss":0,"event_name":"OrinTheCat","floor":38,"gold_loss":0},{"damage_healed":0,"gold_gain":0,"player_choice":"Memory 2","damage_taken":5,"max_hp_gain":0,"max_hp_loss":0,"event_name":"SensoryStone","floor":39,"gold_loss":0}],"is_beta":false,"boss_relics":[{"not_picked":["Replay:Grab Bag","hubris:RunicObelisk"],"picked":"aspiration:MarisaSkillbook"},{"not_picked":["hubris:HollowSoul","ReplayTheSpireMod:DimensionalGlitch"],"picked":"Philosopher\u0027s Stone"}],"items_purged_floors":[],"is_endless":false,"potions_floor_spawned":[8,11,25,28,30,33,35],"killed_by":"HollowMod:StalkingDevout","ascension_level":2}}