{"host":"jfbo3eu2ui08ej1u","time":1613598556,"event":{"mods":["2.2 Compatiblity","AchievementEnabler","Act Like it!","Aspiration","BaseMod","Better Altar","Better Match","Better Note","Better Sensory Stone","Better Skull","Better Third Choice","Block Reminder","Colored Map","Colored Powertips","Conspire","DeckTracker","Displayed Cursed Tome","Energized Spire","Fox Events","GifTheSpireLib","Hermit","Hubris","Infinite Spire","Marked Mod","Minty Spire (QoL Compilation)","Monster B Gone","Pale of the Ancients","Poor People Problems","Quick Restart","Relic Filter","Reliquary","Reorder Act Four","Replay The Spire","Shop Mod","Spicy Shops","Spire Arcade","StSLib","Stuff the Spire","The Blue Laboratory","The Disciple","The Forsaken","The Hierophant","The Marked","Uncapped","Unceasing Turn Reminder","Wandering Minibosses"],"gold_per_floor":[118,128,142,156,22,22,22,22,22,22],"floor_reached":9,"language":"ENG","playtime":327,"items_purged":["Strike_P"],"score":106,"play_id":"dc3208d1-c71a-4667-a4d3-db89ea2c4a04","local_time":"20210217164916","is_ascension_mode":true,"campfire_choices":[{"floor":6,"key":"REST"}],"circlet_count":0,"master_deck":["AscendersBane","Strike_P","Strike_P","Strike_P","Defend_P","Defend_P","Defend_P","Defend_P","Eruption","Vigilance","MarkedMod:NorthStar","EmptyBody","ThirdEye","MarkedMod:GracefulMovements","Nirvana","Replay:ManipulateFuture"],"relics":["PureWater"],"acts_visited":["Exordium"],"potions_floor_usage":[9,9],"damage_taken":[{"damage":0,"enemies":"Cultist","floor":1,"turns":3},{"damage":0,"enemies":"Small Slimes","floor":2,"turns":4},{"damage":0,"enemies":"2 Louse","floor":3,"turns":4},{"damage":32,"enemies":"Exordium Thugs","floor":4,"turns":7},{"damage":49,"enemies":"3 Sentries","floor":9,"turns":14}],"seed_played":"5025517325485218698","potions_obtained":[{"floor":1,"key":"blueLaboratory:BottledHope"},{"floor":4,"key":"StancePotion"}],"is_trial":false,"path_per_floor":["M","M","M","M","$","R","PTL","PTL","E"],"character_chosen":"WATCHER","items_purchased":["Replay:ManipulateFuture"],"campfire_rested":1,"item_purchase_floors":[5],"current_hp_per_floor":[61,61,61,29,29,49,49,49,0,0],"gold":22,"neow_bonus":"ONE_RANDOM_RARE_CARD","is_daily":false,"chose_seed":false,"campfire_upgraded":0,"win_rate":0.0,"timestamp":1613598556,"path_taken":["M","M","M","M","?","R","PTL","PTL","E"],"items_purchased_type":["Card"],"build_version":"2020-12-22","purchased_purges":1,"victory":false,"max_hp_per_floor":[68,68,68,68,68,68,68,68,68,68],"card_choices":[{"not_picked":["Adaptation","Indignation"],"picked":"EmptyBody","floor":1},{"not_picked":["Pray","Prostrate"],"picked":"ThirdEye","floor":2},{"not_picked":["WaveOfTheHand","ThirdEye"],"picked":"MarkedMod:GracefulMovements","floor":3},{"not_picked":["CrushJoints","Replay:BluntJabs"],"picked":"Nirvana","floor":4}],"player_experience":1335593,"relics_obtained":[],"event_choices":[],"is_beta":false,"boss_relics":[],"items_purged_floors":[5],"is_endless":false,"potions_floor_spawned":[1,4],"killed_by":"3 Sentries","ascension_level":20}}