{"host":"iobm78zec1kjanqy","time":1613594714,"event":{"mods":["Act Like it!","Aspiration","BaseMod","Better Third Choice","BetterRewards","Halation","Hermit","Highlight Path","Hubris","Koishi","Marisa????????","Minty Spire (QoL Compilation)","MonsterHotkey","Pale of the Ancients","Permanent Neow","Quick Restart","Relic Filter","Relic Sorter","Relic Stats","Shop Mod","Spikes Relics","StSLib","SuperFastMode","The Bug Knight","The Florist","The Gatherer","Uncapped","thorton"],"gold_per_floor":[113,127,143,143,156,189,189,218,218,237,237,237,263,283,283,385,385,399,399,417,517,530,530,563,563,563,598,616,630,661,681,681,785,785,802,802,1801,1815,1862,1887,1907,1907,1907],"floor_reached":42,"language":"ENG","playtime":2611,"items_purged":[],"score":901,"play_id":"a9ac2f29-44de-4850-a605-2c5e3f1819bf","local_time":"20210217144514","is_ascension_mode":true,"campfire_choices":[{"data":"HollowMod:VengefulVoid","floor":7,"key":"SMITH"},{"data":"HollowMod:SiblingsShadow","floor":12,"key":"SMITH"},{"data":"HollowMod:BlackTendrils","floor":15,"key":"SMITH"},{"data":"HollowMod:ShadowDash","floor":23,"key":"SMITH"},{"data":"HollowMod:HuntersJournal","floor":25,"key":"SMITH"},{"data":"HollowMod:SiblingsSouls","floor":32,"key":"SMITH"}],"circlet_count":0,"master_deck":["HollowMod:NailStrikeStart","HollowMod:NailStrikeStart","HollowMod:NailStrikeStart","HollowMod:NailStrikeStart","HollowMod:QuickDashStart","HollowMod:QuickDashStart","HollowMod:QuickDashStart","HollowMod:QuickDashStart","HollowMod:PogoStrike","HollowMod:SiblingsShadow+1","HollowMod:HeavyBlow","HollowMod:HuntersJournal+1","HollowMod:VengefulVoid+1","HollowMod:VengefulVoid","HollowMod:DashSlash","HollowMod:VengefulVoid","HollowMod:BlackTendrils+1","HollowMod:DashSlash","HollowMod:VoidDash","HollowMod:ShadowDash+1","HollowMod:GoodIntentions+1","HollowMod:SiblingsSouls+1","HollowMod:VengefulVoid+1","HollowMod:WraithStrike","HollowMod:SoulMaster","CurseOfTheBell","Normality","Normality","HollowMod:DescendingDark"],"relics":["HollowMod:VesselMask","Kunai","Vajra","Orichalcum","aspiration:Lifesprig","Shuriken","Centennial Puzzle","halation:LettersToHer","halation:Prosthetics","Pear","Sundial","hubris:DisguiseKit","Calling Bell","SpikesRelics:DaevaFist","LugNut","hubris:BundleOfHerbs","halation:StarCompass","HollowMod:KingsBrand","Oddly Smooth Stone"],"acts_visited":["Exordium","TheCity","TheBeyond"],"potions_floor_usage":[6,28,41,41],"damage_taken":[{"damage":0,"enemies":"Cultist","floor":1,"turns":3},{"damage":2,"enemies":"Jaw Worm","floor":2,"turns":2},{"damage":1,"enemies":"Small Slimes","floor":3,"turns":3},{"damage":11,"enemies":"2 Fungi Beasts","floor":5,"turns":4},{"damage":0,"enemies":"Gremlin Nob","floor":6,"turns":2},{"damage":12,"enemies":"HollowMod:MossKnight","floor":8,"turns":3},{"damage":0,"enemies":"Gremlin Gang","floor":10,"turns":2},{"damage":0,"enemies":"Gremlin Nob","floor":13,"turns":2},{"damage":0,"enemies":"Blue Slaver","floor":14,"turns":1},{"damage":0,"enemies":"Slime Boss","floor":16,"turns":5},{"damage":8,"enemies":"Shell Parasite","floor":18,"turns":3},{"damage":0,"enemies":"3 Byrds","floor":20,"turns":3},{"damage":12,"enemies":"Snake Plant","floor":22,"turns":3},{"damage":19,"enemies":"Book of Stabbing","floor":24,"turns":3},{"damage":10,"enemies":"Gremlin Leader","floor":27,"turns":5},{"damage":0,"enemies":"Sentry and Sphere","floor":28,"turns":2},{"damage":10,"enemies":"Shelled Parasite and Fungi","floor":29,"turns":4},{"damage":13,"enemies":"Book of Stabbing","floor":30,"turns":4},{"damage":13,"enemies":"Snecko","floor":31,"turns":3},{"damage":25,"enemies":"hubris:MusketHawk","floor":33,"turns":6},{"damage":10,"enemies":"3 Darklings","floor":35,"turns":6},{"damage":2,"enemies":"3 Shapes","floor":38,"turns":4},{"damage":41,"enemies":"Nemesis","floor":40,"turns":5},{"damage":10,"enemies":"Maw","floor":41,"turns":5},{"damage":28,"enemies":"Reptomancer","floor":42,"turns":6}],"seed_played":"1836928720848261973","potions_obtained":[{"floor":5,"key":"SteroidPotion"},{"floor":6,"key":"Explosive Potion"},{"floor":14,"key":"Strength Potion"},{"floor":30,"key":"Block Potion"}],"is_trial":false,"path_per_floor":["M","M","M","?","M","E","R","E","T","M","?","R","E","M","R","B",null,"M","?","M","?","M","R","E","R","T","E","M","M","E","M","R","B",null,"M","?","?","M","T","E","M","E"],"character_chosen":"THE_BUGKNIGHT","items_purchased":["HollowMod:SiblingsShadow","Kunai","Vajra","Orichalcum","AttackPotion"],"campfire_rested":0,"item_purchase_floors":[0,0,0,0,0],"current_hp_per_floor":[56,54,53,58,47,47,47,35,35,35,35,35,35,39,39,52,45,37,37,45,45,40,40,40,40,40,43,51,55,55,51,51,46,55,55,55,55,53,53,12,17,0,0],"gold":1907,"neow_bonus":"","is_daily":false,"chose_seed":false,"campfire_upgraded":6,"win_rate":0.0,"timestamp":1613594714,"path_taken":["M","M","M","?","M","E","R","E","T","M","?","R","E","M","R","BOSS","M","?","?","?","?","R","E","R","T","E","M","M","E","M","R","BOSS","M","?","?","M","?","E","M","E"],"items_purchased_type":["Card","Relic","Relic","Relic","Potion"],"build_version":"2020-12-22","purchased_purges":0,"victory":false,"max_hp_per_floor":[75,75,75,80,80,80,80,80,80,80,80,80,80,80,80,80,45,45,45,45,45,45,45,55,55,55,55,55,55,55,55,55,55,55,55,55,55,55,55,55,55,55,55],"relic_stats":{"Centennial Puzzle":[39],"counters":[25,89],"Shuriken":[39],"Sundial":[6],"Kunai":[49],"Orichalcum":[204],"obtain_stats":[{"hubris:DisguiseKit":30,"aspiration:Lifesprig":6,"Pear":24,"Vajra":0,"Oddly Smooth Stone":40,"HollowMod:VesselMask":0,"Orichalcum":0,"halation:Prosthetics":17,"halation:StarCompass":36,"HollowMod:KingsBrand":39,"Calling Bell":34,"Centennial Puzzle":9,"Shuriken":8,"Sundial":27,"hubris:BundleOfHerbs":34,"SpikesRelics:DaevaFist":34,"Kunai":0,"halation:LettersToHer":13,"LugNut":34},{"hubris:DisguiseKit":18,"aspiration:Lifesprig":5,"Pear":14,"Vajra":0,"Oddly Smooth Stone":23,"HollowMod:VesselMask":0,"Orichalcum":0,"halation:Prosthetics":10,"halation:StarCompass":21,"HollowMod:KingsBrand":22,"Calling Bell":20,"Centennial Puzzle":6,"Shuriken":6,"Sundial":15,"hubris:BundleOfHerbs":20,"SpikesRelics:DaevaFist":20,"Kunai":0,"halation:LettersToHer":8,"LugNut":20},{"hubris:DisguiseKit":54,"aspiration:Lifesprig":14,"Pear":39,"Vajra":0,"Oddly Smooth Stone":78,"HollowMod:VesselMask":0,"Orichalcum":0,"halation:Prosthetics":27,"halation:StarCompass":69,"HollowMod:KingsBrand":73,"Calling Bell":63,"Centennial Puzzle":17,"Shuriken":17,"Sundial":44,"hubris:BundleOfHerbs":63,"SpikesRelics:DaevaFist":63,"Kunai":0,"halation:LettersToHer":21,"LugNut":63}]},"card_choices":[{"not_picked":["HollowMod:SoulSplash","HollowMod:SoulStrike"],"picked":"HollowMod:HeavyBlow","floor":1},{"not_picked":["HollowMod:SiblingsShadow","HollowMod:LifebloodCocoon"],"picked":"HollowMod:HuntersJournal","floor":2},{"not_picked":["HollowMod:SharpenedNail","HollowMod:PureNailStrike"],"picked":"HollowMod:VengefulVoid","floor":3},{"not_picked":["HollowMod:FastStrike","HollowMod:PureNailStrike"],"picked":"HollowMod:VengefulVoid","floor":5},{"not_picked":["HollowMod:CornifersMapStart","HollowMod:BaldurShell","HollowMod:ShapeofUnn"],"picked":"SKIP","floor":6},{"not_picked":["HollowMod:LuriensSpire","HollowMod:SoulMaster"],"picked":"HollowMod:DashSlash","floor":8},{"not_picked":["HollowMod:HeavyBlow","HollowMod:DescendingDark"],"picked":"HollowMod:VengefulVoid","floor":10},{"not_picked":["HollowMod:MonomonsArchive","HollowMod:CornifersMapStart"],"picked":"HollowMod:BlackTendrils","floor":13},{"not_picked":["HollowMod:HowlingWraiths","HollowMod:DescendingDark"],"picked":"HollowMod:DashSlash","floor":14},{"not_picked":["HollowMod:PureVessel","HollowMod:Hiveblood"],"picked":"HollowMod:VoidDash","floor":16},{"not_picked":["HollowMod:DashSlash+1","HollowMod:SiblingsShadow"],"picked":"HollowMod:ShadowDash","floor":18},{"not_picked":["HollowMod:DescendingDark","HollowMod:InfectedAttack+1"],"picked":"HollowMod:GoodIntentions+1","floor":20},{"not_picked":["HollowMod:NewLittleFool+1","HollowMod:InfectedCysts","HollowMod:MawleksShell"],"picked":"SKIP","floor":22},{"not_picked":["HollowMod:HowlingWraiths","HollowMod:CornifersMapStart","HollowMod:Grubsong+1"],"picked":"SKIP","floor":24},{"not_picked":["HollowMod:HowlingWraiths","HollowMod:CornifersMapStart","HollowMod:Grubsong+1"],"picked":"SKIP","floor":24},{"not_picked":["HollowMod:GoodIntentions","HollowMod:MawleksShell","HollowMod:SharpenedNail"],"picked":"SKIP","floor":27},{"not_picked":["HollowMod:MidwifesHunger","HollowMod:CloakDash"],"picked":"HollowMod:SiblingsSouls","floor":28},{"not_picked":["HollowMod:InfectedCysts","HollowMod:CrystalDash"],"picked":"HollowMod:VengefulVoid+1","floor":29},{"not_picked":["HollowMod:SoulSplash","HollowMod:MawleksShell"],"picked":"HollowMod:WraithStrike","floor":30},{"not_picked":["HollowMod:ShapeofUnn","HollowMod:InfectedAttack","HollowMod:ChannelNail","thethorton:FocusStrength"],"picked":"SKIP","floor":31},{"not_picked":["HollowMod:Hiveblood","HollowMod:LordofShades","thethorton:Escape"],"picked":"HollowMod:SoulMaster","floor":33},{"not_picked":["HollowMod:CornifersMapStart+1","HollowMod:MawleksShell+1","HollowMod:HeavyBlow+1","thethorton:Distance"],"picked":"SKIP","floor":35},{"not_picked":["HollowMod:SoulSplash+1","HollowMod:SiblingsSouls+1","thethorton:RunningFeint"],"picked":"HollowMod:DescendingDark","floor":38},{"not_picked":["HollowMod:DoubleDash+1","HollowMod:InfectedCysts","HollowMod:WraithStrike","thethorton:BusinessCard"],"picked":"SKIP","floor":40},{"not_picked":["HollowMod:VengefulVoid","HollowMod:TaintedHusks","HollowMod:HeavyBlow","thethorton:SicklyRun"],"picked":"SKIP","floor":41}],"player_experience":173555,"relics_obtained":[{"floor":6,"key":"aspiration:Lifesprig"},{"floor":8,"key":"Shuriken"},{"floor":9,"key":"Centennial Puzzle"},{"floor":13,"key":"halation:LettersToHer"},{"floor":24,"key":"Pear"},{"floor":26,"key":"halation:LettersToHer"},{"floor":27,"key":"Sundial"},{"floor":30,"key":"hubris:DisguiseKit"},{"floor":34,"key":"SpikesRelics:DaevaFist"},{"floor":34,"key":"LugNut"},{"floor":34,"key":"hubris:BundleOfHerbs"},{"floor":39,"key":"HollowMod:KingsBrand"},{"floor":39,"key":"halation:LettersToHer"},{"floor":40,"key":"Oddly Smooth Stone"}],"event_choices":[{"damage_healed":0,"gold_gain":0,"player_choice":"Donut","damage_taken":0,"max_hp_gain":5,"max_hp_loss":0,"event_name":"Big Fish","floor":4,"gold_loss":0},{"cards_removed":["HollowMod:FocusHealStart"],"damage_healed":0,"gold_gain":0,"player_choice":"Forget","damage_taken":0,"max_hp_gain":0,"max_hp_loss":0,"event_name":"Living Wall","floor":11,"gold_loss":0},{"damage_healed":0,"gold_gain":0,"player_choice":"Bought 0 Potions","damage_taken":0,"max_hp_gain":0,"max_hp_loss":0,"event_name":"The Woman in Blue","floor":19,"gold_loss":0},{"damage_healed":0,"gold_gain":100,"player_choice":"Pray","damage_taken":0,"max_hp_gain":0,"max_hp_loss":0,"event_name":"Golden Shrine","floor":21,"gold_loss":0},{"damage_healed":0,"gold_gain":999,"player_choice":"Gold","damage_taken":0,"max_hp_gain":0,"max_hp_loss":0,"event_name":"MindBloom","floor":37,"gold_loss":0,"cards_obtained":["Normality","Normality"]}],"is_beta":false,"boss_relics":[{"not_picked":["halation:LoveArrow","aspiration:IroncladSkillbook"],"picked":"halation:Prosthetics"},{"not_picked":["halation:Risk","halation:Yufonium"],"picked":"Calling Bell"}],"items_purged_floors":[],"is_endless":false,"potions_floor_spawned":[5,6,14,16,18,20,27,30,31,35,40],"killed_by":"Reptomancer","ascension_level":1}}