{"host":"h0xw20cia6ppa69g","time":1613552213,"event":{"mods":["AchievementEnabler","BaseMod","Colored Map","Filter the Spire","Googly Eyes","Minty Spire (QoL Compilation)","Relic Stats","StSLib","The Awakened One except there are too many feathers","everything is the same but u backflip on backflip"],"gold_per_floor":[112,62,62,75,95,120,120,154,154,166,185,213,213,223,223,322,322,335,335,354,53,72,99,99,127,179,179,206,206,306,13,13,108,158,171,183,233,233,233,262,280,292,292,302,302,334,350,361,361,361,361,361,137,163,163],"floor_reached":56,"language":"ENG","playtime":3486,"items_purged":["Strike_R"],"score":1469,"play_id":"add9bffb-9742-41b3-9556-1194a1d9985a","local_time":"20210217025653","is_ascension_mode":true,"campfire_choices":[{"data":"Blood for Blood","floor":7.0,"key":"SMITH"},{"data":"Armaments","floor":13.0,"key":"SMITH"},{"data":"Shockwave","floor":15.0,"key":"SMITH"},{"data":"Defend_R","floor":24.0,"key":"PURGE"},{"floor":27.0,"key":"RECALL"},{"floor":32.0,"key":"REST"},{"data":"Defend_R","floor":49,"key":"PURGE"},{"floor":52,"key":"REST"}],"circlet_count":0,"master_deck":["Bash","Hemokinesis+1","Blood for Blood+1","Shockwave+1","Armaments+1","Hemokinesis","Shockwave","Shrug It Off","Spot Weakness","Inflame","Corruption","Dual Wield","True Grit","Offering","Power Through","Feel No Pain","Sword Boomerang+1","Reaper+1","Entrench","Dual Wield","Pummel+1","Body Slam+1","Barricade","Madness","Madness","Limit Break","Clothesline","Entrench","Dark Embrace","Rupture"],"relics":["Burning Blood","Pocketwatch","Peace Pipe","CaptainsWheel","Red Skull","Fusion Hammer","Bag of Preparation","Lantern","Anchor","Smiling Mask","Bag of Marbles","Oddly Smooth Stone","Torii","StrikeDummy","Medical Kit","Tiny House","Calipers","Whetstone","Pen Nib","Happy Flower","Centennial Puzzle"],"acts_visited":["Exordium","TheCity","TheBeyond","TheEnding"],"potions_floor_usage":[55,55],"damage_taken":[{"damage":3.0,"enemies":"Cultist","floor":1.0,"turns":3.0},{"damage":5.0,"enemies":"Jaw Worm","floor":4.0,"turns":3.0},{"damage":2.0,"enemies":"2 Louse","floor":5.0,"turns":3.0},{"damage":14.0,"enemies":"Gremlin Nob","floor":6.0,"turns":3.0},{"damage":6.0,"enemies":"Lagavulin","floor":8.0,"turns":4.0},{"damage":6.0,"enemies":"2 Fungi Beasts","floor":10.0,"turns":3.0},{"damage":2.0,"enemies":"3 Louse","floor":11.0,"turns":3.0},{"damage":5.0,"enemies":"3 Sentries","floor":12.0,"turns":6.0},{"damage":2.0,"enemies":"Blue Slaver","floor":14.0,"turns":5.0},{"damage":17.0,"enemies":"The Guardian","floor":16.0,"turns":7.0},{"damage":2.0,"enemies":"Chosen","floor":18.0,"turns":3.0},{"damage":4.0,"enemies":"2 Thieves","floor":20.0,"turns":3.0},{"damage":8.0,"enemies":"Cultist and Chosen","floor":22.0,"turns":6.0},{"damage":25.0,"enemies":"Gremlin Leader","floor":23.0,"turns":5.0},{"damage":10.0,"enemies":"Book of Stabbing","floor":25.0,"turns":3.0},{"damage":15.0,"enemies":"Gremlin Leader","floor":28.0,"turns":4.0},{"damage":8.0,"enemies":"Colosseum Slavers","floor":30.0,"turns":3.0},{"damage":8.0,"enemies":"Colosseum Nobs","floor":30.0,"turns":3.0},{"damage":51,"enemies":"Collector","floor":33,"turns":7},{"damage":11,"enemies":"3 Darklings","floor":35,"turns":6},{"damage":10,"enemies":"Orb Walker","floor":36,"turns":1},{"damage":12,"enemies":"Mind Bloom Boss Battle","floor":37,"turns":8},{"damage":8,"enemies":"Nemesis","floor":40,"turns":9},{"damage":12,"enemies":"Writhing Mass","floor":41,"turns":11},{"damage":15,"enemies":"3 Darklings","floor":42,"turns":10},{"damage":10,"enemies":"Spire Growth","floor":44,"turns":4},{"damage":10,"enemies":"Giant Head","floor":46,"turns":7},{"damage":7,"enemies":"Writhing Mass","floor":47,"turns":15},{"damage":9,"enemies":"Jaw Worm Horde","floor":48,"turns":5},{"damage":12,"enemies":"Awakened One","floor":50,"turns":19},{"damage":35,"enemies":"Shield and Spear","floor":54,"turns":7},{"damage":79,"enemies":"The Heart","floor":55,"turns":9}],"seed_played":"2220891167965305168","potions_obtained":[{"floor":1.0,"key":"SmokeBomb"},{"floor":6.0,"key":"Block Potion"},{"floor":8.0,"key":"SkillPotion"},{"floor":12.0,"key":"DuplicationPotion"},{"floor":18.0,"key":"DuplicationPotion"},{"floor":20.0,"key":"CultistPotion"}],"is_trial":false,"path_per_floor":["M","?","?","M","M","E","R","E","T","M","M","E","R","M","R","B",null,"M","?","M","$","M","E","R","E","T","R","E","?","?","$","R","B",null,"M","M","?","?","?","E","M","M","T","M","?","E","M","M","R","B",null,"R","$","E","B",null],"character_chosen":"IRONCLAD","items_purchased":["Bag of Preparation","Lantern","Medical Kit","Feel No Pain","Sword Boomerang","Happy Flower","Dark Embrace"],"campfire_rested":2,"item_purchase_floors":[21,21,31,31,31,53,53],"current_hp_per_floor":[72,72,72,72,72,64,64,64,64,64,68,69,69,72,72,61,72,72,72,72,72,70,51,51,47,47,47,38,38,34,34,55,10,77,77,73,77,77,77,77,77,77,77,77,67,73,77,74,74,77,77,77,77,77,77],"gold":163,"neow_bonus":"TRANSFORM_TWO_CARDS","is_daily":false,"chose_seed":false,"campfire_upgraded":3,"win_rate":0.0,"timestamp":1613552213,"path_taken":["M","?","?","M","M","E","R","E","T","?","M","E","R","M","R","BOSS","M","?","M","$","M","E","R","E","T","R","E","?","?","$","R","BOSS","M","M","?","?","?","E","M","?","T","M","?","E","M","M","R","BOSS","R","$","E","BOSS"],"items_purchased_type":["Relic","Relic","Relic","Card","Card","Relic","Card"],"build_version":"2020-12-22","purchased_purges":1,"victory":true,"max_hp_per_floor":[72,72,72,72,72,72,72,72,72,72,72,72,72,72,72,72,72,72,72,72,72,72,72,72,72,72,72,72,72,72,72,72,72,77,77,77,77,77,77,77,77,77,77,77,77,77,77,77,77,77,77,77,77,77,77],"relic_stats":{"Torii":47,"Happy Flower":[5],"counters":[32,188],"Pen Nib":[4],"Bag of Preparation":[40],"Whetstone":["Reaper","Hemokinesis"],"Smiling Mask":25,"Medical Kit":[52],"Burning Blood":119,"Peace Pipe":4,"Centennial Puzzle":[3],"obtain_stats":[{"Lantern":21,"Tiny House":34,"Calipers":37,"Torii":30,"Happy Flower":53,"Oddly Smooth Stone":28,"Pen Nib":46,"Bag of Preparation":21,"Whetstone":40,"Smiling Mask":25,"Medical Kit":31,"Burning Blood":0,"Peace Pipe":8,"CaptainsWheel":9,"Anchor":23,"Centennial Puzzle":54,"Fusion Hammer":17,"Bag of Marbles":26,"StrikeDummy":30,"Red Skull":12,"Pocketwatch":6},{"Lantern":12,"Tiny House":19,"Calipers":22,"Torii":18,"Happy Flower":30,"Oddly Smooth Stone":16,"Pen Nib":27,"Bag of Preparation":12,"Whetstone":23,"Smiling Mask":15,"Medical Kit":18,"Burning Blood":0,"Peace Pipe":5,"CaptainsWheel":5,"Anchor":14,"Centennial Puzzle":31,"Fusion Hammer":10,"Bag of Marbles":15,"StrikeDummy":18,"Red Skull":8,"Pocketwatch":4},{"Lantern":46,"Tiny House":77,"Calipers":92,"Torii":70,"Happy Flower":172,"Oddly Smooth Stone":64,"Pen Nib":133,"Bag of Preparation":46,"Whetstone":101,"Smiling Mask":60,"Medical Kit":70,"Burning Blood":0,"Peace Pipe":16,"CaptainsWheel":16,"Anchor":57,"Centennial Puzzle":179,"Fusion Hammer":40,"Bag of Marbles":60,"StrikeDummy":70,"Red Skull":28,"Pocketwatch":12}],"Pocketwatch":[252]},"card_choices":[{"not_picked":["Sentinel","Reckless Charge"],"picked":"Shockwave","floor":1.0},{"not_picked":["Anger","Pummel"],"picked":"Hemokinesis","floor":4.0},{"not_picked":["Pommel Strike","Twin Strike","Hemokinesis"],"picked":"SKIP","floor":5.0},{"not_picked":["Seeing Red","Ghostly Armor","Clash"],"picked":"SKIP","floor":6.0},{"not_picked":["Second Wind","Ghostly Armor"],"picked":"Shockwave","floor":8.0},{"not_picked":["Rage","Sword Boomerang","Dark Embrace"],"picked":"SKIP","floor":10.0},{"not_picked":["Headbutt","Uppercut"],"picked":"Shrug It Off","floor":11.0},{"not_picked":["Clash","Shrug It Off"],"picked":"Spot Weakness","floor":12.0},{"not_picked":["Thunderclap","Warcry"],"picked":"Inflame","floor":14.0},{"not_picked":["Immolate","Fiend Fire"],"picked":"Corruption","floor":16.0},{"not_picked":["Whirlwind","Twin Strike"],"picked":"Dual Wield","floor":18.0},{"not_picked":["Shrug It Off","Thunderclap"],"picked":"True Grit","floor":20.0},{"not_picked":["Sever Soul","Warcry+1"],"picked":"Offering","floor":22.0},{"not_picked":["Anger","Dark Embrace+1"],"picked":"Power Through","floor":23.0},{"not_picked":["Ghostly Armor","Perfected Strike","Searing Blow"],"picked":"SKIP","floor":25.0},{"not_picked":["Cleave+1","Body Slam+1","Warcry+1"],"picked":"SKIP","floor":28.0},{"not_picked":["Bludgeon","Impervious"],"picked":"Reaper","floor":33},{"not_picked":["Searing Blow+1","Second Wind","Iron Wave+1"],"picked":"SKIP","floor":35},{"not_picked":["Cleave+1","Clash","Iron Wave+1"],"picked":"SKIP","floor":36},{"not_picked":["Searing Blow","Wild Strike"],"picked":"Entrench","floor":37},{"not_picked":["Clothesline","Wild Strike+1"],"picked":"Dual Wield","floor":40},{"not_picked":["Bloodletting+1","Carnage"],"picked":"Pummel+1","floor":41},{"not_picked":["Havoc","Cleave"],"picked":"Body Slam+1","floor":42},{"not_picked":["Disarm","Dark Embrace+1"],"picked":"Barricade","floor":44},{"not_picked":["Iron Wave+1","Flex"],"picked":"Limit Break","floor":46},{"not_picked":["Havoc","Thunderclap"],"picked":"Clothesline","floor":47},{"not_picked":["Pummel","Iron Wave+1"],"picked":"Entrench","floor":48},{"not_picked":["Wild Strike+1","Shrug It Off"],"picked":"Rupture","floor":54}],"player_experience":3882162,"relics_obtained":[{"floor":6.0,"key":"Pocketwatch"},{"floor":8.0,"key":"Peace Pipe"},{"floor":9.0,"key":"CaptainsWheel"},{"floor":12.0,"key":"Red Skull"},{"floor":23.0,"key":"Anchor"},{"floor":25.0,"key":"Smiling Mask"},{"floor":26.0,"key":"Bag of Marbles"},{"floor":28.0,"key":"Oddly Smooth Stone"},{"floor":30.0,"key":"Torii"},{"floor":30.0,"key":"StrikeDummy"},{"floor":37,"key":"Calipers"},{"floor":40,"key":"Whetstone"},{"floor":46,"key":"Pen Nib"},{"floor":54,"key":"Centennial Puzzle"}],"event_choices":[{"cards_removed":["Strike_R"],"damage_healed":0.0,"max_hp_gain":0.0,"max_hp_loss":0.0,"gold_gain":0.0,"event_name":"The Cleric","player_choice":"Card Removal","floor":2.0,"gold_loss":50.0,"damage_taken":0.0},{"damage_healed":0.0,"max_hp_gain":0.0,"max_hp_loss":0.0,"gold_gain":0.0,"cards_transformed":["Defend_R"],"event_name":"Living Wall","player_choice":"Change","floor":3.0,"gold_loss":0.0,"damage_taken":0.0,"cards_obtained":["Armaments"]},{"cards_removed":["Strike_R"],"damage_healed":0.0,"max_hp_gain":0.0,"max_hp_loss":0.0,"gold_gain":0.0,"event_name":"Back to Basics","player_choice":"Elegance","floor":19.0,"gold_loss":0.0,"damage_taken":0.0},{"damage_healed":0.0,"max_hp_gain":0.0,"max_hp_loss":0.0,"gold_gain":0.0,"event_name":"Vampires","player_choice":"Ignored","floor":29.0,"gold_loss":0.0,"damage_taken":0.0},{"damage_healed":0.0,"max_hp_gain":0.0,"max_hp_loss":0.0,"gold_gain":0.0,"event_name":"Colosseum","player_choice":"Fight","floor":30.0,"gold_loss":0.0,"damage_taken":0.0},{"damage_healed":0.0,"max_hp_gain":0.0,"max_hp_loss":0.0,"gold_gain":0.0,"event_name":"Colosseum","player_choice":"Fought Nobs","floor":30.0,"gold_loss":0.0,"damage_taken":0.0},{"damage_healed":0,"gold_gain":0,"player_choice":"Fight","damage_taken":0,"max_hp_gain":0,"max_hp_loss":0,"event_name":"MindBloom","floor":37,"gold_loss":0},{"cards_removed":["Defend_R"],"damage_healed":0,"gold_gain":0,"player_choice":"Removed Skill","damage_taken":0,"max_hp_gain":0,"max_hp_loss":0,"event_name":"Falling","floor":38,"gold_loss":0},{"damage_healed":0,"gold_gain":0,"player_choice":"Ignored","damage_taken":0,"max_hp_gain":0,"max_hp_loss":0,"event_name":"Tomb of Lord Red Mask","floor":39,"gold_loss":0},{"damage_healed":0,"gold_gain":0,"player_choice":"Embrace Madness","damage_taken":10,"max_hp_gain":0,"max_hp_loss":0,"event_name":"Winding Halls","floor":45,"gold_loss":0,"cards_obtained":["Madness","Madness"]}],"is_beta":false,"boss_relics":[{"not_picked":["Pandora\u0027s Box","Snecko Eye"],"picked":"Fusion Hammer"},{"not_picked":["Philosopher\u0027s Stone","Runic Dome"],"picked":"Tiny House"}],"items_purged_floors":[31],"is_endless":false,"potions_floor_spawned":[1,6,8,12,18,20,23,25,33,37,40,44,47],"ascension_level":1}}