{"host":"uv5ws9rdk87e8i5k","time":1613603520,"event":{"mods":["AchievementEnabler","BaseMod","Colored Map","Minty Spire (QoL Compilation)","Permanent Neow","Quick Restart","StSLib","SuperFastMode","The Necromancer"],"gold_per_floor":[111,36,53,68,83,111,14,31,110,135,145,145,145,145],"floor_reached":13,"language":"ENG","playtime":280,"items_purged":["Parasite"],"score":131,"play_id":"cfd790fc-ccd2-4054-85a8-ab43725b1675","local_time":"20210217171200","is_ascension_mode":true,"campfire_choices":[],"circlet_count":0,"master_deck":["Strike_B","Strike_B","Strike_B","Defend_B","Defend_B","Defend_B","Defend_B","Zap","Dualcast","Electrodynamics","Conserve Battery","Sweeping Beam","Auto Shields","Storm","Darkness","Force Field"],"relics":["Cracked Core","MealTicket","TungstenRod","Vajra"],"acts_visited":["Exordium"],"potions_floor_usage":[6],"damage_taken":[{"damage":4,"enemies":"Small Slimes","floor":1,"turns":3},{"damage":0,"enemies":"Cultist","floor":3,"turns":3},{"damage":7,"enemies":"2 Louse","floor":4,"turns":2},{"damage":1,"enemies":"Exordium Wildlife","floor":5,"turns":2},{"damage":16,"enemies":"Gremlin Nob","floor":6,"turns":4},{"damage":4,"enemies":"Exordium Thugs","floor":8,"turns":4},{"damage":13,"enemies":"3 Sentries","floor":10,"turns":7},{"damage":5,"enemies":"Red Slaver","floor":11,"turns":3},{"damage":41,"enemies":"Gremlin Nob","floor":13,"turns":4}],"seed_played":"2188818597425941000","potions_obtained":[{"floor":1,"key":"SteroidPotion"},{"floor":6,"key":"SteroidPotion"},{"floor":10,"key":"Energy Potion"}],"is_trial":false,"path_per_floor":["M","$","M","M","M","E","?","M","T","E","M","?","E"],"character_chosen":"DEFECT","items_purchased":[],"campfire_rested":0,"item_purchase_floors":[],"current_hp_per_floor":[64,64,64,57,56,40,40,36,36,23,18,18,0,0],"gold":145,"neow_bonus":"THREE_RARE_CARDS","is_daily":false,"chose_seed":false,"campfire_upgraded":0,"win_rate":0.0,"timestamp":1613603520,"path_taken":["M","$","M","M","M","E","?","?","T","E","M","?","E"],"items_purchased_type":[],"build_version":"2020-12-22","purchased_purges":1,"victory":false,"max_hp_per_floor":[75,72,72,72,72,72,72,72,72,72,72,72,72,72],"card_choices":[{"not_picked":["Seek","Multi-Cast"],"picked":"Electrodynamics","floor":0},{"not_picked":["Darkness","Sweeping Beam"],"picked":"Conserve Battery","floor":1},{"not_picked":["Steam","Chill"],"picked":"Sweeping Beam","floor":3},{"not_picked":["Sweeping Beam","Melter","Sunder"],"picked":"SKIP","floor":4},{"not_picked":["Rebound","Stack","Lockon"],"picked":"SKIP","floor":5},{"not_picked":["Reinforced Body","Streamline"],"picked":"Auto Shields","floor":6},{"not_picked":["Stack","Go for the Eyes"],"picked":"Storm","floor":8},{"not_picked":["Beam Cell","Lockon"],"picked":"Darkness","floor":10},{"not_picked":["Steam Power","Storm"],"picked":"Force Field","floor":11}],"player_experience":220646,"relics_obtained":[{"floor":6,"key":"MealTicket"},{"floor":10,"key":"Vajra"}],"event_choices":[{"damage_healed":0,"gold_gain":0,"player_choice":"Paid Gold","damage_taken":0,"relics_obtained":["TungstenRod"],"max_hp_gain":0,"max_hp_loss":0,"event_name":"WeMeetAgain","floor":7,"gold_loss":97},{"cards_removed":["Strike_B"],"damage_healed":0,"gold_gain":0,"player_choice":"Purged","damage_taken":0,"max_hp_gain":0,"max_hp_loss":0,"event_name":"Purifier","floor":12,"gold_loss":0}],"is_beta":false,"boss_relics":[],"items_purged_floors":[2],"is_endless":false,"potions_floor_spawned":[1,6,10],"killed_by":"Gremlin Nob","ascension_level":7}}