{"host":"51dweoxrcspgw6ri","time":1613540376,"event":{"mods":["BaseMod","Colored Map","Colored Powertips","Minty Spire (QoL Compilation)","Rare Cards Sparkle","Relic Stats","StSLib","SuperFastMode"],"gold_per_floor":[209,209,219,68,86,86,115,115,140,140,415,447,461,489,489,563,563,583,84,96,108,121,121,134,149,149,149,159,188,204,239,239,239,239],"floor_reached":33,"language":"ENG","playtime":1450,"items_purged":["Regret"],"score":689,"play_id":"c53e6500-e416-4567-8a7b-692358fcdc18","local_time":"20210217063936","is_ascension_mode":true,"campfire_choices":[{"data":"Electrodynamics","floor":6.0,"key":"SMITH"},{"data":"Beam Cell","floor":8.0,"key":"SMITH"},{"data":"Dualcast","floor":10.0,"key":"SMITH"},{"floor":15.0,"key":"REST"},{"floor":23.0,"key":"REST"},{"floor":27.0,"key":"REST"},{"data":"Fission","floor":32,"key":"SMITH"}],"circlet_count":0,"master_deck":["AscendersBane","Zap","Dualcast+1","Ball Lightning","Beam Cell+1","Electrodynamics+1","Gash","BootSequence","Steam","Capacitor","Fission+1","Fission","All For One","Barrage","Cold Snap","Chill","Heatsinks","Fusion","Double Energy","Gash","All For One","Melter","Leap","FTL","Steam","Gash","Leap+1","Gash+1","Gash+1","Leap"],"relics":["Cracked Core","Nunchaku","Bag of Preparation","Ornamental Fan","Blood Vial","Pandora\u0027s Box","MealTicket","DollysMirror","Meat on the Bone","Toy Ornithopter","Molten Egg 2"],"acts_visited":["Exordium","TheCity"],"potions_floor_usage":[33,33],"damage_taken":[{"damage":7.0,"enemies":"2 Louse","floor":1.0,"turns":3.0},{"damage":5.0,"enemies":"Small Slimes","floor":3.0,"turns":2.0},{"damage":1.0,"enemies":"Cultist","floor":5.0,"turns":3.0},{"damage":15.0,"enemies":"3 Sentries","floor":7.0,"turns":3.0},{"damage":21.0,"enemies":"Gremlin Nob","floor":12.0,"turns":3.0},{"damage":8.0,"enemies":"Looter","floor":13.0,"turns":3.0},{"damage":20.0,"enemies":"Lagavulin","floor":14.0,"turns":5.0},{"damage":3.0,"enemies":"Slime Boss","floor":16.0,"turns":6.0},{"damage":23.0,"enemies":"Shell Parasite","floor":18.0,"turns":5.0},{"damage":0.0,"enemies":"Chosen","floor":20.0,"turns":2.0},{"damage":23.0,"enemies":"Snecko","floor":21.0,"turns":4.0},{"damage":12.0,"enemies":"Cultist and Chosen","floor":22.0,"turns":4.0},{"damage":8.0,"enemies":"Snake Plant","floor":24.0,"turns":2.0},{"damage":16.0,"enemies":"Sentry and Sphere","floor":25.0,"turns":4.0},{"damage":4.0,"enemies":"Centurion and Healer","floor":28.0,"turns":3.0},{"damage":1.0,"enemies":"Book of Stabbing","floor":29.0,"turns":4.0},{"damage":9.0,"enemies":"Snecko","floor":30.0,"turns":4.0},{"damage":23,"enemies":"Slavers","floor":31,"turns":3},{"damage":56,"enemies":"Collector","floor":33,"turns":3}],"seed_played":"8925143667903504380","potions_obtained":[{"floor":12.0,"key":"Ancient Potion"},{"floor":13.0,"key":"Strength Potion"},{"floor":14.0,"key":"Strength Potion"},{"floor":16.0,"key":"EssenceOfDarkness"},{"floor":24.0,"key":"SpeedPotion"},{"floor":25.0,"key":"AttackPotion"},{"floor":30.0,"key":"Energy Potion"},{"floor":31,"key":"Swift Potion"}],"is_trial":false,"path_per_floor":["M","?","M","$","M","R","E","R","T","R","?","E","M","E","R","B",null,"M","$","M","M","M","R","M","M","T","R","M","E","M","E","R","B"],"character_chosen":"DEFECT","items_purchased":["Electrodynamics","MealTicket","DollysMirror","Melter","Leap"],"campfire_rested":3,"item_purchase_floors":[4,19,19,19,19],"current_hp_per_floor":[57,71,66,66,65,65,50,50,50,50,50,29,21,1,22,21,59,38,38,40,19,9,30,24,10,10,31,41,42,47,38,38,0,0],"gold":239,"neow_bonus":"HUNDRED_GOLD","is_daily":false,"chose_seed":false,"campfire_upgraded":4,"win_rate":0.0,"timestamp":1613540376,"path_taken":["M","?","M","$","M","R","E","R","T","R","?","E","M","E","R","BOSS","M","$","M","M","M","R","M","M","T","R","?","E","M","E","R","BOSS"],"items_purchased_type":["Card","Relic","Relic","Card","Card"],"build_version":"2020-12-22","purchased_purges":1,"victory":false,"max_hp_per_floor":[71,71,71,71,71,71,71,71,71,71,71,71,71,71,71,71,71,71,71,71,71,71,71,71,71,71,71,71,71,71,71,71,71,71],"relic_stats":{"Blood Vial":24,"Nunchaku":[15],"counters":[19,66],"Ornamental Fan":[112],"Pandora\u0027s Box":["Fission","All For One","Barrage","Cold Snap","Chill","Heatsinks","Fusion","Double Energy"],"MealTicket":0,"Bag of Preparation":[30],"obtain_stats":[{"Blood Vial":14,"Nunchaku":7,"Ornamental Fan":12,"DollysMirror":19,"Pandora\u0027s Box":17,"MealTicket":19,"Molten Egg 2":31,"Bag of Preparation":9,"Cracked Core":0,"Toy Ornithopter":29,"Meat on the Bone":26},{"Blood Vial":7,"Nunchaku":4,"Ornamental Fan":5,"DollysMirror":9,"Pandora\u0027s Box":8,"MealTicket":9,"Molten Egg 2":18,"Bag of Preparation":4,"Cracked Core":0,"Toy Ornithopter":16,"Meat on the Bone":14},{"Blood Vial":22,"Nunchaku":11,"Ornamental Fan":14,"DollysMirror":33,"Pandora\u0027s Box":28,"MealTicket":33,"Molten Egg 2":63,"Bag of Preparation":11,"Cracked Core":0,"Toy Ornithopter":56,"Meat on the Bone":49}],"Toy Ornithopter":10,"Meat on the Bone":36},"card_choices":[{"not_picked":["Go for the Eyes","Loop"],"picked":"Ball Lightning","floor":1.0},{"not_picked":["Stack","Barrage"],"picked":"Beam Cell","floor":3.0},{"not_picked":["Chill","Fusion"],"picked":"Gash","floor":5.0},{"not_picked":["Turbo","Barrage","Hyperbeam"],"picked":"SKIP","floor":7.0},{"not_picked":["Barrage","Conserve Battery"],"picked":"BootSequence","floor":12.0},{"not_picked":["Consume","Compile Driver"],"picked":"Steam","floor":13.0},{"not_picked":["Ball Lightning","Undo"],"picked":"Capacitor","floor":14.0},{"not_picked":["Seek","Thunder Strike"],"picked":"Fission","floor":16.0},{"not_picked":["Beam Cell","Sweeping Beam"],"picked":"Gash","floor":18.0},{"not_picked":["Ball Lightning","Go for the Eyes"],"picked":"FTL","floor":20.0},{"not_picked":["Rebound","Coolheaded","Stack"],"picked":"SKIP","floor":21.0},{"not_picked":["Ball Lightning","Coolheaded"],"picked":"Steam","floor":22.0},{"not_picked":["Fusion","Go for the Eyes+1"],"picked":"Gash","floor":24.0},{"not_picked":["Meteor Strike","Stack","Darkness"],"picked":"SKIP","floor":25.0},{"not_picked":["Heatsinks","BootSequence"],"picked":"Leap+1","floor":28.0},{"not_picked":["Self Repair","Lockon"],"picked":"Gash+1","floor":29.0},{"not_picked":["Reprogram","Loop+1"],"picked":"Gash+1","floor":30.0},{"not_picked":["Loop","Steam"],"picked":"Leap","floor":31}],"player_experience":538690,"relics_obtained":[{"floor":7.0,"key":"Nunchaku"},{"floor":9.0,"key":"Bag of Preparation"},{"floor":12.0,"key":"Ornamental Fan"},{"floor":14.0,"key":"Blood Vial"},{"floor":26.0,"key":"Meat on the Bone"},{"floor":29.0,"key":"Toy Ornithopter"},{"floor":31,"key":"Molten Egg 2"}],"event_choices":[{"damage_healed":23.0,"max_hp_gain":0.0,"max_hp_loss":0.0,"gold_gain":0.0,"event_name":"Big Fish","player_choice":"Banana","floor":2.0,"gold_loss":0.0,"damage_taken":0.0},{"damage_healed":0.0,"max_hp_gain":0.0,"max_hp_loss":0.0,"gold_gain":275.0,"event_name":"Golden Shrine","player_choice":"Desecrate","floor":11.0,"gold_loss":0.0,"damage_taken":0.0,"cards_obtained":["Regret"]}],"is_beta":false,"boss_relics":[{"not_picked":["Snecko Eye","Nuclear Battery"],"picked":"Pandora\u0027s Box"}],"items_purged_floors":[19],"is_endless":false,"potions_floor_spawned":[12,13,14,16,24,25,30,31],"killed_by":"Collector","ascension_level":17}}