{"host":"3y2rtlgteqp2nuo3","time":1613561491,"event":{"mods":["2.2 Compatiblity","AchievementEnabler","BaseMod","Colored Map","DeckTracker","Highlight Path","Keyboard Shortcuts","Minty Spire (QoL Compilation)","Permanent Neow","Quick Restart","StSLib","SuperFastMode","everything is the same but u backflip on backflip"],"gold_per_floor":[113,126,126,51,51,51,64,64,90,102,129,156,68,88,88,163,163,180,180,55,67,84,84,94,94,94,120,120,120,133,158,158],"floor_reached":31,"language":"KOR","playtime":554,"items_purged":["Strike_P","Decay","Strike_P"],"score":454,"play_id":"588b9a4e-0df3-4314-a077-7b61bb61090c","local_time":"20210217203131","is_ascension_mode":true,"campfire_choices":[{"data":"Eruption","floor":6.0,"key":"SMITH"},{"data":"ForeignInfluence","floor":8.0,"key":"SMITH"},{"data":"ForeignInfluence","floor":10.0,"key":"SMITH"},{"data":"InnerPeace","floor":15.0,"key":"SMITH"},{"data":"CrushJoints","floor":23.0,"key":"SMITH"},{"floor":25.0,"key":"REST"}],"circlet_count":0,"master_deck":["AscendersBane","Defend_P","Eruption+1","Vigilance","ForeignInfluence+1","ReachHeaven","ForeignInfluence+1","InnerPeace+1","Judgement","CrushJoints+1","Wish","ForeignInfluence","Judgement","PathToVictory"],"relics":["PureWater","MawBank","Cursed Key","Red Mask"],"acts_visited":["Exordium","TheCity"],"potions_floor_usage":[27],"damage_taken":[{"damage":7.0,"enemies":"Jaw Worm","floor":1.0,"turns":2.0},{"damage":0.0,"enemies":"2 Louse","floor":2.0,"turns":2.0},{"damage":0.0,"enemies":"Cultist","floor":7.0,"turns":2.0},{"damage":0.0,"enemies":"Looter","floor":11.0,"turns":1.0},{"damage":0.0,"enemies":"2 Fungi Beasts","floor":12.0,"turns":3.0},{"damage":2.0,"enemies":"3 Louse","floor":14.0,"turns":2.0},{"damage":51.0,"enemies":"The Guardian","floor":16.0,"turns":9.0},{"damage":27.0,"enemies":"Shell Parasite","floor":18.0,"turns":4.0},{"damage":0.0,"enemies":"Spheric Guardian","floor":21.0,"turns":1.0},{"damage":12.0,"enemies":"Snake Plant","floor":22.0,"turns":3.0},{"damage":9.0,"enemies":"Centurion and Healer","floor":24.0,"turns":3.0},{"damage":0,"enemies":"Masked Bandits","floor":27,"turns":2},{"damage":20,"enemies":"Shelled Parasite and Fungi","floor":30,"turns":3},{"damage":11,"enemies":"3 Cultists","floor":31,"turns":3}],"seed_played":"-633587024712593468","potions_obtained":[{"floor":11.0,"key":"PowerPotion"},{"floor":14.0,"key":"Fire Potion"},{"floor":16.0,"key":"GamblersBrew"},{"floor":24.0,"key":"SneckoOil"},{"floor":27,"key":"SteroidPotion"}],"is_trial":false,"path_per_floor":["M","M","?","$","?","R","M","R","T","R","M","M","$","M","R","B",null,"M","?","$","M","M","R","M","R","T","?","$","?","M","M"],"character_chosen":"WATCHER","items_purchased":[],"campfire_rested":1,"item_purchase_floors":[],"current_hp_per_floor":[54,54,54,54,54,54,54,54,54,54,54,54,54,52,52,1,47,20,32,32,32,20,20,11,29,29,29,29,29,9,0,0],"gold":158,"neow_bonus":"TRANSFORM_TWO_CARDS","is_daily":false,"chose_seed":false,"campfire_upgraded":5,"win_rate":0.0,"timestamp":1613561491,"path_taken":["M","M","?","$","?","R","M","R","T","R","M","M","$","?","R","BOSS","M","?","$","M","M","R","M","R","T","?","$","?","?","M"],"items_purchased_type":[],"build_version":"2020-12-22","purchased_purges":3,"victory":false,"max_hp_per_floor":[62,62,62,62,62,62,62,62,62,62,62,62,62,62,62,62,62,62,62,62,62,62,62,62,62,62,62,62,62,62,62,62],"card_choices":[{"not_picked":["FlyingSleeves","SashWhip","Crescendo"],"picked":"SKIP","floor":1.0},{"not_picked":["ThirdEye","CrushJoints"],"picked":"ForeignInfluence","floor":2.0},{"not_picked":["Nirvana","SashWhip","Crescendo"],"picked":"SKIP","floor":7.0},{"not_picked":["FollowUp","FlyingSleeves","BowlingBash"],"picked":"SKIP","floor":11.0},{"not_picked":["FlyingSleeves","SashWhip"],"picked":"InnerPeace","floor":12.0},{"not_picked":["Swivel","FlurryOfBlows","Protect"],"picked":"SKIP","floor":14.0},{"not_picked":["Omniscience","SpiritShield"],"picked":"Judgement","floor":16.0},{"not_picked":["CutThroughFate","Halt","JustLucky"],"picked":"SKIP","floor":18.0},{"not_picked":["FollowUp","Meditate"],"picked":"CrushJoints","floor":21.0},{"not_picked":["SashWhip+1","Halt","JustLucky+1"],"picked":"SKIP","floor":22.0},{"not_picked":["LikeWater","EmptyFist","Crescendo"],"picked":"SKIP","floor":24.0},{"not_picked":["MentalFortress","Consecrate"],"picked":"Wish","floor":27},{"not_picked":["EmptyBody","SandsOfTime"],"picked":"PathToVictory","floor":30}],"player_experience":791608,"relics_obtained":[{"floor":9.0,"key":"MawBank"},{"floor":27,"key":"Red Mask"}],"event_choices":[{"cards_removed":["Strike_P"],"damage_healed":0.0,"max_hp_gain":0.0,"max_hp_loss":0.0,"gold_gain":0.0,"event_name":"Living Wall","player_choice":"Forget","floor":3.0,"gold_loss":0.0,"damage_taken":0.0},{"damage_healed":0.0,"max_hp_gain":0.0,"max_hp_loss":0.0,"gold_gain":0.0,"event_name":"Wheel of Change","player_choice":"Cursed","floor":5.0,"gold_loss":0.0,"damage_taken":0.0,"cards_obtained":["Decay"]},{"damage_healed":12.0,"max_hp_gain":0.0,"max_hp_loss":0.0,"gold_gain":0.0,"event_name":"The Library","player_choice":"Heal","floor":19.0,"gold_loss":0.0,"damage_taken":0.0},{"damage_healed":0,"gold_gain":0,"player_choice":"Fought Bandits","damage_taken":0,"max_hp_gain":0,"max_hp_loss":0,"event_name":"Masked Bandits","floor":27,"gold_loss":0},{"damage_healed":0,"gold_gain":0,"cards_transformed":["Defend_P","Defend_P"],"player_choice":"Became Test Subject","damage_taken":0,"max_hp_gain":0,"max_hp_loss":0,"event_name":"Drug Dealer","floor":29,"gold_loss":0,"cards_obtained":["ForeignInfluence","Judgement"]}],"is_beta":false,"boss_relics":[{"not_picked":["Ectoplasm","SacredBark"],"picked":"Cursed Key"}],"items_purged_floors":[4,13,20],"is_endless":false,"potions_floor_spawned":[11,14,16,24,27],"killed_by":"3 Cultists","ascension_level":20}}