{"host":"7zq0fgva91iwgkd5","time":1613526347,"event":{"mods":["AchievementEnabler","BaseMod","Bestiary","Colored Map","Curses Come First","DeckTracker","Minty Spire (QoL Compilation)","Rare Cards Sparkle","StSLib","Unceasing Turn Reminder"],"gold_per_floor":[119,130,84,84,102,102,64,74,74,74,104,104,139,154,154,225,225,236,236,236,254,271,271,297,308,308,308,324,358,358,22,22,22,22],"floor_reached":33,"language":"ENG","playtime":1042,"items_purged":[],"score":541,"play_id":"d9f14bfd-c3ad-4b3c-9c72-423204de27e8","local_time":"20210217024547","is_ascension_mode":true,"campfire_choices":[{"data":"Bash","floor":6,"key":"SMITH"},{"data":"Carnage","floor":10,"key":"SMITH"},{"data":"Iron Wave","floor":12,"key":"SMITH"},{"floor":15,"key":"REST"},{"floor":23,"key":"REST"},{"floor":27,"key":"REST"},{"floor":30,"key":"REST"},{"floor":32,"key":"REST"}],"circlet_count":0,"master_deck":["AscendersBane","Defend_R","Defend_R","Defend_R","Defend_R","Bash+1","Dramatic Entrance+1","Iron Wave+1","Disarm","Cleave","Rampage","Carnage+1","Anger","Headbutt","Impervious","Shrug It Off","Limit Break","Sword Boomerang+1","J.A.X.","Bite","Bite","Bite","Bite","Bite","Flame Barrier","Spot Weakness","Headbutt+1","Cleave+1","Bandage Up"],"relics":["Burning Blood","Nunchaku","Shuriken","InkBottle","Mark of Pain","Molten Egg 2","Bottled Lightning","Pen Nib","Orichalcum"],"acts_visited":["Exordium","TheCity"],"potions_floor_usage":[11,14,16,22,29,29,33,33],"damage_taken":[{"damage":5,"enemies":"Cultist","floor":1,"turns":5},{"damage":0,"enemies":"2 Louse","floor":2,"turns":3},{"damage":2,"enemies":"Jaw Worm","floor":5,"turns":3},{"damage":10,"enemies":"Exordium Thugs","floor":8,"turns":5},{"damage":10,"enemies":"Gremlin Nob","floor":11,"turns":3},{"damage":28,"enemies":"Lagavulin","floor":13,"turns":4},{"damage":3,"enemies":"Large Slime","floor":14,"turns":6},{"damage":38,"enemies":"The Guardian","floor":16,"turns":8},{"damage":12,"enemies":"Chosen","floor":18,"turns":4},{"damage":4,"enemies":"Spheric Guardian","floor":21,"turns":3},{"damage":28,"enemies":"Centurion and Healer","floor":22,"turns":4},{"damage":18,"enemies":"Gremlin Leader","floor":24,"turns":5},{"damage":27,"enemies":"Shelled Parasite and Fungi","floor":25,"turns":4},{"damage":35,"enemies":"Snecko","floor":28,"turns":5},{"damage":19,"enemies":"Book of Stabbing","floor":29,"turns":4},{"damage":73,"enemies":"Automaton","floor":33,"turns":6}],"seed_played":"-6106360799656261822","potions_obtained":[{"floor":2,"key":"EssenceOfSteel"},{"floor":8,"key":"SpeedPotion"},{"floor":11,"key":"EntropicBrew"},{"floor":13,"key":"PowerPotion"},{"floor":14,"key":"Block Potion"},{"floor":18,"key":"ColorlessPotion"},{"floor":25,"key":"LiquidBronze"}],"is_trial":false,"path_per_floor":["M","M","$","?","M","R","$","M","T","R","E","R","E","M","R","B",null,"M","?","?","M","M","R","E","M","T","R","M","E","R","$","R","B"],"character_chosen":"IRONCLAD","items_purchased":["Cleave","Carnage","Orichalcum","Bandage Up","Dexterity Potion","ColorlessPotion"],"campfire_rested":5,"item_purchase_floors":[3,7,31,31,31,31],"current_hp_per_floor":[69,75,75,75,75,75,75,71,71,71,67,67,45,48,70,38,66,60,60,52,52,32,47,45,30,30,45,20,13,28,28,43,0,0],"gold":22,"neow_bonus":"RANDOM_COLORLESS","is_daily":false,"chose_seed":false,"campfire_upgraded":3,"win_rate":0.0,"timestamp":1613526347,"path_taken":["M","M","?","?","M","R","?","M","T","R","E","R","E","?","R","BOSS","M","?","?","M","M","R","E","M","T","R","M","E","R","$","R","BOSS"],"items_purchased_type":["Card","Card","Relic","Card","Potion","Potion"],"build_version":"2020-12-22","purchased_purges":0,"victory":false,"max_hp_per_floor":[75,75,75,75,75,75,75,75,75,75,75,75,75,75,75,75,75,75,75,52,52,52,52,52,52,52,52,52,52,52,52,52,52,52],"card_choices":[{"not_picked":["Discovery","PanicButton"],"picked":"Dramatic Entrance","floor":0},{"not_picked":["Wild Strike","Shrug It Off"],"picked":"Iron Wave","floor":1},{"not_picked":["Power Through","Thunderclap"],"picked":"Disarm","floor":2},{"not_picked":["True Grit","Second Wind"],"picked":"Rampage","floor":5},{"not_picked":["Sever Soul","Havoc"],"picked":"Anger","floor":8},{"not_picked":["Feel No Pain","Battle Trance"],"picked":"Headbutt","floor":11},{"not_picked":["Anger","Wild Strike"],"picked":"Impervious","floor":13},{"not_picked":["Entrench","Clash"],"picked":"Shrug It Off","floor":14},{"not_picked":["Fiend Fire","Brutality"],"picked":"Limit Break","floor":16},{"not_picked":["Rupture","Fire Breathing"],"picked":"Sword Boomerang+1","floor":18},{"not_picked":["Intimidate","Armaments"],"picked":"Flame Barrier","floor":21},{"not_picked":["Clash+1","Thunderclap","Perfected Strike"],"picked":"SKIP","floor":22},{"not_picked":["Flex","Second Wind","Impervious"],"picked":"SKIP","floor":24},{"not_picked":["Clash+1","Second Wind"],"picked":"Spot Weakness","floor":25},{"not_picked":["Flex","True Grit"],"picked":"Headbutt+1","floor":28},{"not_picked":["Rampage+1","Flex"],"picked":"Cleave+1","floor":29}],"player_experience":176278,"relics_obtained":[{"floor":9,"key":"Nunchaku"},{"floor":11,"key":"Shuriken"},{"floor":13,"key":"InkBottle"},{"floor":24,"key":"Molten Egg 2"},{"floor":26,"key":"Bottled Lightning"},{"floor":29,"key":"Pen Nib"}],"event_choices":[{"damage_healed":0,"gold_gain":0,"player_choice":"Grow","damage_taken":0,"max_hp_gain":0,"max_hp_loss":0,"event_name":"Living Wall","floor":4,"gold_loss":0,"cards_upgraded":["Dramatic Entrance"]},{"damage_healed":0,"gold_gain":0,"player_choice":"Obtain J.A.X.","damage_taken":0,"max_hp_gain":0,"max_hp_loss":0,"event_name":"Drug Dealer","floor":19,"gold_loss":0,"cards_obtained":["J.A.X."]},{"damage_healed":0,"gold_gain":0,"player_choice":"Became a vampire","damage_taken":0,"max_hp_gain":0,"max_hp_loss":23,"event_name":"Vampires","floor":20,"gold_loss":0,"cards_obtained":["Bite","Bite","Bite","Bite","Bite"]}],"is_beta":false,"boss_relics":[{"not_picked":["Tiny House","Empty Cage"],"picked":"Mark of Pain"}],"items_purged_floors":[],"is_endless":false,"potions_floor_spawned":[2,8,11,13,14,18,25],"killed_by":"Automaton","ascension_level":15}}