{"host":"apr17x9d6644yr8l","time":1613523963,"event":{"mods":["BaseMod","Downfall","Hermit","Minty Spire (QoL Compilation)","StSLib","The Cursed","The Servant 0.9.4"],"gold_per_floor":[111,128,303,303,322,322,113,124,204,27,27,46,46,65,65,167,167,185,100,100,100,115,147,147,163,187,187,197,197,209,209,209,314,314,327,342,183,194,42,42,0,29,56,72,122,142,52,64,64,64,64,64,19,47,47,47],"floor_reached":55,"language":"ENG","playtime":5383,"items_purged":["Doubt","Defend_S","Strike_S"],"score":684,"play_id":"5aa20a38-75f6-4771-9dad-4cef39bfdac7","local_time":"20210216170603","is_ascension_mode":false,"campfire_choices":[{"data":"SilverBlades","floor":6,"key":"SMITH"},{"data":"Starlight","floor":11,"key":"SMITH"},{"data":"SurpressingFire","floor":13,"key":"SMITH"},{"floor":15,"key":"REST"},{"floor":27,"key":"REST"},{"floor":29,"key":"REST"},{"data":"TheWorld","floor":32,"key":"SMITH"},{"floor":40,"key":"REST"},{"floor":49,"key":"RECALL"},{"data":"TheWorld","floor":52,"key":"SMITH"}],"circlet_count":0,"master_deck":["Strike_S","KidneyShot","Exchange","Gouge","SilverBlades+1","Rearm","Flash of Steel","Starlight+1","ShiftingGears","SurpressingFire+1","Ricochet","FlawlessForm","Desolation","Potential","FanOfKnives","Luminosity","Potential+1","TheWorld+1","TheWorld+1","CurseOfTheBell","TimeWarp","TimeWarp","InstantArmor","SurpressingFire","BottledTime+1","BestPractice+1","Dilation","Luminosity+1","BottledTime","SoulSculpture"],"relics":["Uniform","NeowsBlessing","White Beast Statue","Empty Cage","Pen Nib","Dream Catcher","Blood Vial","Calling Bell","Anchor","Shuriken","Calipers","Chemical X","Red Mask","Bronze Scales","Regal Pillow","Thread and Needle","Bottled Lightning"],"acts_visited":["Exordium","TheCity","TheBeyond","TheEnding"],"potions_floor_usage":[16,16,16,22,23,23,28,28,35,35,35,36,38,42,44,50,55,55,55],"damage_taken":[{"damage":0,"enemies":"Jaw Worm","floor":1,"turns":1},{"damage":0,"enemies":"2 Louse","floor":2,"turns":1},{"damage":0,"enemies":"Small Slimes","floor":5,"turns":1},{"damage":10,"enemies":"Exordium Wildlife","floor":8,"turns":4},{"damage":18,"enemies":"3 Louse","floor":12,"turns":3},{"damage":9,"enemies":"2 Fungi Beasts","floor":14,"turns":3},{"damage":4,"enemies":"The Guardian","floor":16,"turns":6},{"damage":3,"enemies":"Spheric Guardian","floor":18,"turns":4},{"damage":10,"enemies":"2 Thieves","floor":22,"turns":3},{"damage":32,"enemies":"Slavers","floor":23,"turns":4},{"damage":1,"enemies":"3 Cultists","floor":25,"turns":3},{"damage":10,"enemies":"Sentry and Sphere","floor":28,"turns":3},{"damage":1,"enemies":"Snecko","floor":30,"turns":5},{"damage":6,"enemies":"Collector","floor":33,"turns":6},{"damage":23,"enemies":"3 Darklings","floor":35,"turns":4},{"damage":9,"enemies":"3 Shapes","floor":36,"turns":4},{"damage":28,"enemies":"Writhing Mass","floor":38,"turns":6},{"damage":0,"enemies":"Giant Head","floor":42,"turns":5},{"damage":0,"enemies":"4 Shapes","floor":44,"turns":4},{"damage":3,"enemies":"Mind Bloom Boss Battle","floor":45,"turns":4},{"damage":0,"enemies":"Transient","floor":46,"turns":5},{"damage":0,"enemies":"Maw","floor":48,"turns":4},{"damage":34,"enemies":"Donu and Deca","floor":50,"turns":7},{"damage":33,"enemies":"Shield and Spear","floor":54,"turns":3},{"damage":51,"enemies":"The Heart","floor":55,"turns":5}],"seed_played":"-2136445153580885773","potions_obtained":[{"floor":5,"key":"DistilledChaos"},{"floor":8,"key":"Weak Potion"},{"floor":12,"key":"Strength Potion"},{"floor":14,"key":"BlessingOfTheForge"},{"floor":16,"key":"Fire Potion"},{"floor":18,"key":"Ancient Potion"},{"floor":22,"key":"Ancient Potion"},{"floor":23,"key":"FearPotion"},{"floor":25,"key":"AttackPotion"},{"floor":28,"key":"champ:CounterPotion"},{"floor":30,"key":"Weak Potion"},{"floor":33,"key":"Fire Potion"},{"floor":35,"key":"champ:CounterPotion"},{"floor":36,"key":"CultistPotion"},{"floor":38,"key":"ColorlessPotion"},{"floor":42,"key":"Block Potion"},{"floor":44,"key":"CultistPotion"},{"floor":45,"key":"CultistPotion"},{"floor":46,"key":"bronze:BurnAndBuffPotion"},{"floor":54,"key":"Weak Potion"}],"is_trial":false,"path_per_floor":["M","M","?","?","M","R","$","M","T","$","R","M","R","M","R","B",null,"M","?","?","?","M","E","?","M","T","R","M","R","M","T","R","B",null,"M","M","$","M","$","R","?","E","T","M","?","M","?","M","R","B",null,"R","$","E","B"],"character_chosen":"THE_SERVANT","items_purchased":["Flash of Steel","Starlight","SurpressingFire","InstantArmor","Chemical X","BottledTime"],"campfire_rested":4,"item_purchase_floors":[7,7,10,37,39,53],"current_hp_per_floor":[65,65,65,70,70,70,70,60,60,60,60,42,42,33,54,50,70,67,67,67,54,44,12,12,11,11,33,25,47,48,48,48,44,75,52,45,45,19,19,41,41,43,43,45,44,46,46,48,48,16,75,75,75,42,0,0],"gold":47,"neow_bonus":"THREE_ENEMY_KILL","is_daily":false,"chose_seed":false,"campfire_upgraded":5,"win_rate":0.0,"timestamp":1613523963,"path_taken":["M","M","?","?","M","R","?","?","T","$","R","M","R","M","R","BOSS","M","?","?","?","M","E","?","M","T","R","M","R","?","?","R","BOSS","M","M","$","M","$","R","?","E","T","M","?","M","?","M","R","BOSS","R","$","E","BOSS"],"items_purchased_type":["Card","Card","Card","Card","Relic","Card"],"build_version":"2020-12-22","purchased_purges":3,"victory":false,"max_hp_per_floor":[65,65,65,70,70,70,70,70,70,70,70,70,70,70,70,70,70,70,70,70,75,75,75,75,75,75,75,75,75,75,75,75,75,75,75,75,75,75,75,75,75,75,75,75,75,75,75,75,75,75,75,75,75,75,75,75],"card_choices":[{"not_picked":["Defy","Rewind"],"picked":"Gouge","floor":1},{"not_picked":["BestPractice","Hightail"],"picked":"SilverBlades","floor":2},{"not_picked":["Potential","Ricochet"],"picked":"Rearm","floor":5},{"not_picked":["FastForward","Unruled"],"picked":"ShiftingGears","floor":8},{"not_picked":["Hightail","Unruled"],"picked":"Ricochet","floor":12},{"not_picked":["Shuttle","MoonPhase","Spin"],"picked":"SKIP","floor":14},{"not_picked":["ForgedInTime","Initiator"],"picked":"FlawlessForm","floor":16},{"not_picked":["Spin+1","Rearm+1"],"picked":"Desolation","floor":18},{"not_picked":["BottledTime","Replace"],"picked":"Luminosity","floor":22},{"not_picked":["Rearm","Ricochet+1","Sabotage"],"picked":"SKIP","floor":23},{"not_picked":["ReturningBlade","Replace"],"picked":"Potential","floor":25},{"not_picked":["Hightail+1","Rewind+1"],"picked":"TheWorld","floor":28},{"not_picked":["Starlight","Potential+1","FastForward"],"picked":"SKIP","floor":30},{"not_picked":["FloweringNight","ForgedInTime"],"picked":"TheWorld","floor":33},{"not_picked":["Spin","ShatteredReality+1"],"picked":"TimeWarp","floor":35},{"not_picked":["Rearm","DualDimension"],"picked":"TimeWarp","floor":36},{"not_picked":["ForgedInTime","Snipe","Starlight"],"picked":"SKIP","floor":38},{"not_picked":["Ricochet+1","Spin+1"],"picked":"SurpressingFire","floor":40},{"not_picked":["Replace+1","Spin+1"],"picked":"BottledTime+1","floor":42},{"not_picked":["Read","ShiftingGears+1"],"picked":"BestPractice+1","floor":44},{"not_picked":["Rearm+1","SurpressingFire+1"],"picked":"Dilation","floor":45},{"not_picked":["Replace+1","DoubleEdge"],"picked":"Luminosity+1","floor":46},{"not_picked":["Collapse+1","DoubleEdge","Spin+1"],"picked":"SKIP","floor":48},{"not_picked":["Reset+1","WasteNot"],"picked":"SoulSculpture","floor":54}],"player_experience":242787,"relics_obtained":[{"floor":9,"key":"White Beast Statue"},{"floor":23,"key":"Dream Catcher"},{"floor":26,"key":"Blood Vial"},{"floor":34,"key":"Anchor"},{"floor":34,"key":"Shuriken"},{"floor":34,"key":"Calipers"},{"floor":42,"key":"Bronze Scales"},{"floor":43,"key":"Regal Pillow"},{"floor":45,"key":"Thread and Needle"},{"floor":54,"key":"Bottled Lightning"}],"event_choices":[{"damage_healed":0,"gold_gain":175,"player_choice":"AGREE","damage_taken":0,"max_hp_gain":0,"max_hp_loss":0,"event_name":"Liars Game","floor":3,"gold_loss":0,"cards_obtained":["Doubt"]},{"damage_healed":0,"gold_gain":0,"player_choice":"Donut","damage_taken":0,"max_hp_gain":5,"max_hp_loss":0,"event_name":"Big Fish","floor":4,"gold_loss":0},{"damage_healed":0,"gold_gain":0,"player_choice":"Obtained Relic","damage_taken":0,"relics_obtained":["Pen Nib"],"max_hp_gain":0,"max_hp_loss":0,"event_name":"Addict","floor":19,"gold_loss":85},{"damage_healed":0,"gold_gain":0,"cards_transformed":["Strike_S","Defend_S"],"player_choice":"Became Test Subject","damage_taken":0,"max_hp_gain":0,"max_hp_loss":0,"event_name":"Drug Dealer","floor":20,"gold_loss":0,"cards_obtained":["Potential","FanOfKnives"]},{"damage_healed":0,"gold_gain":0,"player_choice":"Shed Blood","damage_taken":18,"max_hp_gain":5,"max_hp_loss":0,"event_name":"Forgotten Altar","floor":21,"gold_loss":0},{"damage_healed":0,"gold_gain":0,"player_choice":"Paid","damage_taken":0,"relics_obtained":["Red Mask"],"max_hp_gain":0,"max_hp_loss":0,"event_name":"Tomb of Lord Red Mask","floor":41,"gold_loss":42},{"damage_healed":0,"gold_gain":0,"player_choice":"Fight","damage_taken":0,"max_hp_gain":0,"max_hp_loss":0,"event_name":"MindBloom","floor":45,"gold_loss":0},{"cards_removed":["Defend_S"],"damage_healed":0,"gold_gain":0,"player_choice":"Upgrade and Remove","damage_taken":0,"max_hp_gain":0,"max_hp_loss":0,"event_name":"Designer","floor":47,"gold_loss":90,"cards_upgraded":["Potential"]}],"is_beta":false,"boss_relics":[{"not_picked":["Snecko Eye","Astrolabe"],"picked":"Empty Cage"},{"not_picked":["Runic Dome","Coffee Dripper"],"picked":"Calling Bell"}],"items_purged_floors":[7,10,37],"is_endless":false,"potions_floor_spawned":[5,8,12,14,16,18,22,23,25,28,30,33,35,36,38,42,44,45,46,48,54],"killed_by":"The Heart","ascension_level":0}}