{"host":"CottonTail234","time":1613523753,"event":{"mods":["BaseMod","Colored Map","Minty Spire (QoL Compilation)","StSLib"],"gold_per_floor":[19,30,47,47,66,91,91,121,176,176,176,191,191,29,29,107,107,120,120,138,153,153,153],"floor_reached":22,"language":"ENG","playtime":869,"items_purged":[],"score":333,"play_id":"140949fb-8028-4c35-aef7-0cbf2047fece","local_time":"20210216180233","is_ascension_mode":true,"campfire_choices":[{"data":"Judgement","floor":7,"key":"SMITH"},{"floor":10,"key":"REST"},{"floor":15,"key":"REST"}],"circlet_count":0,"master_deck":["AscendersBane","Strike_P","Strike_P","Strike_P","Strike_P","Defend_P","Defend_P","Defend_P","Eruption+1","Vigilance","Judgement+1","ForeignInfluence+1","CrushJoints","Crescendo","Conclude","Scrawl","Prostrate","Finesse","WaveOfTheHand","Alpha","Prostrate","DeceiveReality+1","Sanctity"],"relics":["PureWater","Bottled Flame","Matryoshka","Ancient Tea Set","Tiny Chest","Runic Pyramid","Nilry\u0027s Codex"],"acts_visited":["Exordium","TheCity"],"potions_floor_usage":[6,16,16,22],"damage_taken":[{"damage":7,"enemies":"Jaw Worm","floor":1,"turns":2},{"damage":1,"enemies":"Cultist","floor":2,"turns":3},{"damage":2,"enemies":"2 Louse","floor":3,"turns":2},{"damage":3,"enemies":"2 Fungi Beasts","floor":5,"turns":3},{"damage":22,"enemies":"Lagavulin","floor":6,"turns":4},{"damage":17,"enemies":"3 Sentries","floor":8,"turns":6},{"damage":0,"enemies":"3 Louse","floor":12,"turns":1},{"damage":32,"enemies":"The Guardian","floor":16,"turns":14},{"damage":9,"enemies":"2 Thieves","floor":18,"turns":2},{"damage":2,"enemies":"Chosen","floor":20,"turns":3},{"damage":25,"enemies":"Centurion and Healer","floor":21,"turns":7},{"damage":6,"enemies":"Chosen and Byrds","floor":22,"turns":3}],"seed_played":"4882436009667915884","potions_obtained":[{"floor":1,"key":"Swift Potion"},{"floor":2,"key":"DuplicationPotion"},{"floor":8,"key":"Weak Potion"},{"floor":21,"key":"Weak Potion"}],"is_trial":false,"path_per_floor":["M","M","M","?","M","E","R","E","T","R","?","M","?","$","R","B",null,"M","?","M","M","M"],"character_chosen":"WATCHER","items_purchased":["Finesse","WaveOfTheHand"],"campfire_rested":2,"item_purchase_floors":[14,14],"current_hp_per_floor":[54,53,51,51,48,26,26,9,9,29,34,34,19,19,40,8,57,48,32,30,5,0,0],"gold":153,"neow_bonus":"THREE_RARE_CARDS","is_daily":false,"chose_seed":false,"campfire_upgraded":1,"win_rate":0.0,"timestamp":1613523753,"path_taken":["M","M","M","?","?","E","R","E","T","R","?","M","?","$","R","BOSS","M","?","M","M","M"],"items_purchased_type":["Card","Card"],"build_version":"2020-12-18","purchased_purges":0,"victory":false,"max_hp_per_floor":[68,68,68,68,68,68,68,68,68,68,73,73,73,73,73,73,73,73,73,73,73,73,73],"card_choices":[{"not_picked":["Alpha","DevaForm"],"picked":"Judgement","floor":0},{"not_picked":["Meditate","ReachHeaven"],"picked":"ForeignInfluence","floor":1},{"not_picked":["SandsOfTime","Wireheading"],"picked":"CrushJoints","floor":2},{"not_picked":["EmptyFist","Evaluate"],"picked":"Crescendo","floor":3},{"not_picked":["Prostrate","EmptyFist"],"picked":"Conclude","floor":5},{"not_picked":["FollowUp","Nirvana","Halt"],"picked":"SKIP","floor":6},{"not_picked":["CutThroughFate","Consecrate"],"picked":"Scrawl","floor":8},{"not_picked":["PathToVictory","FollowUp"],"picked":"Prostrate","floor":12},{"not_picked":["Blasphemy","LessonLearned"],"picked":"Alpha","floor":16},{"not_picked":["FlyingSleeves","Fasting2"],"picked":"Prostrate","floor":18},{"not_picked":["Protect","Fasting2"],"picked":"DeceiveReality+1","floor":20},{"not_picked":["SashWhip","EmptyFist+1"],"picked":"Sanctity","floor":21}],"player_experience":2193774,"relics_obtained":[{"floor":6,"key":"Bottled Flame"},{"floor":8,"key":"Matryoshka"},{"floor":9,"key":"Ancient Tea Set"},{"floor":9,"key":"Tiny Chest"},{"floor":19,"key":"Nilry\u0027s Codex"}],"event_choices":[{"cards_removed":["Defend_P"],"damage_healed":0,"gold_gain":0,"player_choice":"Offered Basic","damage_taken":0,"max_hp_gain":0,"max_hp_loss":0,"event_name":"Bonfire Elementals","floor":4,"gold_loss":0},{"damage_healed":0,"gold_gain":0,"player_choice":"Donut","damage_taken":0,"max_hp_gain":5,"max_hp_loss":0,"event_name":"Big Fish","floor":11,"gold_loss":0},{"damage_healed":0,"gold_gain":0,"player_choice":"Entered Light","damage_taken":15,"max_hp_gain":0,"max_hp_loss":0,"event_name":"Shining Light","floor":13,"gold_loss":0,"cards_upgraded":["ForeignInfluence","Eruption"]},{"damage_healed":0,"gold_gain":0,"player_choice":"Obtained Book","damage_taken":16,"max_hp_gain":0,"max_hp_loss":0,"event_name":"Cursed Tome","floor":19,"gold_loss":0}],"is_beta":true,"boss_relics":[{"not_picked":["Fusion Hammer","Busted Crown"],"picked":"Runic Pyramid"}],"items_purged_floors":[],"is_endless":false,"potions_floor_spawned":[1,2,8,21],"killed_by":"Chosen and Byrds","ascension_level":14}}