{"host":"y2bqfd80u7hqgj5z","time":1613596205,"event":{"mods":["AchievementEnabler","Act Like it!","Arknights","BaseMod","BetterRewards","CapriCore","Colored Map","Colored Powertips","Data Control","DeckTracker","Downfall","Friendly Minions","Good Game Mod","HololiveMod","Koishi","Marisa????????","Minty Spire (QoL Compilation)","Permanent Neow","RRrroohrrRGHHhhh!!","Rare Cards Sparkle","Reimu??????","Remilia??????","Replay The Spire","RumiaBox-????????","Shop Mod","Spikes Relics","StSLib","SuperFastMode","The Administrix","The Immortal","The Servant 0.9.4","The Wild Card","Transform Curses","Youmu??????"],"gold_per_floor":[17,37,37,37,53,78,78,88,157,171,171,186,197,223,223,322,322,332,343,362,375,385,385,414,414,460,479,229,229,189,204,204,305,305,323,323,340,340,340,340,356,356,379,394,394,427,441,459,459,459],"floor_reached":51,"language":"ENG","playtime":354,"items_purged":[],"score":1140,"play_id":"0052cf60-b8a5-47cd-af6e-7631b7ba5015","local_time":"20210217151005","is_ascension_mode":false,"campfire_choices":[{"data":"theWildCard:Arsene","floor":15,"key":"SMITH"},{"data":"champ:GladiatorForm","floor":23,"key":"SMITH"},{"data":"champ:TripleStrike","floor":25,"key":"SMITH"},{"data":"GremboGang","floor":29,"key":"SMITH"},{"floor":32,"key":"DIG"},{"data":"champ:Execute","floor":40,"key":"SMITH"},{"data":"champ:RisingSlash","floor":45,"key":"SMITH"},{"data":"champ:Strike","floor":49,"key":"SMITH"}],"circlet_count":0,"master_deck":["champ:Strike","champ:Strike","champ:Strike+1","champ:Strike+1","champ:Defend","champ:Defend","champ:Defend","champ:Defend","champ:Execute+1","champ:Taunt+1","champ:TripleStrike+1","theWildCard:Arsene+1","champ:GladiatorForm+1","GremboGang+1","champ:RisingSlash+1"],"relics":["champ:ChampionCrown","REME:ComplimentaryCards","Ice Cream","LugNut","Strawberry","Happy Flower","ReplayTheSpireMod:TigerMarble","Du-Vu Doll","Hololive_TopUpMoneyS","Bag of Marbles","BrokenLever"],"acts_visited":["Exordium","TheCity","TheBeyond"],"potions_floor_usage":[],"damage_taken":[{"damage":0,"enemies":"Small Slimes","floor":1,"turns":1},{"damage":0,"enemies":"Jaw Worm","floor":2,"turns":1},{"damage":0,"enemies":"2 Louse","floor":5,"turns":1},{"damage":0,"enemies":"Lagavulin","floor":6,"turns":1},{"damage":0,"enemies":"Large Slime","floor":8,"turns":1},{"damage":0,"enemies":"Red Slaver","floor":10,"turns":1},{"damage":0,"enemies":"Lots of Slimes","floor":12,"turns":1},{"damage":0,"enemies":"Large Slime","floor":13,"turns":1},{"damage":0,"enemies":"Gremlin Nob","floor":14,"turns":1},{"damage":0,"enemies":"Slime Boss","floor":16,"turns":1},{"damage":0,"enemies":"Spheric Guardian","floor":18,"turns":1},{"damage":0,"enemies":"2 Thieves","floor":19,"turns":1},{"damage":0,"enemies":"Cultist and Chosen","floor":20,"turns":1},{"damage":0,"enemies":"Snake Plant","floor":21,"turns":1},{"damage":0,"enemies":"Shelled Parasite and Fungi","floor":22,"turns":1},{"damage":0,"enemies":"Slavers","floor":24,"turns":1},{"damage":0,"enemies":"Centurion and Healer","floor":27,"turns":1},{"damage":0,"enemies":"3 Cultists","floor":31,"turns":1},{"damage":0,"enemies":"Automaton","floor":33,"turns":1},{"damage":0,"enemies":"Orb Walker","floor":35,"turns":1},{"damage":0,"enemies":"3 Shapes","floor":37,"turns":1},{"damage":0,"enemies":"3 Darklings","floor":41,"turns":1},{"damage":0,"enemies":"Writhing Mass","floor":44,"turns":1},{"damage":0,"enemies":"R_Hoarder","floor":46,"turns":1},{"damage":0,"enemies":"Maw","floor":47,"turns":1},{"damage":0,"enemies":"Sphere and 2 Shapes","floor":48,"turns":1},{"damage":0,"enemies":"Time Eater","floor":50,"turns":1}],"seed_played":"1301892796289604894","potions_obtained":[{"floor":5,"key":"Regen Potion"},{"floor":10,"key":"hexamod:SoulburnPotion"},{"floor":12,"key":"Milkshake"},{"floor":35,"key":"LifebloodPotion"}],"is_trial":false,"path_per_floor":["M","M","?","?","M","E","$","M","T","M","?","M","M","E","R","B",null,"M","M","M","M","M","R","E","R","T","M","?","R","?","M","R_BF","B",null,"M","$","M","$","?","R","M","$","T","M","R","E","M","M","R","B",null],"character_chosen":"THE_CHAMP","items_purchased":[],"campfire_rested":0,"item_purchase_floors":[],"current_hp_per_floor":[90,90,95,95,95,95,95,95,95,95,95,95,95,102,102,102,102,102,102,102,102,102,102,102,102,102,102,102,102,102,102,102,102,102,102,102,102,102,97,97,97,97,97,97,97,97,97,97,97,97],"gold":459,"neow_bonus":"THREE_RARE_CARDS","is_daily":false,"chose_seed":false,"campfire_upgraded":7,"win_rate":0.0,"timestamp":1613596205,"path_taken":["M","M","?","?","M","E","?","M","T","M","?","M","M","E","R","BOSS","M","M","M","M","M","R","E","R","T","M","?","R","?","?","R_BF","BOSS","M","?","M","$","?","R","M","$","T","M","R","E","M","M","R","BOSS"],"items_purchased_type":[],"build_version":"2020-12-22","purchased_purges":0,"victory":true,"max_hp_per_floor":[90,90,95,95,95,95,95,95,95,95,95,95,95,102,102,102,102,102,102,102,102,102,102,102,102,102,102,102,102,102,102,102,102,102,102,102,102,102,97,97,97,97,97,97,97,97,97,97,97,97],"card_choices":[{"not_picked":["champ:DancingMaster","champ:HoldFirm"],"picked":"champ:TripleStrike","floor":0},{"not_picked":["champ:BringItOn","champ:Circumvent","champ:Haymaker"],"picked":"SKIP","floor":1},{"not_picked":["champ:PerfectedStrike","champ:SteelEdge","champ:ArenaPreparation"],"picked":"SKIP","floor":2},{"not_picked":["champ:ArenaPreparation","champ:Encircle","champ:Parry"],"picked":"SKIP","floor":5},{"not_picked":["champ:ShieldWall","champ:LastStand","champ:SkillfulDodge"],"picked":"SKIP","floor":6},{"not_picked":["champ:Circumvent","champ:Shatter","champ:PerfectedStrike"],"picked":"SKIP","floor":8},{"not_picked":["champ:BringItOn","champ:BerserkersShout","champ:DefensiveShout"],"picked":"SKIP","floor":10},{"not_picked":["champ:EnragedBash","champ:Parry","champ:BringItOn"],"picked":"SKIP","floor":12},{"not_picked":["champ:PerfectedStrike","champ:PreciseThrust","champ:RecklessLeap"],"picked":"SKIP","floor":13},{"not_picked":["champ:PreemptiveStrike","champ:BladeFlurry","champ:PreciseThrust"],"picked":"SKIP","floor":14},{"not_picked":["champ:Improvising","champ:MurderStrike"],"picked":"champ:GladiatorForm","floor":16},{"not_picked":["champ:FalseCounter+1","champ:DefensiveShout+1","champ:RapidStrikes"],"picked":"SKIP","floor":18},{"not_picked":["champ:TornadoPunch+1","champ:CrownThrow","champ:FlashCut+1"],"picked":"SKIP","floor":19},{"not_picked":["champ:EnragedBash","champ:SkillfulDodge","champ:PreciseThrust+1"],"picked":"SKIP","floor":20},{"not_picked":["champ:HeartStrike","champ:PreemptiveStrike","champ:StanceDance"],"picked":"SKIP","floor":21},{"not_picked":["champ:Backstep","champ:DeathBlow+1","champ:StanceDance"],"picked":"SKIP","floor":22},{"not_picked":["champ:RisingSlash+1","champ:EndlessRage+1","champ:BladeFlurry"],"picked":"SKIP","floor":24},{"not_picked":["champ:CalledShot","champ:Endure","champ:GladiatorStyle"],"picked":"SKIP","floor":27},{"not_picked":["champ:SkillfulDodge+1","champ:Circumvent","champ:FaceSlap"],"picked":"SKIP","floor":31}],"player_experience":102139,"relics_obtained":[{"floor":6,"key":"Ice Cream"},{"floor":9,"key":"LugNut"},{"floor":14,"key":"Strawberry"},{"floor":24,"key":"Happy Flower"},{"floor":26,"key":"ReplayTheSpireMod:TigerMarble"},{"floor":32,"key":"Du-Vu Doll"},{"floor":43,"key":"Bag of Marbles"},{"floor":46,"key":"BrokenLever"}],"event_choices":[{"damage_healed":0,"gold_gain":0,"player_choice":"Donut","damage_taken":0,"max_hp_gain":5,"max_hp_loss":0,"event_name":"Big Fish","floor":3,"gold_loss":0},{"damage_healed":0,"gold_gain":0,"player_choice":"Upgraded Two","damage_taken":0,"max_hp_gain":0,"max_hp_loss":0,"event_name":"Designer","floor":30,"gold_loss":40,"cards_upgraded":["champ:Taunt","champ:Strike"]},{"damage_healed":0,"gold_gain":0,"player_choice":"Max HP","damage_taken":0,"max_hp_gain":0,"max_hp_loss":5,"event_name":"Winding Halls","floor":39,"gold_loss":0}],"is_beta":false,"boss_relics":[{"not_picked":["AddBug","ReplayTheSpireMod:DimensionalGlitch","Sozu"]},{"not_picked":["bronze:MakeshiftBattery","Snecko Eye"],"picked":"Hololive_TopUpMoneyS"}],"items_purged_floors":[],"is_endless":false,"potions_floor_spawned":[5,10,12,13,22,27,31,35,47,48],"ascension_level":0}}