{"host":"js2su9tbbk4rmjfl","time":1613575363,"event":{"mods":["AchievementEnabler","BaseMod","Block Reminder","Colored Map","Colored Powertips","Highlight Path","Minty Spire (QoL Compilation)","Relic Stats"],"gold_per_floor":[113,132,132,132,132,132,64,64,64,76,76,93,109,135,135,135,135],"floor_reached":16,"language":"ENG","playtime":540,"items_purged":[],"score":190,"play_id":"237808c4-b6bd-42dc-a27c-84fa510c902c","local_time":"20210217162243","is_ascension_mode":true,"campfire_choices":[{"data":"Spot Weakness","floor":6,"key":"SMITH"},{"data":"Evolve","floor":8,"key":"SMITH"},{"data":"Bash","floor":11,"key":"SMITH"},{"floor":15,"key":"REST"}],"circlet_count":0,"master_deck":["AscendersBane","Strike_R","Strike_R","Strike_R","Strike_R","Strike_R","Defend_R","Defend_R","Defend_R","Bash+1","Panacea+1","Spot Weakness+1","Evolve+1","Shrug It Off","Bludgeon"],"relics":["Burning Blood","Juzu Bracelet","Gremlin Horn","Anchor"],"acts_visited":["Exordium"],"potions_floor_usage":[14,14],"damage_taken":[{"damage":6,"enemies":"2 Louse","floor":1,"turns":3},{"damage":18,"enemies":"Small Slimes","floor":2,"turns":5},{"damage":7,"enemies":"Cultist","floor":10,"turns":4},{"damage":11,"enemies":"Blue Slaver","floor":12,"turns":3},{"damage":17,"enemies":"Exordium Thugs","floor":13,"turns":5},{"damage":28,"enemies":"Lagavulin","floor":14,"turns":8},{"damage":45,"enemies":"The Guardian","floor":16,"turns":8}],"seed_played":"-8972524496612723812","potions_obtained":[{"floor":10,"key":"EssenceOfSteel"},{"floor":12,"key":"Weak Potion"},{"floor":14,"key":"Ancient Potion"}],"is_trial":false,"path_per_floor":["M","M","?","?","?","R","?","R","T","M","R","M","M","E","R","B"],"character_chosen":"IRONCLAD","items_purchased":[],"campfire_rested":1,"item_purchase_floors":[],"current_hp_per_floor":[68,56,56,49,54,54,54,54,54,53,53,48,37,15,39,0,0],"gold":135,"neow_bonus":"RANDOM_COLORLESS","is_daily":false,"chose_seed":false,"campfire_upgraded":3,"win_rate":0.0,"timestamp":1613575363,"path_taken":["M","M","?","?","?","R","?","R","T","M","R","M","M","E","R","BOSS"],"items_purchased_type":[],"build_version":"2020-12-22","purchased_purges":0,"victory":false,"max_hp_per_floor":[75,75,75,75,80,80,80,80,80,80,80,80,80,80,80,80,80],"relic_stats":{"Gremlin Horn":[1,1],"counters":[7,36],"Juzu Bracelet":0,"obtain_stats":[{"Anchor":14,"Gremlin Horn":9,"Juzu Bracelet":7,"Burning Blood":0},{"Anchor":6,"Gremlin Horn":2,"Juzu Bracelet":2,"Burning Blood":0},{"Anchor":28,"Gremlin Horn":8,"Juzu Bracelet":8,"Burning Blood":0}],"Burning Blood":36},"card_choices":[{"not_picked":["Purity","Swift Strike"],"picked":"Panacea","floor":0},{"not_picked":["Havoc","Thunderclap"],"picked":"Spot Weakness","floor":1},{"not_picked":["Clothesline","Shrug It Off"],"picked":"Evolve","floor":2},{"not_picked":["Perfected Strike","Anger","Pommel Strike"],"picked":"SKIP","floor":10},{"not_picked":["Perfected Strike","Dual Wield","Burning Pact"],"picked":"SKIP","floor":12},{"not_picked":["Perfected Strike","Clash"],"picked":"Shrug It Off","floor":13},{"not_picked":["Spot Weakness","Iron Wave"],"picked":"Bludgeon","floor":14}],"player_experience":814600,"relics_obtained":[{"floor":9,"key":"Gremlin Horn"},{"floor":14,"key":"Anchor"}],"event_choices":[{"damage_healed":0,"gold_gain":0,"player_choice":"Grow","damage_taken":0,"max_hp_gain":0,"max_hp_loss":0,"event_name":"Living Wall","floor":3,"gold_loss":0,"cards_upgraded":["Panacea"]},{"cards_removed":["Defend_R"],"damage_healed":0,"gold_gain":0,"player_choice":"Card Removal","damage_taken":7,"max_hp_gain":0,"max_hp_loss":0,"event_name":"Golden Wing","floor":4,"gold_loss":0},{"damage_healed":0,"gold_gain":0,"player_choice":"Donut","damage_taken":0,"max_hp_gain":5,"max_hp_loss":0,"event_name":"Big Fish","floor":5,"gold_loss":0},{"damage_healed":0,"gold_gain":0,"player_choice":"Paid Gold","damage_taken":0,"relics_obtained":["Juzu Bracelet"],"max_hp_gain":0,"max_hp_loss":0,"event_name":"WeMeetAgain","floor":7,"gold_loss":68}],"is_beta":false,"boss_relics":[],"items_purged_floors":[],"is_endless":false,"potions_floor_spawned":[10,12,14],"killed_by":"The Guardian","ascension_level":18}}