{"host":"js2su9tbbk4rmjfl","time":1613598241,"event":{"mods":["AchievementEnabler","BaseMod","Block Reminder","Colored Map","Colored Powertips","Highlight Path","Minty Spire (QoL Compilation)","Relic Stats"],"gold_per_floor":[115,126,143,15,15,15,29,44,44,61,75,25,35,35,35,112,112,132,132,132,132],"floor_reached":20,"language":"ENG","playtime":1184,"items_purged":[],"score":319,"play_id":"035ac842-5f18-41d1-aa79-f0663ad1ebf3","local_time":"20210217224401","is_ascension_mode":true,"campfire_choices":[{"data":"Armaments","floor":6,"key":"SMITH"},{"data":"Body Slam","floor":15,"key":"SMITH"}],"circlet_count":0,"master_deck":["AscendersBane","Strike_R","Strike_R","Strike_R","Strike_R","Strike_R","Defend_R","Defend_R","Defend_R","Bash","Cleave","Entrench","Armaments+1","Flame Barrier","Shrug It Off","Dramatic Entrance","Body Slam+1","Shrug It Off","Iron Wave","True Grit","Demon Form","RitualDagger"],"relics":["Burning Blood","Question Card","Sozu"],"acts_visited":["Exordium","TheCity"],"potions_floor_usage":[8,16,20],"damage_taken":[{"damage":0,"enemies":"2 Louse","floor":1,"turns":2},{"damage":1,"enemies":"Cultist","floor":2,"turns":3},{"damage":4,"enemies":"Jaw Worm","floor":3,"turns":6},{"damage":21,"enemies":"Blue Slaver","floor":7,"turns":3},{"damage":1,"enemies":"3 Louse","floor":8,"turns":2},{"damage":6,"enemies":"Large Slime","floor":10,"turns":6},{"damage":0,"enemies":"Exordium Wildlife","floor":11,"turns":2},{"damage":1,"enemies":"Looter","floor":13,"turns":4},{"damage":58,"enemies":"Slime Boss","floor":16,"turns":16},{"damage":25,"enemies":"Spheric Guardian","floor":18,"turns":6},{"damage":44,"enemies":"Masked Bandits","floor":20,"turns":3}],"seed_played":"-4307364346721218502","potions_obtained":[{"floor":3,"key":"LiquidMemories"},{"floor":7,"key":"PowerPotion"},{"floor":8,"key":"CultistPotion"}],"is_trial":false,"path_per_floor":["M","M","M","$","?","R","M","M","T","M","M","?","M","?","R","B",null,"M","?","?"],"character_chosen":"IRONCLAD","items_purchased":["Shrug It Off","Dramatic Entrance"],"campfire_rested":0,"item_purchase_floors":[4,4],"current_hp_per_floor":[74,75,75,75,75,75,60,65,65,65,71,71,75,75,75,23,62,43,37,0,0],"gold":132,"neow_bonus":"THREE_CARDS","is_daily":false,"chose_seed":false,"campfire_upgraded":2,"win_rate":0.0,"timestamp":1613598241,"path_taken":["M","M","M","$","?","R","M","M","T","?","M","?","M","?","R","BOSS","M","?","?"],"items_purchased_type":["Card","Card"],"build_version":"2020-12-22","purchased_purges":0,"victory":false,"max_hp_per_floor":[75,75,75,75,75,75,75,75,75,75,75,75,75,75,75,75,75,75,75,75,75],"relic_stats":{"Sozu":0,"counters":[11,53],"Question Card":5,"obtain_stats":[{"Sozu":17,"Question Card":9,"Burning Blood":0},{"Sozu":9,"Question Card":5,"Burning Blood":0},{"Sozu":44,"Question Card":16,"Burning Blood":0}],"Burning Blood":53},"card_choices":[{"not_picked":["Clothesline","Havoc"],"picked":"Cleave","floor":0},{"not_picked":["Thunderclap","Hemokinesis"],"picked":"Entrench","floor":1},{"not_picked":["Cleave","Shrug It Off"],"picked":"Armaments","floor":2},{"not_picked":["Shockwave","Iron Wave"],"picked":"Flame Barrier","floor":3},{"not_picked":["Flex","Shockwave"],"picked":"Body Slam","floor":7},{"not_picked":["Uppercut","Hemokinesis"],"picked":"Shrug It Off","floor":8},{"not_picked":["Headbutt","Fiend Fire","Wild Strike","Armaments"],"picked":"SKIP","floor":10},{"not_picked":["Sever Soul","Ghostly Armor","Seeing Red"],"picked":"Iron Wave","floor":11},{"not_picked":["Iron Wave","Clash","Blood for Blood"],"picked":"True Grit","floor":13},{"not_picked":["Exhume","Offering","Fiend Fire"],"picked":"Demon Form","floor":16},{"not_picked":["Bloodletting","Intimidate","Thunderclap","Shrug It Off"],"picked":"SKIP","floor":18}],"player_experience":822627,"relics_obtained":[{"floor":9,"key":"Question Card"}],"event_choices":[{"cards_removed":["Defend_R"],"damage_healed":0,"gold_gain":0,"player_choice":"Offered Basic","damage_taken":0,"max_hp_gain":0,"max_hp_loss":0,"event_name":"Bonfire Elementals","floor":5,"gold_loss":0},{"damage_healed":0,"gold_gain":0,"player_choice":"Left Gold","damage_taken":0,"max_hp_gain":0,"max_hp_loss":0,"event_name":"World of Goop","floor":12,"gold_loss":50},{"damage_healed":0,"gold_gain":0,"player_choice":"Leave","damage_taken":0,"max_hp_gain":0,"max_hp_loss":0,"event_name":"The Cleric","floor":14,"gold_loss":0},{"damage_healed":0,"gold_gain":0,"player_choice":"Joined the Cult","damage_taken":6,"max_hp_gain":0,"max_hp_loss":0,"event_name":"Nest","floor":19,"gold_loss":0,"cards_obtained":["RitualDagger"]},{"damage_healed":0,"gold_gain":0,"player_choice":"Fought Bandits","damage_taken":0,"max_hp_gain":0,"max_hp_loss":0,"event_name":"Masked Bandits","floor":20,"gold_loss":0}],"is_beta":false,"boss_relics":[{"not_picked":["Pandora\u0027s Box","Cursed Key"],"picked":"Sozu"}],"items_purged_floors":[],"is_endless":false,"potions_floor_spawned":[3,7,8],"killed_by":"Masked Bandits","ascension_level":18}}