{"host":"ifvrsrzj00f2ebkn","time":1613565950,"event":{"mods":["BaseMod","Colored Map","Colored Powertips","Minty Spire (QoL Compilation)","Random Character Button","Shop Mod","StSLib"],"gold_per_floor":[119,44,117,192,192,222,255,280,354,385,385,416,10,38,38,139,139,155,170,200,35,53,83,117,152,152,187,214,241,274,70,70,166,166,177,222,232,57,73,73,73,98,98,127,301,331,357,357,357,357],"floor_reached":51,"language":"ENG","playtime":5999,"items_purged":["Iron Wave","Cleave","Cleave","Immolate","Demon Form"],"score":1507,"play_id":"cd89849a-9928-40db-9ed0-5ad417a2a92b","local_time":"20210217204550","daily_mods":["SealedDeck","Red Cards","Colorless Cards","Heirloom","Time Dilation","Flight","DeadlyEvents","Elite Swarm"],"is_ascension_mode":true,"campfire_choices":[{"floor":11,"key":"DIG"},{"data":"Hyperbeam","floor":15,"key":"SMITH"},{"floor":32,"key":"REST"},{"data":"Hyperbeam","floor":40,"key":"SMITH"},{"data":"Hyperbeam","floor":41,"key":"SMITH"},{"data":"Shockwave","floor":49,"key":"SMITH"}],"circlet_count":0,"master_deck":["Shrug It Off","Melter","BootSequence","Good Instincts","Leap","Shrug It Off","Conserve Battery","Hyperbeam+1","Hyperbeam+1","Shockwave+1","Hyperbeam+1"],"relics":["Cracked Core","Incense Burner","Nunchaku","Ancient Tea Set","Girya","Kunai","Shovel","Torii","DataDisk","MerchantsRug","PreservedInsect","SlaversCollar","Lantern","Bird Faced Urn","Frozen Egg 2","Bottled Lightning","Gremlin Horn","Vajra","Philosopher\u0027s Stone","Turnip","Singing Bowl","Bronze Scales","Unceasing Top","Ginger"],"acts_visited":["Exordium","TheCity","TheBeyond"],"potions_floor_usage":[39,39,39,50,50],"damage_taken":[{"damage":0,"enemies":"Jaw Worm","floor":1,"turns":3},{"damage":0,"enemies":"Lagavulin","floor":6,"turns":6},{"damage":0,"enemies":"3 Sentries","floor":7,"turns":7},{"damage":7,"enemies":"Gremlin Nob","floor":8,"turns":4},{"damage":5,"enemies":"3 Sentries","floor":10,"turns":5},{"damage":1,"enemies":"Lagavulin","floor":12,"turns":5},{"damage":0,"enemies":"3 Sentries","floor":14,"turns":3},{"damage":18,"enemies":"The Guardian","floor":16,"turns":8},{"damage":1,"enemies":"Shell Parasite","floor":18,"turns":3},{"damage":0,"enemies":"2 Thieves","floor":19,"turns":2},{"damage":7,"enemies":"Gremlin Leader","floor":20,"turns":4},{"damage":0,"enemies":"3 Cultists","floor":22,"turns":2},{"damage":3,"enemies":"Book of Stabbing","floor":23,"turns":3},{"damage":0,"enemies":"Gremlin Leader","floor":24,"turns":2},{"damage":15,"enemies":"Slavers","floor":25,"turns":2},{"damage":0,"enemies":"Gremlin Leader","floor":27,"turns":3},{"damage":0,"enemies":"Slavers","floor":28,"turns":1},{"damage":21,"enemies":"Gremlin Leader","floor":29,"turns":3},{"damage":0,"enemies":"Book of Stabbing","floor":30,"turns":3},{"damage":47,"enemies":"Automaton","floor":33,"turns":7},{"damage":0,"enemies":"Orb Walker","floor":35,"turns":3},{"damage":2,"enemies":"2 Orb Walkers","floor":36,"turns":3},{"damage":0,"enemies":"3 Darklings","floor":37,"turns":2},{"damage":7,"enemies":"Transient","floor":39,"turns":5},{"damage":0,"enemies":"Reptomancer","floor":42,"turns":2},{"damage":0,"enemies":"Giant Head","floor":44,"turns":5},{"damage":0,"enemies":"Nemesis","floor":46,"turns":3},{"damage":19,"enemies":"Giant Head","floor":47,"turns":6},{"damage":0,"enemies":"Nemesis","floor":48,"turns":3},{"damage":53,"enemies":"Awakened One","floor":50,"turns":10}],"seed_played":"-577260641007922455","potions_obtained":[{"floor":6,"key":"SteroidPotion"},{"floor":7,"key":"EntropicBrew"},{"floor":14,"key":"SpeedPotion"},{"floor":16,"key":"SpeedPotion"},{"floor":39,"key":"SpeedPotion"},{"floor":42,"key":"Dexterity Potion"}],"is_trial":true,"path_per_floor":["M","$","?","?","?","E","E","E","T","E","R","E","$","E","R","B",null,"M","M","E","$","M","E","E","E","T","E","E","E","E","$","R","B",null,"M","?","M","$","M","R","R","E","T","E","$","E","E","E","R","B",null],"character_chosen":"DEFECT","items_purchased":["MerchantsRug","PreservedInsect","Lantern","Vajra"],"campfire_rested":1,"item_purchase_floors":[13,13,21,31],"current_hp_per_floor":[75,75,75,64,69,69,69,62,62,57,57,56,56,56,56,38,75,74,74,67,67,67,64,64,58,58,74,74,55,55,55,83,36,96,96,94,94,94,87,87,87,87,87,89,89,91,74,76,76,23],"gold":357,"neow_bonus":"","is_daily":false,"chose_seed":false,"campfire_upgraded":4,"win_rate":0.0,"timestamp":1613565950,"path_taken":["M","$","?","?","?","E","E","E","T","E","R","E","$","E","R","BOSS","M","?","?","$","M","E","E","E","T","E","E","E","?","$","R","BOSS","M","?","M","$","?","R","R","E","T","E","$","E","E","E","R","BOSS"],"items_purchased_type":["Relic","Relic","Relic","Relic"],"build_version":"2020-12-22","purchased_purges":5,"victory":true,"max_hp_per_floor":[75,75,75,75,75,75,75,75,75,75,75,75,75,75,75,75,75,75,75,75,75,75,75,75,82,82,96,96,96,96,96,96,96,96,96,96,96,96,96,96,96,96,96,98,98,100,102,104,104,104],"card_choices":[{"not_picked":["Ghostly Armor","Beam Cell"],"picked":"Conserve Battery","floor":1},{"not_picked":["Machine Learning","Bludgeon","Exhume"],"picked":"SKIP","floor":6},{"not_picked":["Meteor Strike","Creative AI"],"picked":"Hyperbeam","floor":7},{"not_picked":["Buffer","Meteor Strike","Rainbow"],"picked":"SKIP","floor":8},{"not_picked":["Secret Technique","Seek","Biased Cognition"],"picked":"SKIP","floor":10},{"not_picked":["Machine Learning","Corruption","Mayhem"],"picked":"SKIP","floor":12},{"not_picked":["Machine Learning","Corruption","Mayhem"],"picked":"SKIP","floor":12},{"not_picked":["Sadistic Nature","Mayhem"],"picked":"Hyperbeam","floor":14},{"not_picked":["Echo Form","Biased Cognition"],"picked":"Demon Form","floor":16},{"not_picked":["Wild Strike","Bloodletting"],"picked":"Shockwave","floor":18},{"not_picked":["Iron Wave+1","Reinforced Body","Havoc+1"],"picked":"SKIP","floor":19},{"not_picked":["Electrodynamics","Limit Break"],"picked":"Immolate","floor":20},{"not_picked":["Carnage+1","Barrage+1","Heavy Blade+1"],"picked":"SKIP","floor":22},{"not_picked":["Secret Weapon","Seek","Panache"],"picked":"SKIP","floor":23},{"not_picked":["Limit Break","Bludgeon","HandOfGreed"],"picked":"SKIP","floor":24},{"not_picked":["Double Tap","Bludgeon"],"picked":"Hyperbeam","floor":25},{"not_picked":["HandOfGreed","Core Surge","Thinking Ahead"],"picked":"SKIP","floor":27},{"not_picked":["Thinking Ahead","Thunder Strike","Biased Cognition+1"],"picked":"SKIP","floor":28},{"not_picked":["Sadistic Nature+1","Fiend Fire","Machine Learning+1"],"picked":"SKIP","floor":29},{"not_picked":["Thinking Ahead","Barricade+1","Rainbow"],"picked":"SKIP","floor":30},{"not_picked":["Barrage","Good Instincts","Evolve+1"],"picked":"SKIP","floor":35},{"not_picked":["Flash of Steel+1","Hello World+1","Coolheaded"],"picked":"SKIP","floor":37},{"not_picked":["Flash of Steel+1","Hello World+1","Coolheaded"],"picked":"SKIP","floor":37},{"not_picked":["Clash","Gash","Anger+1"],"picked":"SKIP","floor":39},{"not_picked":["Clash","Gash","Anger+1"],"picked":"SKIP","floor":39},{"not_picked":["Electrodynamics+1","Machine Learning+1","Mayhem+1"],"picked":"SKIP","floor":42},{"not_picked":["Fission","Rainbow","Machine Learning+1"],"picked":"Singing Bowl","floor":44},{"not_picked":["Chrysalis","Exhume","Mayhem+1"],"picked":"Singing Bowl","floor":46},{"not_picked":["Master of Strategy","Thinking Ahead","Barricade+1"],"picked":"Singing Bowl","floor":47},{"not_picked":["Double Tap","Immolate","Amplify"],"picked":"Singing Bowl","floor":48}],"player_experience":120305,"relics_obtained":[{"floor":6,"key":"Nunchaku"},{"floor":7,"key":"Ancient Tea Set"},{"floor":8,"key":"Girya"},{"floor":9,"key":"Kunai"},{"floor":10,"key":"Shovel"},{"floor":11,"key":"Torii"},{"floor":12,"key":"DataDisk"},{"floor":14,"key":"Akabeko"},{"floor":20,"key":"Calipers"},{"floor":23,"key":"Boot"},{"floor":24,"key":"Bird Faced Urn"},{"floor":25,"key":"Strawberry"},{"floor":26,"key":"Frozen Egg 2"},{"floor":27,"key":"Mango"},{"floor":28,"key":"Bottled Lightning"},{"floor":29,"key":"Blue Candle"},{"floor":30,"key":"Gremlin Horn"},{"floor":36,"key":"Thread and Needle"},{"floor":42,"key":"Centennial Puzzle"},{"floor":43,"key":"Turnip"},{"floor":44,"key":"Singing Bowl"},{"floor":46,"key":"Bronze Scales"},{"floor":47,"key":"Unceasing Top"},{"floor":48,"key":"Ginger"}],"event_choices":[{"damage_healed":0,"gold_gain":73,"player_choice":"Gained Gold","damage_taken":0,"max_hp_gain":0,"max_hp_loss":0,"event_name":"Golden Wing","floor":3,"gold_loss":0},{"damage_healed":0,"gold_gain":75,"player_choice":"Gather Gold","damage_taken":11,"max_hp_gain":0,"max_hp_loss":0,"event_name":"World of Goop","floor":4,"gold_loss":0},{"cards_removed":["Pommel Strike"],"damage_healed":5,"gold_gain":0,"player_choice":"Offered Common","damage_taken":0,"max_hp_gain":0,"max_hp_loss":0,"event_name":"Bonfire Elementals","floor":5,"gold_loss":0},{"cards_removed":["Pommel Strike"],"damage_healed":5,"gold_gain":0,"player_choice":"Offered Special","damage_taken":0,"max_hp_gain":0,"max_hp_loss":0,"event_name":"Bonfire Elementals","floor":5,"gold_loss":0},{"damage_healed":0,"gold_gain":0,"player_choice":"Fight","damage_taken":0,"max_hp_gain":0,"max_hp_loss":0,"event_name":"Mysterious Sphere","floor":36,"gold_loss":0}],"is_beta":false,"boss_relics":[{"not_picked":["Runic Pyramid","Fusion Hammer"],"picked":"SlaversCollar"},{"not_picked":["SacredBark","Velvet Choker"],"picked":"Philosopher\u0027s Stone"}],"items_purged_floors":[2,13,21,31,38],"is_endless":false,"potions_floor_spawned":[6,7,14,16,18,20,23,24,27,28,35,39,42,44,46],"ascension_level":4}}