{"host":"d02vqrhhew441p6s","time":1613589742,"event":{"mods":["BaseMod","Duelist Mod","Halation","Hubris","Infinite Spire","Minty Spire (QoL Compilation)","StSLib","The Jungle"],"gold_per_floor":[142,159,159,159,173,173,173,173],"floor_reached":7,"language":"ENG","playtime":370,"items_purged":[],"score":89,"play_id":"57fd0262-e36f-477f-9247-1b4c1039858b","local_time":"20210217202222","is_ascension_mode":true,"campfire_choices":[{"data":"theDuelist:JunkWarrior","floor":6,"key":"SMITH"}],"circlet_count":0,"master_deck":["AscendersBane","theDuelist:Biofalcon","theDuelist:CastleWalls","theDuelist:CastleWalls","theDuelist:Deskbot004","theDuelist:Deskbot004","theDuelist:Deskbot005","theDuelist:Deskbot005","theDuelist:GreenGadget","theDuelist:Sparks","theDuelist:Sparks","theDuelist:Geartown","theDuelist:WormWarlord","Injury","theDuelist:JunkWarrior+1"],"relics":["theDuelist:MillenniumPuzzle","theDuelist:CardPoolRelic","theDuelist:CardPoolBasicRelic","theDuelist:BoosterPackPoolRelic","theDuelist:CardPoolAddRelic","theDuelist:CardPoolMinusRelic","theDuelist:CardPoolSaveRelic","theDuelist:CardPoolOptionsRelic","Golden Idol","hubris:Towel"],"acts_visited":["Exordium"],"potions_floor_usage":[],"damage_taken":[{"damage":11,"enemies":"Jaw Worm","floor":1,"turns":4},{"damage":0,"enemies":"Small Slimes","floor":2,"turns":3},{"damage":6,"enemies":"Cultist","floor":5,"turns":4},{"damage":54,"enemies":"Lagavulin","floor":7,"turns":6}],"seed_played":"1080970033009907307","potions_obtained":[{"floor":5,"key":"theDuelist:SolderPotionB"}],"is_trial":false,"path_per_floor":["M","M","?","?","M","R","E"],"character_chosen":"THE_DUELIST","items_purchased":[],"campfire_rested":0,"item_purchase_floors":[],"current_hp_per_floor":[56,56,56,56,50,50,0,0],"gold":173,"neow_bonus":"TWENTY_PERCENT_HP_BONUS","is_daily":false,"chose_seed":false,"campfire_upgraded":1,"win_rate":0.0,"timestamp":1613589742,"path_taken":["M","M","?","?","M","R","E"],"items_purchased_type":[],"build_version":"2020-12-22","purchased_purges":0,"victory":false,"max_hp_per_floor":[96,96,96,96,96,96,96,96],"card_choices":[{"not_picked":["theDuelist:WonderGarage","theDuelist:ImperialOrder","theDuelist:CatapultTurtle"],"picked":"theDuelist:Geartown","floor":1},{"not_picked":["theDuelist:GemElephant","theDuelist:DarkCreator","theDuelist:FutureFusion","theDuelist:Kuribohrn"],"picked":"theDuelist:WormWarlord","floor":2},{"not_picked":["theDuelist:Deskbot001","theDuelist:ScrapIronScarecrow","theDuelist:DoubleTool","theDuelist:Deskbot004"],"picked":"theDuelist:JunkWarrior","floor":5}],"player_experience":561777,"relics_obtained":[],"event_choices":[{"damage_healed":0,"gold_gain":0,"player_choice":"Take Wound","damage_taken":0,"relics_obtained":["Golden Idol"],"max_hp_gain":0,"max_hp_loss":0,"event_name":"Golden Idol","floor":3,"gold_loss":0,"cards_obtained":["Injury"]}],"is_beta":false,"boss_relics":[],"items_purged_floors":[],"is_endless":false,"potions_floor_spawned":[5],"killed_by":"Lagavulin","ascension_level":11}}