{"host":"prxrhpgaxnj4om9r","time":1613526825,"event":{"mods":["AchievementEnabler","BaseMod","Colored Map","DeckTracker","Minty Spire (QoL Compilation)"],"gold_per_floor":[115,115,130,147,147,188,188,227,227,270,289,307,307,330,330,451,451,476,464,464,464,487,512,512,512],"floor_reached":24,"language":"KOR","playtime":1095,"items_purged":[],"score":220,"play_id":"604d11a9-c6f0-4a9d-be29-7bfc30eacdd3","local_time":"20210217105345","is_ascension_mode":false,"campfire_choices":[{"floor":7,"key":"REST"},{"floor":15,"key":"REST"}],"circlet_count":0,"master_deck":["Survivor","Neutralize+1","Deadly Poison","Predator","Catalyst+1","Cloak And Dagger","Adrenaline","Wraith Form v2","Sucker Punch","Backflip+1","All Out Attack","Venomology","Noxious Fumes","Venomology","Catalyst","Tactician","Blur","Concentrate","Infinite Blades","Footwork","Finisher","Eviscerate","Dagger Throw+1","Pain","Escape Plan","Cloak And Dagger"],"relics":["Ring of the Snake","NeowsBlessing","Golden Idol","Blood Vial","Bottled Lightning","Vajra","War Paint","Pandora\u0027s Box","WarpedTongs"],"acts_visited":["Exordium","TheCity"],"potions_floor_usage":[11,12,16,18,18,18,18,19,19,22,23,24,24,24,24],"damage_taken":[{"damage":0,"enemies":"Cultist","floor":1,"turns":1},{"damage":0,"enemies":"2 Louse","floor":3,"turns":1},{"damage":0,"enemies":"Small Slimes","floor":4,"turns":1},{"damage":18,"enemies":"Lagavulin","floor":6,"turns":5},{"damage":34,"enemies":"Gremlin Nob","floor":8,"turns":5},{"damage":22,"enemies":"Lagavulin","floor":10,"turns":6},{"damage":4,"enemies":"3 Louse","floor":11,"turns":3},{"damage":0,"enemies":"Lots of Slimes","floor":12,"turns":2},{"damage":2,"enemies":"Looter","floor":14,"turns":2},{"damage":26,"enemies":"Hexaghost","floor":16,"turns":8},{"damage":20,"enemies":"3 Byrds","floor":18,"turns":5},{"damage":16,"enemies":"2 Thieves","floor":19,"turns":4},{"damage":7,"enemies":"Snecko","floor":22,"turns":5},{"damage":16,"enemies":"Snake Plant","floor":23,"turns":2},{"damage":19,"enemies":"Slavers","floor":24,"turns":1}],"seed_played":"-5875777280558734954","potions_obtained":[{"floor":4,"key":"LiquidBronze"},{"floor":8,"key":"FairyPotion"},{"floor":10,"key":"BlessingOfTheForge"},{"floor":14,"key":"SkillPotion"},{"floor":16,"key":"EntropicBrew"},{"floor":22,"key":"Dexterity Potion"}],"is_trial":false,"path_per_floor":["M","?","M","M","?","E","R","E","T","E","M","M","?","M","R","B",null,"M","M","?","?","M","M","E"],"character_chosen":"THE_SILENT","items_purchased":[],"campfire_rested":2,"item_purchase_floors":[],"current_hp_per_floor":[70,70,70,70,53,35,56,24,24,4,2,4,21,21,42,18,70,50,36,36,36,31,17,0,0],"gold":512,"neow_bonus":"THREE_ENEMY_KILL","is_daily":false,"chose_seed":false,"campfire_upgraded":0,"win_rate":0.0,"timestamp":1613526825,"path_taken":["M","?","M","?","?","E","R","E","T","E","M","M","?","M","R","BOSS","M","M","?","?","M","?","E"],"items_purchased_type":[],"build_version":"2020-12-22","purchased_purges":0,"victory":false,"max_hp_per_floor":[70,70,70,70,70,70,70,70,70,70,70,70,70,70,70,70,70,70,70,70,70,70,70,70,70],"card_choices":[{"not_picked":["Flying Knee","Setup"],"picked":"Deadly Poison","floor":1},{"not_picked":["Setup","Outmaneuver"],"picked":"Predator","floor":3},{"not_picked":["Flechettes","Distraction"],"picked":"Catalyst","floor":4},{"not_picked":["Escape Plan","Crippling Poison"],"picked":"Cloak And Dagger","floor":6},{"not_picked":["Bane","Poisoned Stab"],"picked":"Adrenaline","floor":8},{"not_picked":["Prepared","Flying Knee"],"picked":"Wraith Form v2","floor":10},{"not_picked":["Terror","Prepared"],"picked":"Sucker Punch","floor":11},{"not_picked":["Escape Plan","Quick Slash"],"picked":"Backflip","floor":12},{"not_picked":["Footwork","Blade Dance"],"picked":"All Out Attack","floor":14},{"not_picked":["Phantasmal Killer","Burst"],"picked":"Venomology","floor":16},{"not_picked":["Poisoned Stab","Well Laid Plans"],"picked":"Eviscerate","floor":18},{"not_picked":["Catalyst+1","Eviscerate"],"picked":"Dagger Throw+1","floor":19},{"not_picked":["Finisher","Expertise+1"],"picked":"Escape Plan","floor":22},{"not_picked":["Finisher+1","Slice"],"picked":"Cloak And Dagger","floor":23}],"player_experience":496010,"relics_obtained":[{"floor":6,"key":"Blood Vial"},{"floor":8,"key":"Bottled Lightning"},{"floor":9,"key":"Vajra"},{"floor":10,"key":"War Paint"}],"event_choices":[{"cards_removed":["Defend_G"],"damage_healed":0,"gold_gain":0,"player_choice":"Offered Basic","damage_taken":0,"max_hp_gain":0,"max_hp_loss":0,"event_name":"Bonfire Elementals","floor":2,"gold_loss":0},{"damage_healed":0,"gold_gain":0,"player_choice":"Take Damage","damage_taken":17,"relics_obtained":["Golden Idol"],"max_hp_gain":0,"max_hp_loss":0,"event_name":"Golden Idol","floor":5,"gold_loss":0},{"damage_healed":0,"gold_gain":0,"player_choice":"Entered Light","damage_taken":14,"max_hp_gain":0,"max_hp_loss":0,"event_name":"Shining Light","floor":13,"gold_loss":0,"cards_upgraded":["Neutralize","Backflip"]},{"damage_healed":0,"gold_gain":0,"player_choice":"Ignored","damage_taken":0,"max_hp_gain":0,"max_hp_loss":0,"event_name":"Ghosts","floor":20,"gold_loss":0},{"damage_healed":0,"gold_gain":0,"player_choice":"Rummage","damage_taken":0,"relics_obtained":["WarpedTongs"],"max_hp_gain":0,"max_hp_loss":0,"event_name":"Accursed Blacksmith","floor":21,"gold_loss":0,"cards_obtained":["Pain"]}],"is_beta":false,"boss_relics":[{"not_picked":["HoveringKite","WristBlade"],"picked":"Pandora\u0027s Box"}],"items_purged_floors":[],"is_endless":false,"potions_floor_spawned":[4,8,10,14,16,22,23],"killed_by":"Slavers","ascension_level":0}}