{"host":"9v3x998ddbx8o276","time":1613534202,"event":{"mods":["AchievementEnabler","BaseMod","Colored Map","Colored Powertips","Highlight Path","Minty Spire (QoL Compilation)","Quick Restart","Rare Cards Sparkle"],"gold_per_floor":[110,74,90,90,108,108,143,143,170,186,197,227,22,22,22,99,99,117,17,17,36,59,88,88,0,24,24,24,41,41,41,41,114,114,134,145,158,173,184,184,218,218,218,236,236,246,259,94,94,94,94],"floor_reached":50,"language":"ENG","playtime":1731,"items_purged":["Hyperbeam"],"score":1054,"play_id":"c4d86e98-f2d6-4f95-a690-eb7e8f126b42","local_time":"20210217142642","is_ascension_mode":true,"campfire_choices":[{"data":"Amplify","floor":6.0,"key":"SMITH"},{"data":"Defragment","floor":8.0,"key":"SMITH"},{"floor":15.0,"key":"REST"},{"data":"Defragment","floor":24.0,"key":"SMITH"},{"data":"Turbo","floor":28.0,"key":"SMITH"},{"data":"Coolheaded","floor":30.0,"key":"SMITH"},{"data":"Biased Cognition","floor":32.0,"key":"SMITH"},{"floor":40.0,"key":"REST"},{"data":"Biased Cognition","floor":42.0,"key":"SMITH"},{"floor":49.0,"key":"RECALL"}],"circlet_count":0,"master_deck":["AscendersBane","Amplify+1","Turbo+1","Storm","Electrodynamics","Biased Cognition+1","Thunder Strike","Ball Lightning+1","Defragment+1","Ball Lightning","Rip and Tear+1","Coolheaded+1","Conserve Battery","Reinforced Body","Good Instincts","Conserve Battery","Core Surge","CurseOfTheBell","Force Field","Defragment+1","Barrage","Undo","Chill","Glacier","Compile Driver","Biased Cognition+1","Skim","Defragment","Conserve Battery+1"],"relics":["Pandora\u0027s Box","Pen Nib","Strawberry","Whetstone","Calling Bell","MealTicket","Question Card","Emotion Chip","Blood Vial","Anchor","Nunchaku","Busted Crown","Molten Egg 2","Frozen Eye"],"acts_visited":["Exordium","TheCity","TheBeyond"],"potions_floor_usage":[50,50,50,50],"damage_taken":[{"damage":3.0,"enemies":"Jaw Worm","floor":1.0,"turns":3.0},{"damage":0.0,"enemies":"Cultist","floor":3.0,"turns":2.0},{"damage":12.0,"enemies":"Small Slimes","floor":5.0,"turns":2.0},{"damage":0.0,"enemies":"Lagavulin","floor":7.0,"turns":3.0},{"damage":13.0,"enemies":"Looter","floor":10.0,"turns":3.0},{"damage":6.0,"enemies":"Red Slaver","floor":11.0,"turns":3.0},{"damage":8.0,"enemies":"Gremlin Nob","floor":12.0,"turns":3.0},{"damage":5.0,"enemies":"Hexaghost","floor":16.0,"turns":9.0},{"damage":18.0,"enemies":"Shell Parasite","floor":18.0,"turns":5.0},{"damage":5.0,"enemies":"Chosen","floor":21.0,"turns":4.0},{"damage":16.0,"enemies":"Book of Stabbing","floor":23.0,"turns":4.0},{"damage":3.0,"enemies":"Centurion and Healer","floor":29.0,"turns":6.0},{"damage":6.0,"enemies":"Champ","floor":33.0,"turns":6.0},{"damage":3.0,"enemies":"Orb Walker","floor":35.0,"turns":4.0},{"damage":0.0,"enemies":"3 Darklings","floor":36.0,"turns":5.0},{"damage":19.0,"enemies":"Transient","floor":37.0,"turns":6.0},{"damage":28.0,"enemies":"4 Shapes","floor":38.0,"turns":5.0},{"damage":0.0,"enemies":"Sphere and 2 Shapes","floor":39.0,"turns":4.0},{"damage":7.0,"enemies":"Nemesis","floor":41.0,"turns":9.0},{"damage":17.0,"enemies":"Spire Growth","floor":44.0,"turns":5.0},{"damage":27.0,"enemies":"3 Darklings","floor":46.0,"turns":3.0},{"damage":3.0,"enemies":"Transient","floor":47.0,"turns":6.0},{"damage":47,"enemies":"Awakened One","floor":50,"turns":3}],"seed_played":"-1679073164010596729","potions_obtained":[{"floor":1.0,"key":"Weak Potion"},{"floor":3.0,"key":"AttackPotion"},{"floor":7.0,"key":"Fire Potion"},{"floor":14.0,"key":"Fruit Juice"},{"floor":14.0,"key":"Ancient Potion"},{"floor":16.0,"key":"EssenceOfSteel"},{"floor":18.0,"key":"Regen Potion"},{"floor":33.0,"key":"EntropicBrew"},{"floor":35.0,"key":"PotionOfCapacity"}],"is_trial":false,"path_per_floor":["M","$","M","?","M","R","E","R","T","M","M","E","$","?","R","B",null,"M","$","?","M","T","E","R","$","T","?","R","M","R","$","R","B",null,"M","M","M","M","M","R","E","R","T","M","?","M","M","$","R","B"],"character_chosen":"DEFECT","items_purchased":["Defragment","Good Instincts","Conserve Battery","Defragment","Barrage","Glacier","Frozen Eye"],"campfire_rested":2,"item_purchase_floors":[2,13,13,19,19,25,48],"current_hp_per_floor":[61,61,61,61,49,49,49,49,56,43,37,29,29,34,58,53,76,58,73,73,68,68,63,63,78,78,78,78,77,77,83,83,77,82,80,82,64,38,40,64,59,59,59,44,44,19,18,33,33,0,0],"gold":94,"neow_bonus":"BOSS_RELIC","is_daily":false,"chose_seed":false,"campfire_upgraded":7,"win_rate":0.0,"timestamp":1613534202,"path_taken":["M","$","M","?","M","R","E","R","T","?","M","E","$","?","R","BOSS","M","$","?","?","?","E","R","$","T","?","R","M","R","$","R","BOSS","M","M","M","M","M","R","E","R","T","M","?","M","?","$","R","BOSS"],"items_purchased_type":["Card","Card","Card","Card","Card","Card","Relic"],"build_version":"2020-12-22","purchased_purges":1,"victory":false,"max_hp_per_floor":[71,71,71,71,71,71,71,71,78,78,78,78,78,83,83,83,83,83,83,83,83,83,83,83,83,83,83,83,83,83,83,83,83,83,83,83,83,83,83,83,83,83,83,83,83,83,83,83,83,83,83],"card_choices":[{"not_picked":["FTL","Defragment"],"picked":"Ball Lightning","floor":1.0},{"not_picked":["Sunder","Rebound"],"picked":"Ball Lightning","floor":3.0},{"not_picked":["Heatsinks","Barrage"],"picked":"Rip and Tear","floor":5.0},{"not_picked":["Skim","Redo","All For One"],"picked":"SKIP","floor":7.0},{"not_picked":["Turbo","Melter"],"picked":"Coolheaded","floor":10.0},{"not_picked":["Tempest","Barrage"],"picked":"Conserve Battery","floor":11.0},{"not_picked":["Recycle","Auto Shields"],"picked":"Reinforced Body","floor":12.0},{"not_picked":["Meteor Strike","Electrodynamics"],"picked":"Core Surge","floor":16.0},{"not_picked":["Coolheaded","Leap","Rebound"],"picked":"Force Field","floor":18.0},{"not_picked":["Chill","Sweeping Beam","Leap"],"picked":"Undo","floor":21.0},{"not_picked":["White Noise","Streamline","Leap"],"picked":"Chill","floor":23.0},{"not_picked":["Gash","Steam+1","Melter"],"picked":"Compile Driver","floor":29.0},{"not_picked":["Amplify","Machine Learning","Multi-Cast"],"picked":"Biased Cognition","floor":33.0},{"not_picked":["Tempest","Rebound"],"picked":"SKIP","floor":35.0},{"not_picked":["Stack+1"],"picked":"Skim","floor":36.0},{"not_picked":["Go for the Eyes","Conserve Battery"],"picked":"SKIP","floor":37.0},{"not_picked":["Rebound","Streamline"],"picked":"SKIP","floor":38.0},{"not_picked":["Turbo+1"],"picked":"Defragment","floor":39.0},{"not_picked":["Conserve Battery","Storm"],"picked":"SKIP","floor":41.0},{"not_picked":["Leap","Scrape+1"],"picked":"SKIP","floor":44.0},{"not_picked":["Coolheaded"],"picked":"Conserve Battery+1","floor":46.0},{"not_picked":["Steam","Machine Learning"],"picked":"SKIP","floor":47.0}],"player_experience":2244995,"relics_obtained":[{"floor":7.0,"key":"Pen Nib"},{"floor":9.0,"key":"Strawberry"},{"floor":12.0,"key":"Whetstone"},{"floor":17.0,"key":"MealTicket"},{"floor":17.0,"key":"Question Card"},{"floor":17.0,"key":"Emotion Chip"},{"floor":22.0,"key":"Blood Vial"},{"floor":23.0,"key":"Anchor"},{"floor":26.0,"key":"Nunchaku"},{"floor":41.0,"key":"Molten Egg 2"}],"event_choices":[{"cards_removed":["Zap"],"damage_healed":0.0,"max_hp_gain":0.0,"max_hp_loss":0.0,"gold_gain":0.0,"event_name":"Purifier","player_choice":"Purged","floor":4.0,"gold_loss":0.0,"damage_taken":0.0},{"damage_healed":0.0,"max_hp_gain":0.0,"max_hp_loss":0.0,"gold_gain":0.0,"event_name":"Lab","player_choice":"Got Potions","floor":14.0,"gold_loss":0.0,"damage_taken":0.0},{"damage_healed":0.0,"max_hp_gain":0.0,"max_hp_loss":0.0,"gold_gain":0.0,"event_name":"N\u0027loth","player_choice":"Ignored","floor":20.0,"gold_loss":0.0,"damage_taken":0.0},{"cards_removed":["Leap"],"damage_healed":0.0,"max_hp_gain":0.0,"max_hp_loss":0.0,"gold_gain":0.0,"event_name":"Back to Basics","player_choice":"Elegance","floor":27.0,"gold_loss":0.0,"damage_taken":0.0},{"cards_removed":["Dualcast"],"damage_healed":0.0,"max_hp_gain":0.0,"max_hp_loss":0.0,"gold_gain":0.0,"event_name":"Bonfire Elementals","player_choice":"Offered Basic","floor":45.0,"gold_loss":0.0,"damage_taken":0.0}],"is_beta":false,"boss_relics":[{"not_picked":["Snecko Eye","Runic Pyramid"],"picked":"Calling Bell"},{"not_picked":["SlaversCollar","Empty Cage"],"picked":"Busted Crown"}],"items_purged_floors":[13],"is_endless":false,"potions_floor_spawned":[1,3,7,12,16,18,33,35,37,39,41,46],"killed_by":"Awakened One","ascension_level":20}}