{"host":"scy0o1xotfn36lpl","time":1613588205,"event":{"mods":["AchievementEnabler","Aspiration","BaseMod","Better Altar","Better Note","Better Sensory Stone","Better Skull","Better Third Choice","Colored Map","Curses Come First","Downfall","GifTheSpireLib","Googly Eyes","Highlight Path","Minty Spire (QoL Compilation)","Permanent Neow","Spicy Shops","StSLib","everything is the same but u backflip on backflip"],"gold_per_floor":[116,116,129,144,165,201,201,241,267,279,315,327,354,541,553,565,565],"floor_reached":16,"language":"ENG","playtime":1090,"items_purged":[],"score":112,"play_id":"4c5aee05-0196-4291-bc44-5413cb45bc53","local_time":"20210217105645","is_ascension_mode":false,"campfire_choices":[{"floor":7,"key":"REST"},{"floor":10,"key":"REST"},{"data":"Crescendo","floor":12,"key":"SMITH"},{"floor":15,"key":"REST"}],"circlet_count":0,"master_deck":["Strike_P","Strike_P","Strike_P","Strike_P","Defend_P","Defend_P","Defend_P","Defend_P","Eruption","Vigilance","FollowUp","WindmillStrike","Crescendo+1","Nirvana","WindmillStrike","Consecrate","Doubt"],"relics":["PureWater","aspiration:Nostalgia","Cracked Core","Golden Idol","Matryoshka","Juzu Bracelet","Damaru","MawBank"],"acts_visited":["Exordium"],"potions_floor_usage":[8,11,16],"damage_taken":[{"damage":0.0,"enemies":"Cultist","floor":1.0,"turns":2.0},{"damage":0.0,"enemies":"Small Slimes","floor":3.0,"turns":2.0},{"damage":7.0,"enemies":"2 Louse","floor":4.0,"turns":2.0},{"damage":8.0,"enemies":"Red Slaver","floor":5.0,"turns":2.0},{"damage":20,"enemies":"Gremlin Nob","floor":6,"turns":3},{"damage":31,"enemies":"Lagavulin","floor":8,"turns":6},{"damage":8,"enemies":"Large Slime","floor":11,"turns":3},{"damage":0,"enemies":"Exordium Wildlife","floor":13,"turns":3},{"damage":44,"enemies":"The Guardian","floor":16,"turns":6}],"seed_played":"5419916204582113669","potions_obtained":[{"floor":3.0,"key":"SkillPotion"},{"floor":6,"key":"SpeedPotion"},{"floor":8,"key":"hexamod:SoulburnPotion"},{"floor":13,"key":"sneckomod:MuddlingPotion"}],"is_trial":false,"path_per_floor":["M","?","M","M","M","E","R","E","T","R","M","R","M","?","R","B"],"character_chosen":"WATCHER","items_purchased":[],"campfire_rested":3,"item_purchase_floors":[],"current_hp_per_floor":[72,54,54,47,39,19,40,9,9,30,22,22,22,22,43,0,0],"gold":565,"neow_bonus":"NOSTALGIA","is_daily":false,"chose_seed":false,"campfire_upgraded":1,"win_rate":0.0,"timestamp":1613588205,"path_taken":["M","?","M","M","M","E","R","E","T","R","M","R","M","?","R","BOSS"],"items_purchased_type":[],"build_version":"2020-12-22","purchased_purges":0,"victory":false,"max_hp_per_floor":[72,72,72,72,72,72,72,72,72,72,72,72,72,72,72,72,72],"card_choices":[{"not_picked":["Consecrate","JustLucky"],"picked":"FollowUp","floor":1.0},{"not_picked":["Halt","Evaluate"],"picked":"WindmillStrike","floor":3.0},{"not_picked":["Fasting2","FlyingSleeves"],"picked":"Crescendo","floor":4.0},{"not_picked":["EmptyBody","Protect","Collect"],"picked":"SKIP","floor":5.0},{"not_picked":["Perseverance","BowlingBash"],"picked":"Nirvana","floor":6},{"not_picked":["FearNoEvil","DeceiveReality"],"picked":"WindmillStrike","floor":8},{"not_picked":["Prostrate","ClearTheMind","SashWhip"],"picked":"SKIP","floor":11},{"not_picked":["TalkToTheHand","Protect"],"picked":"Consecrate","floor":13}],"player_experience":65094,"relics_obtained":[{"floor":6,"key":"Matryoshka"},{"floor":8,"key":"Juzu Bracelet"},{"floor":9,"key":"Damaru"},{"floor":9,"key":"MawBank"}],"event_choices":[{"damage_healed":0.0,"max_hp_gain":0.0,"max_hp_loss":0.0,"gold_gain":0.0,"event_name":"Golden Idol","player_choice":"Take Damage","floor":2.0,"gold_loss":0.0,"damage_taken":18.0,"relics_obtained":["Golden Idol"]},{"damage_healed":0,"gold_gain":175,"player_choice":"AGREE","damage_taken":366,"max_hp_gain":0,"max_hp_loss":0,"event_name":"betterThird:BetterSerpent","floor":14,"gold_loss":0}],"is_beta":false,"boss_relics":[],"items_purged_floors":[],"is_endless":false,"potions_floor_spawned":[3,6,8,13],"killed_by":"The Guardian","ascension_level":0}}