{"host":"8d3fefv2347kqkpz","time":1613535739,"event":{"mods":["AchievementEnabler","Aspiration","BaseMod","Better Vampires","BetterRewards","Colored Map","Colored Powertips","Downfall","Emptier Cage","Highlight Path","Marked Mod","Minty Spire (QoL Compilation)","Permanent Neow","Quick Restart","Rare Cards Sparkle","Relic Stats","Say the Spire","Spicy Shops","StSLib","Waifu the Spire"],"gold_per_floor":[0,13,23,40,40,40,40,56,89,103,128,128,128,148,170,277,277,277,297,323,40,64,172,196,196,222,122,142,154,154,154,175,290,340,240,256,149,149,183,51,124,124,145,210,253,273,76,100,111,111,111,111],"floor_reached":50,"language":"ZHS","playtime":2192,"items_purged":["hexamod:Strike","hexamod:Strike","hexamod:Strike","hexamod:Float"],"score":557,"play_id":"360ccdf1-b334-4161-84c2-169b47617bba","local_time":"20210217122219","is_ascension_mode":false,"campfire_choices":[{"floor":1.0,"key":"RECALL"},{"data":"hexamod:ExtraCrispy","floor":6.0,"key":"SMITH"},{"data":"hexamod:BurningTouch","floor":13.0,"key":"SMITH"},{"data":"hexamod:SoulSteal","floor":18.0,"key":"SMITH"},{"floor":27.0,"key":"REST"},{"data":"hexamod:ShieldOfDarkness","floor":30.0,"key":"SMITH"},{"data":"hexamod:FlamesFromBeyond","floor":35.0,"key":"SMITH"}],"circlet_count":0,"master_deck":["hexamod:Strike+1","hexamod:Defend","hexamod:Defend+1","hexamod:Defend+1","hexamod:Defend","hexamod:Sear+1","hexamod:FlamesFromBeyond+1","hexamod:ExtraCrispy+1","hexamod:FlamesFromBeyond","hexamod:HeatShield+1","hexamod:BurningTouch+1","hexamod:SoulSteal+1","hexamod:ShieldOfDarkness+1","hexamod:VolcanoVisage+1","hexamod:SecondSeal","hexamod:HeatCrush","hexamod:FifthSeal","hexamod:ShieldOfDarkness+1","hexamod:FirstSeal","hexamod:SixthSeal","hexamod:ThirdSeal","hexamod:RecurringNightmare","hexamod:ApocalypseNow+1","Parasite","hexamod:FourthSeal"],"relics":["hexamod:SpiritBrand","TungstenRod","Guardian:PocketSentry","Bottled Tornado","sneckomod:SneckoTalon","Calipers","hexamod:SoulConsumer","Darkstone Periapt","downfall:HeartBlessingBlue","Tiny House","downfall:HeartBlessingRed","hexamod:InflammatoryLetter","hexamod:TheBrokenSeal","aspiration:HatOfInfinitePower","Oddly Smooth Stone","Question Card"],"acts_visited":["Exordium","TheCity","TheBeyond"],"potions_floor_usage":[],"damage_taken":[{"damage":0.0,"enemies":"Cultist","floor":2.0,"turns":3.0},{"damage":0.0,"enemies":"Jaw Worm","floor":3.0,"turns":3.0},{"damage":4.0,"enemies":"2 Louse","floor":4.0,"turns":4.0},{"damage":0.0,"enemies":"Red Slaver","floor":8.0,"turns":4.0},{"damage":9.0,"enemies":"Lagavulin","floor":9.0,"turns":7.0},{"damage":0.0,"enemies":"downfall:LooterAlt","floor":10.0,"turns":3.0},{"damage":5.0,"enemies":"Lots of Slimes","floor":11.0,"turns":4.0},{"damage":0.0,"enemies":"2 Fungi Beasts","floor":14.0,"turns":4.0},{"damage":4.0,"enemies":"Blue Slaver","floor":15.0,"turns":3.0},{"damage":31.0,"enemies":"WA_ARCHETYPE_RETAIN","floor":16.0,"turns":10.0},{"damage":13.0,"enemies":"downfall:LooterAlt2","floor":19.0,"turns":3.0},{"damage":4.0,"enemies":"Chosen","floor":20.0,"turns":4.0},{"damage":0.0,"enemies":"downfall:FleeingMerchant","floor":21.0,"turns":4.0},{"damage":4.0,"enemies":"Snake Plant","floor":22.0,"turns":4.0},{"damage":0.0,"enemies":"SI_SHIV_ARCHETYPE","floor":23.0,"turns":6.0},{"damage":17.0,"enemies":"Centurion and Healer","floor":26.0,"turns":6.0},{"damage":0.0,"enemies":"Chosen and Byrds","floor":28.0,"turns":3.0},{"damage":13.0,"enemies":"Snake Plant","floor":29.0,"turns":4.0},{"damage":15.0,"enemies":"Shelled Parasite and Fungi","floor":32.0,"turns":3.0},{"damage":19.0,"enemies":"DF_ARCHETYPE_CLAW","floor":33.0,"turns":8.0},{"damage":13.0,"enemies":"Orb Walker","floor":36.0,"turns":3.0},{"damage":2.0,"enemies":"downfall:FleeingMerchant","floor":37.0,"turns":4.0},{"damage":47.0,"enemies":"3 Darklings","floor":39.0,"turns":6.0},{"damage":10.0,"enemies":"downfall:FleeingMerchant","floor":40.0,"turns":4.0},{"damage":33.0,"enemies":"Sphere and 2 Shapes","floor":43.0,"turns":6.0},{"damage":9.0,"enemies":"Sphere and 2 Shapes","floor":44.0,"turns":9.0},{"damage":74.0,"enemies":"Reptomancer","floor":45.0,"turns":10.0},{"damage":20.0,"enemies":"Spire Growth","floor":46.0,"turns":7.0},{"damage":0.0,"enemies":"downfall:FleeingMerchant","floor":47.0,"turns":3.0},{"damage":6.0,"enemies":"Writhing Mass","floor":48.0,"turns":6.0},{"damage":26.0,"enemies":"Jaw Worm Horde","floor":49.0,"turns":4.0},{"damage":231,"enemies":"IC_BLOCK_ARCHETYPE","floor":50,"turns":6}],"seed_played":"-2738238305904420193","potions_obtained":[{"floor":8.0,"key":"DistilledChaos"},{"floor":9.0,"key":"Block Potion"},{"floor":10.0,"key":"Fire Potion"},{"floor":26.0,"key":"FairyPotion"},{"floor":33.0,"key":"Fruit Juice"},{"floor":34.0,"key":"Energy Potion"},{"floor":44.0,"key":"Regen Potion"},{"floor":46.0,"key":"Guardian:BlockOnCardUsePotion"}],"is_trial":false,"path_per_floor":["R","M","M","M","?","R","T","M","E","M","M","?","R","M","M","B",null,"R","M","M","$","M","?","T","?","M","R","M","M","R","?","M","B",null,"R","M","$","?","M","$","T","?","M","?","E","M","$","M","M","B"],"character_chosen":"THE_SPIRIT","items_purchased":["Calipers","hexamod:VolcanoVisage","Question Card","hexamod:ApocalypseNow"],"campfire_rested":1,"item_purchase_floors":[21,21,47,47],"current_hp_per_floor":[70,70,70,66,64,64,64,64,55,55,50,50,50,50,46,15,70,70,57,53,53,49,49,49,49,36,67,71,62,62,62,51,41,90,90,81,83,83,40,41,41,35,20,100,37,42,46,57,42,0,0,0],"gold":111,"neow_bonus":"ONE_RARE_RELIC","is_daily":false,"chose_seed":false,"campfire_upgraded":5,"win_rate":0.0,"timestamp":1613535739,"path_taken":["R","M","M","?","?","R","T","M","E","M","M","?","R","M","M","BOSS","R","M","M","$","M","?","T","?","M","R","?","M","R","?","M","BOSS","R","M","$","?","M","$","T","?","M","?","E","M","?","M","M","BOSS"],"items_purchased_type":["Relic","Card","Relic","Card"],"build_version":"2020-12-22","purchased_purges":4,"victory":false,"max_hp_per_floor":[70,70,70,70,70,70,70,70,70,70,70,70,70,70,70,70,70,70,70,70,70,70,70,70,70,70,80,80,80,80,80,80,85,90,90,90,90,90,90,90,90,90,90,100,100,100,100,106,106,106,106,106],"relic_stats":{"Darkstone Periapt":6,"counters":[32,157],"Question Card":5,"obtain_stats":[{"Darkstone Periapt":23,"Calipers":21,"Tiny House":34,"downfall:HeartBlessingRed":35,"hexamod:TheBrokenSeal":44,"Oddly Smooth Stone":45,"hexamod:InflammatoryLetter":41,"Guardian:PocketSentry":7,"Bottled Tornado":9,"sneckomod:SneckoTalon":17,"Question Card":47,"downfall:HeartBlessingBlue":27,"hexamod:SoulConsumer":23,"aspiration:HatOfInfinitePower":44,"hexamod:SpiritBrand":0,"TungstenRod":0},{"Darkstone Periapt":15,"Calipers":13,"Tiny House":20,"downfall:HeartBlessingRed":20,"hexamod:TheBrokenSeal":26,"Oddly Smooth Stone":27,"hexamod:InflammatoryLetter":24,"Guardian:PocketSentry":3,"Bottled Tornado":5,"sneckomod:SneckoTalon":10,"Question Card":29,"downfall:HeartBlessingBlue":16,"hexamod:SoulConsumer":15,"aspiration:HatOfInfinitePower":26,"hexamod:SpiritBrand":0,"TungstenRod":0},{"Darkstone Periapt":66,"Calipers":56,"Tiny House":89,"downfall:HeartBlessingRed":89,"hexamod:TheBrokenSeal":116,"Oddly Smooth Stone":131,"hexamod:InflammatoryLetter":106,"Guardian:PocketSentry":10,"Bottled Tornado":21,"sneckomod:SneckoTalon":45,"Question Card":141,"downfall:HeartBlessingBlue":71,"hexamod:SoulConsumer":66,"aspiration:HatOfInfinitePower":121,"hexamod:SpiritBrand":0,"TungstenRod":0}],"TungstenRod":79},"card_choices":[{"not_picked":["hexamod:FastForward","hexamod:SwordOfDarkness"],"picked":"hexamod:FlamesFromBeyond","floor":2.0},{"not_picked":["hexamod:HauntingEcho","hexamod:HeatMetal","hexamod:InspiringFlames"],"picked":"SKIP","floor":3.0},{"not_picked":["hexamod:NightmareStrike","hexamod:FlamesFromBeyond"],"picked":"hexamod:ExtraCrispy","floor":4.0},{"not_picked":["hexamod:HauntingEcho","hexamod:Firestarter"],"picked":"hexamod:FlamesFromBeyond","floor":8.0},{"not_picked":["hexamod:RadiantFlame","hexamod:Haunt"],"picked":"hexamod:HeatShield","floor":9.0},{"not_picked":["hexamod:HauntingEcho","hexamod:GiftsFromTheDead"],"picked":"hexamod:SecondSeal","floor":10.0},{"not_picked":["hexamod:HeatMetal","hexamod:AdvancingGuard"],"picked":"hexamod:BurningTouch","floor":11.0},{"not_picked":["hexamod:Hexaguard","hexamod:HeatMetal"],"picked":"hexamod:SoulSteal","floor":14.0},{"not_picked":["hexamod:GhostLash","hexamod:SpectersWail"],"picked":"hexamod:ShieldOfDarkness","floor":15.0},{"not_picked":["hexamod:Firestarter+1","hexamod:ShieldOfDarkness","hexamod:SwordOfDarkness+1"],"picked":"SKIP","floor":19.0},{"not_picked":["hexamod:GhostLash","hexamod:RadiantFlame","hexamod:GhostOfSpirePresent"],"picked":"SKIP","floor":20.0},{"not_picked":["hexamod:BurningTouch","hexamod:GhostShield+1","hexamod:HauntingEcho"],"picked":"SKIP","floor":21.0},{"not_picked":["hexamod:HauntingEcho","hexamod:FastForward","hexamod:BacktrackSmack"],"picked":"SKIP","floor":22.0},{"not_picked":["hexamod:BurningTouch","hexamod:AdvancingGuard+1","hexamod:DynamicBlow"],"picked":"SKIP","floor":26.0},{"not_picked":["hexamod:Firestarter","hexamod:FourthSeal"],"picked":"hexamod:SecondSeal","floor":28.0},{"not_picked":["hexamod:SkipABeat","hexamod:SoulSteal"],"picked":"hexamod:HeatCrush","floor":29.0},{"not_picked":["hexamod:SpectralAdrenaline","hexamod:SuperheatedStrike","hexamod:FlamesFromBeyond"],"picked":"SKIP","floor":32.0},{"not_picked":["hexamod:SecondSeal","hexamod:ThirdSeal"],"picked":"hexamod:SixthSeal","floor":36.0},{"not_picked":["hexamod:SwordOfDarkness+1","hexamod:GhostLash","hexamod:HeatMetal"],"picked":"SKIP","floor":36.0},{"not_picked":["hexamod:SixthSeal","hexamod:FourthSeal"],"picked":"hexamod:ThirdSeal","floor":37.0},{"not_picked":["hexamod:Firestarter","hexamod:Hexaguard+1","hexamod:RadiantFlame"],"picked":"SKIP","floor":37.0},{"not_picked":["hexamod:FourthSeal","hexamod:SixthSeal"],"picked":"hexamod:FirstSeal","floor":39.0},{"not_picked":["hexamod:BurningTouch","hexamod:SuperheatedStrike"],"picked":"hexamod:FifthSeal","floor":39.0},{"not_picked":["hexamod:EmpoweredFlame+1","hexamod:SuperheatedStrike","hexamod:Hexaguard+1"],"picked":"SKIP","floor":39.0},{"not_picked":["hexamod:SixthSeal","hexamod:ThirdSeal"],"picked":"hexamod:FourthSeal","floor":40.0},{"not_picked":["hexamod:TimeOfNeed","hexamod:InspiringFlames"],"picked":"hexamod:ShieldOfDarkness+1","floor":40.0},{"not_picked":["hexamod:ThirdSeal","hexamod:SecondSeal"],"picked":"hexamod:SixthSeal","floor":43.0},{"not_picked":["hexamod:HauntingEcho","hexamod:InspiringFlames+1","hexamod:SecondSeal"],"picked":"SKIP","floor":43.0},{"not_picked":["hexamod:BacktrackSmack+1","hexamod:Firestarter","hexamod:FastForward"],"picked":"SKIP","floor":43.0},{"not_picked":["hexamod:FirstSeal","hexamod:FourthSeal"],"picked":"hexamod:ThirdSeal","floor":45.0},{"not_picked":["hexamod:EtherealExpedition+1","hexamod:WildfireWeapon","hexamod:SoulSteal"],"picked":"SKIP","floor":45.0},{"not_picked":["hexamod:FirstSeal","hexamod:HauntingEcho"],"picked":"hexamod:RecurringNightmare","floor":46.0},{"not_picked":["hexamod:SoulSteal","hexamod:ChargedBarrage+1","hexamod:Firestarter+1"],"picked":"SKIP","floor":46.0},{"not_picked":["hexamod:PowerFromBeyond","hexamod:AdvancingGuard","hexamod:HeatMetal"],"picked":"SKIP","floor":47.0},{"not_picked":["hexamod:DynamicBlow+1","hexamod:GhostShield+1","hexamod:SwordOfDarkness"],"picked":"SKIP","floor":47.0},{"not_picked":["hexamod:SpectralSpark+1","hexamod:HauntingEcho","hexamod:ChargedBarrage+1","hexamod:HeatMetal+1"],"picked":"SKIP","floor":48.0},{"not_picked":["hexamod:HauntingEcho+1","hexamod:FlamesFromBeyond","hexamod:Hexaguard","hexamod:Incineration"],"picked":"SKIP","floor":48.0},{"not_picked":["hexamod:FirstSeal","hexamod:SecondSeal"],"picked":"hexamod:FourthSeal","floor":49.0},{"not_picked":["hexamod:SpectralSpark+1","hexamod:SpectersWail","hexamod:PhantomCloak","hexamod:ShieldOfDarkness+1"],"picked":"SKIP","floor":49.0}],"player_experience":432820,"relics_obtained":[{"floor":7.0,"key":"Guardian:PocketSentry"},{"floor":9.0,"key":"Bottled Tornado"},{"floor":23.0,"key":"hexamod:SoulConsumer"},{"floor":23.0,"key":"Darkstone Periapt"},{"floor":41.0,"key":"hexamod:InflammatoryLetter"},{"floor":44.0,"key":"aspiration:HatOfInfinitePower"},{"floor":45.0,"key":"Oddly Smooth Stone"}],"event_choices":[{"damage_healed":0.0,"max_hp_gain":0.0,"max_hp_loss":0.0,"gold_gain":0.0,"event_name":"Scrap Ooze","player_choice":"Fled","floor":5.0,"gold_loss":0.0,"damage_taken":3.0},{"damage_healed":0.0,"max_hp_gain":0.0,"max_hp_loss":0.0,"gold_gain":0.0,"event_name":"The Library","player_choice":"Read","floor":31.0,"gold_loss":0.0,"damage_taken":0.0,"cards_obtained":["hexamod:FifthSeal"]}],"is_beta":false,"boss_relics":[{"not_picked":["aspiration:IroncladSkillbook","Philosopher\u0027s Stone"],"picked":"sneckomod:SneckoTalon"},{"not_picked":["aspiration:RunicSpoon","bronze:MakeshiftBattery"],"picked":"Tiny House"}],"items_purged_floors":[21,37,40,47],"is_endless":false,"potions_floor_spawned":[8,9,10,14,26,29,32,33,43,44,45,46,49],"killed_by":"IC_BLOCK_ARCHETYPE","ascension_level":0}}