{"host":"ffqn1azj9urswy62","time":1613577198,"event":{"mods":["BaseMod","Better Third Choice","Conspire","Googly Eyes","Hubris","Minty Spire (QoL Compilation)","Replay The Spire","StSLib","Wandering Minibosses","slay the spire mod where everything is the same but ironclad has a cowboy hat"],"gold_per_floor":[109,109,109,119,139,170,170,180,180,211,231,263,276,276,276,276,276],"floor_reached":16,"language":"ENG","playtime":601,"items_purged":[],"score":140,"play_id":"89302f1d-7e8e-4365-92cf-ab4097b51720","local_time":"20210217105318","is_ascension_mode":true,"campfire_choices":[{"data":"Dualcast","floor":7,"key":"SMITH"},{"data":"Hologram","floor":15,"key":"SMITH"}],"circlet_count":0,"master_deck":["Strike_B","Strike_B","Strike_B","Defend_B","Defend_B","Defend_B","Defend_B","Zap+1","Dualcast+1","Cold Snap","Compile Driver","Leap","Gash","Hologram+1"],"relics":["Cracked Core","NeowsBlessing","Juzu Bracelet","Nunchaku","Onion Ring","ReplayFunnel"],"acts_visited":["Exordium"],"potions_floor_usage":[6,6,10],"damage_taken":[{"damage":0,"enemies":"Small Slimes","floor":1,"turns":1},{"damage":0,"enemies":"Cultist","floor":4,"turns":1},{"damage":0,"enemies":"Jaw Worm","floor":5,"turns":1},{"damage":19,"enemies":"Lagavulin","floor":6,"turns":8},{"damage":6,"enemies":"Exordium Thugs","floor":8,"turns":4},{"damage":3,"enemies":"3 Sentries","floor":10,"turns":4},{"damage":6,"enemies":"3 Louse","floor":11,"turns":2},{"damage":20,"enemies":"Lagavulin","floor":12,"turns":5},{"damage":5,"enemies":"Exordium Wildlife","floor":13,"turns":3},{"damage":22,"enemies":"Hexaghost","floor":16,"turns":11}],"seed_played":"3956693238690758053","potions_obtained":[{"floor":4,"key":"Doom Potion"},{"floor":5,"key":"PowerPotion"},{"floor":8,"key":"PowerPotion"},{"floor":12,"key":"PotionOfCapacity"}],"is_trial":false,"path_per_floor":["M","?","?","M","M","E","R","M","T","E","M","E","M","?","R","B"],"character_chosen":"DEFECT","items_purchased":[],"campfire_rested":0,"item_purchase_floors":[],"current_hp_per_floor":[75,75,75,75,75,56,56,50,50,47,41,21,16,16,16,0,0],"gold":276,"neow_bonus":"THREE_ENEMY_KILL","is_daily":false,"chose_seed":false,"campfire_upgraded":2,"win_rate":0.0,"timestamp":1613577198,"path_taken":["M","?","?","M","M","E","R","M","T","E","M","E","M","?","R","BOSS"],"items_purchased_type":[],"build_version":"2020-12-22","purchased_purges":0,"victory":false,"max_hp_per_floor":[75,75,75,75,75,75,75,75,75,75,75,75,75,75,75,75,75],"card_choices":[{"not_picked":["Panic Button","Steam"],"picked":"Conserve Battery","floor":1},{"not_picked":["conspire:Rain","Steam Power"],"picked":"Cold Snap","floor":4},{"not_picked":["Cold Snap","White Noise"],"picked":"Compile Driver","floor":5},{"not_picked":["Turbo","Chill"],"picked":"Leap","floor":6},{"not_picked":["Turbo","Steam","Static Discharge"],"picked":"SKIP","floor":8},{"not_picked":["Multi-Cast","Hologram"],"picked":"Gash","floor":10},{"not_picked":["Streamline","Coolheaded"],"picked":"Hologram","floor":11},{"not_picked":["Melter","Turbo","Amplify"],"picked":"SKIP","floor":12},{"not_picked":["Cold Snap","Rebound","White Noise"],"picked":"SKIP","floor":13}],"player_experience":686192,"relics_obtained":[{"floor":6,"key":"Nunchaku"},{"floor":10,"key":"Onion Ring"},{"floor":12,"key":"ReplayFunnel"}],"event_choices":[{"cards_removed":["Conserve Battery"],"damage_healed":0,"gold_gain":0,"player_choice":"Gave Card","damage_taken":0,"relics_obtained":["Juzu Bracelet"],"max_hp_gain":0,"max_hp_loss":0,"event_name":"WeMeetAgain","floor":2,"gold_loss":0},{"damage_healed":0,"gold_gain":0,"player_choice":"Forge","damage_taken":0,"max_hp_gain":0,"max_hp_loss":0,"event_name":"Accursed Blacksmith","floor":3,"gold_loss":0,"cards_upgraded":["Zap"]}],"is_beta":false,"boss_relics":[],"items_purged_floors":[],"is_endless":false,"potions_floor_spawned":[4,5,8,12],"killed_by":"Hexaghost","ascension_level":3}}