{"host":"i09pxcjttd31eh4q","time":1613534935,"event":{"mods":["AchievementEnabler","BaseMod","Colored Map","Keyboard Shortcuts","Minty Spire (QoL Compilation)","StSLib","SuperFastMode"],"gold_per_floor":[20,35,53,53,69,89,14,26,72,72,100,25,56,76,76,153,153,163,179,179,197,122,122,139,139,139],"floor_reached":25,"language":"KOR","playtime":560,"items_purged":["Strike_G"],"score":484,"play_id":"a8d45bf3-33de-4517-a14e-122561d088b2","local_time":"20210217130855","is_ascension_mode":true,"campfire_choices":[{"data":"Cloak And Dagger","floor":10.0,"key":"SMITH"},{"data":"Envenom","floor":15,"key":"SMITH"},{"data":"Cloak And Dagger","floor":23,"key":"SMITH"}],"circlet_count":0,"master_deck":["AscendersBane","Strike_G","Strike_G","Defend_G","Defend_G","Defend_G","Defend_G","Defend_G","Survivor","Neutralize","Corpse Explosion","Blade Dance","Accuracy","Cloak And Dagger+1","Escape Plan","Cloak And Dagger+1","Footwork","Envenom+1","Backstab","Backflip","Backflip"],"relics":["Ring of the Snake","Matryoshka","MealTicket","Bottled Lightning","Vajra","Juzu Bracelet","WristBlade"],"acts_visited":["Exordium","TheCity"],"potions_floor_usage":[19],"damage_taken":[{"damage":9.0,"enemies":"2 Louse","floor":1.0,"turns":3.0},{"damage":0.0,"enemies":"Jaw Worm","floor":2.0,"turns":3.0},{"damage":2.0,"enemies":"Small Slimes","floor":3.0,"turns":3.0},{"damage":2.0,"enemies":"3 Louse","floor":5.0,"turns":2.0},{"damage":0.0,"enemies":"Looter","floor":6.0,"turns":5.0},{"damage":0.0,"enemies":"Blue Slaver","floor":8.0,"turns":3.0},{"damage":20.0,"enemies":"3 Sentries","floor":11.0,"turns":3.0},{"damage":0.0,"enemies":"Lagavulin","floor":13.0,"turns":6.0},{"damage":1,"enemies":"2 Fungi Beasts","floor":14,"turns":2},{"damage":19,"enemies":"The Guardian","floor":16,"turns":11},{"damage":5,"enemies":"Spheric Guardian","floor":18,"turns":4},{"damage":0,"enemies":"3 Byrds","floor":19,"turns":1},{"damage":18,"enemies":"Centurion and Healer","floor":21,"turns":4},{"damage":21,"enemies":"Snake Plant","floor":24,"turns":4},{"damage":0,"enemies":"Shelled Parasite and Fungi","floor":25,"turns":1}],"seed_played":"1504346303306746005","potions_obtained":[{"floor":5.0,"key":"SneckoOil"},{"floor":6.0,"key":"Explosive Potion"},{"floor":11.0,"key":"FairyPotion"},{"floor":16,"key":"Explosive Potion"},{"floor":18,"key":"CunningPotion"},{"floor":19,"key":"Strength Potion"}],"is_trial":false,"path_per_floor":["M","M","M","?","M","M","?","M","T","R","E","$","E","M","R","B",null,"M","M","?","M","?","R","M","M"],"character_chosen":"THE_SILENT","items_purchased":[],"campfire_rested":0,"item_purchase_floors":[],"current_hp_per_floor":[50,50,48,30,28,28,28,28,28,28,8,23,23,22,22,3,50,45,45,27,9,9,9,11,11,11],"gold":139,"neow_bonus":"THREE_RARE_CARDS","is_daily":false,"chose_seed":false,"campfire_upgraded":3,"win_rate":0.0,"timestamp":1613534935,"path_taken":["M","M","M","?","M","M","?","M","T","R","E","$","E","M","R","BOSS","M","M","?","M","?","R","M","M"],"items_purchased_type":[],"build_version":"2020-12-22","purchased_purges":1,"victory":false,"max_hp_per_floor":[66,66,66,66,66,66,66,66,66,66,66,66,66,66,66,66,66,66,66,71,71,71,71,71,71,71],"card_choices":[{"not_picked":["Venomology","After Image"],"picked":"Corpse Explosion","floor":0.0},{"not_picked":["Deflect","Sucker Punch"],"picked":"Blade Dance","floor":1.0},{"not_picked":["Dash","Deflect"],"picked":"Accuracy","floor":2.0},{"not_picked":["Sucker Punch","Infinite Blades"],"picked":"Cloak And Dagger","floor":3.0},{"not_picked":["Flying Knee","Sucker Punch","Finisher"],"picked":"SKIP","floor":5.0},{"not_picked":["Sucker Punch","Dagger Spray"],"picked":"Escape Plan","floor":6.0},{"not_picked":["Reflex","Dagger Spray"],"picked":"Cloak And Dagger","floor":8.0},{"not_picked":["Dagger Spray","Slice"],"picked":"Footwork","floor":11.0},{"not_picked":["Deflect","Finisher"],"picked":"Envenom","floor":13.0},{"not_picked":["Underhanded Strike","Deflect","Calculated Gamble"],"picked":"SKIP","floor":14},{"not_picked":["Poisoned Stab","Bane","Crippling Poison"],"picked":"SKIP","floor":18},{"not_picked":["Dodge and Roll","Sucker Punch"],"picked":"Backstab","floor":19},{"not_picked":["Slice+1","All Out Attack"],"picked":"Backflip","floor":21},{"not_picked":["Blade Dance","Dodge and Roll"],"picked":"Backflip","floor":24}],"player_experience":913929,"relics_obtained":[{"floor":9.0,"key":"MealTicket"},{"floor":9.0,"key":"Bottled Lightning"},{"floor":11.0,"key":"Vajra"},{"floor":13.0,"key":"Juzu Bracelet"}],"event_choices":[{"damage_healed":0.0,"max_hp_gain":0.0,"max_hp_loss":0.0,"gold_gain":0.0,"event_name":"Scrap Ooze","player_choice":"Success","floor":4.0,"gold_loss":0.0,"damage_taken":18.0,"relics_obtained":["Matryoshka"]},{"cards_removed":["Strike_G"],"damage_healed":0.0,"max_hp_gain":0.0,"max_hp_loss":0.0,"gold_gain":0.0,"event_name":"The Cleric","player_choice":"Card Removal","floor":7.0,"gold_loss":75.0,"damage_taken":0.0},{"damage_healed":0,"gold_gain":0,"player_choice":"Shed Blood","damage_taken":23,"max_hp_gain":5,"max_hp_loss":0,"event_name":"Forgotten Altar","floor":20,"gold_loss":0},{"cards_removed":["Strike_G"],"damage_healed":0,"gold_gain":0,"player_choice":"Gave Gold","damage_taken":0,"max_hp_gain":0,"max_hp_loss":0,"event_name":"Beggar","floor":22,"gold_loss":75}],"is_beta":false,"boss_relics":[{"not_picked":["Velvet Choker","Busted Crown"],"picked":"WristBlade"}],"items_purged_floors":[12],"is_endless":false,"potions_floor_spawned":[5,6,8,11,16,18,19],"killed_by":"Shelled Parasite and Fungi","ascension_level":20}}