{"host":"nia1zwr35jsu5y7h","time":1613580729,"event":{"mods":["2.2 Compatiblity","Abigail Mod","Bard","BaseMod","Colored Map","Conspire","Downfall","Friendly Minions","Hermit","Highlight Path","Hubris","Infinite Spire","Kiyohime????","Koishi","Marisa????????","Minty Spire (QoL Compilation)","Quick Restart","Replay The Spire","Shade Mod","Shop Mod","StSLib","The Animator","The Construct","The Cursed","The Disciple","The Mystic","The Necromancer","The Servant 0.9.4"],"gold_per_floor":[116,126,126,140,7,43,43,43,70,91,91,91],"floor_reached":11,"language":"ENG","playtime":427,"items_purged":[],"score":146,"play_id":"9f703550-5789-474a-ae96-8e3fa4d40e90","local_time":"20210217085209","is_ascension_mode":true,"campfire_choices":[{"data":"StarChef","floor":8,"key":"SMITH"}],"circlet_count":0,"master_deck":["AscendersBane","Strike_S","Strike_S","Strike_S","Strike_S","Defend_S","Defend_S","Defend_S","Defend_S","KidneyShot","Exchange","GearUp","StarChef+1","InstantArmor","Luminosity+1","Contraction+1","TimeTheft","SurpressingFire"],"relics":["Uniform","NeowsBlessing","Golden Idol","conspire:Dentures","hubris:OldNail"],"acts_visited":["Exordium"],"potions_floor_usage":[],"damage_taken":[{"damage":0,"enemies":"Small Slimes","floor":1,"turns":1},{"damage":0,"enemies":"Jaw Worm","floor":2,"turns":1},{"damage":0,"enemies":"Cultist","floor":4,"turns":1},{"damage":3,"enemies":"Replay:BlueRogue","floor":6,"turns":14},{"damage":2,"enemies":"Blue Slaver","floor":10,"turns":5},{"damage":48,"enemies":"Gremlin Nob","floor":11,"turns":5}],"seed_played":"-4164045572750679727","potions_obtained":[{"floor":1,"key":"Guardian:BlockOnCardUsePotion"},{"floor":2,"key":"Elixir"}],"is_trial":false,"path_per_floor":["M","M","?","M","$","E","?","R","T","M","E"],"character_chosen":"THE_SERVANT","items_purchased":["Luminosity","Contraction+1"],"campfire_rested":0,"item_purchase_floors":[5,5],"current_hp_per_floor":[54,54,54,54,54,51,51,51,51,49,1,1],"gold":91,"neow_bonus":"THREE_ENEMY_KILL","is_daily":false,"chose_seed":false,"campfire_upgraded":1,"win_rate":0.0,"timestamp":1613580729,"path_taken":["M","M","?","M","$","E","?","R","T","?","E"],"items_purchased_type":["Card","Card"],"build_version":"2020-12-22","purchased_purges":0,"victory":false,"max_hp_per_floor":[60,60,54,54,54,54,54,54,54,54,54,54],"card_choices":[{"not_picked":["Unruled","Revamp"],"picked":"GearUp","floor":1},{"not_picked":["DoubleEdge","ReturningBlade"],"picked":"StarChef","floor":2},{"not_picked":["Starlight","ShatteredReality"],"picked":"InstantArmor","floor":4},{"not_picked":["DoubleEdge","Alleviate"],"picked":"TimeTheft","floor":6},{"not_picked":["FastForward","ShatteredReality"],"picked":"SurpressingFire","floor":10}],"player_experience":2202546,"relics_obtained":[{"floor":6,"key":"conspire:Dentures"},{"floor":9,"key":"hubris:OldNail"}],"event_choices":[{"damage_healed":0,"gold_gain":0,"player_choice":"Lose Max HP","damage_taken":0,"relics_obtained":["Golden Idol"],"max_hp_gain":0,"max_hp_loss":6,"event_name":"Golden Idol","floor":3,"gold_loss":0},{"damage_healed":0,"gold_gain":0,"player_choice":"Upgraded","damage_taken":0,"max_hp_gain":0,"max_hp_loss":0,"event_name":"Upgrade Shrine","floor":7,"gold_loss":0,"cards_upgraded":["Luminosity"]}],"is_beta":false,"boss_relics":[],"items_purged_floors":[],"is_endless":false,"potions_floor_spawned":[1,2,6,10],"killed_by":"Gremlin Nob","ascension_level":20}}