{"host":"t7mx8yfj1no5p62f","time":1613520211,"event":{"mods":["BaseMod","Colored Map","Colored Powertips","Curses Come First","Minty Spire (QoL Compilation)","Relic Stats","StSLib"],"gold_per_floor":[110,110,110,110,124,159,169,184,184,210,210,222,297,309,309,309,309],"floor_reached":16,"language":"ENG","playtime":440,"items_purged":[],"score":274,"play_id":"40e08d3d-bf3d-4ce5-bc41-3d3958ab25ab","local_time":"20210216190331","is_ascension_mode":true,"campfire_choices":[{"data":"Turbo","floor":11.0,"key":"SMITH"},{"data":"Defragment","floor":15.0,"key":"SMITH"}],"circlet_count":0,"master_deck":["AscendersBane","Strike_B","Strike_B+1","Strike_B","Defend_B","Defend_B","Defend_B","Defend_B+1","Zap","Dualcast","Cold Snap","Gash","Sweeping Beam","Chill","Turbo+1","Core Surge","Defragment+1","Redo"],"relics":["Cracked Core","NeowsBlessing","Unceasing Top","Nunchaku","Centennial Puzzle","Bottled Flame"],"acts_visited":["Exordium"],"potions_floor_usage":[16],"damage_taken":[{"damage":0.0,"enemies":"Small Slimes","floor":1.0,"turns":1.0},{"damage":0.0,"enemies":"Jaw Worm","floor":5.0,"turns":1.0},{"damage":0.0,"enemies":"3 Sentries","floor":6.0,"turns":1.0},{"damage":0.0,"enemies":"Cultist","floor":7.0,"turns":4.0},{"damage":0.0,"enemies":"2 Fungi Beasts","floor":8.0,"turns":2.0},{"damage":3.0,"enemies":"Lagavulin","floor":10.0,"turns":7.0},{"damage":4.0,"enemies":"Looter","floor":12.0,"turns":2.0},{"damage":8.0,"enemies":"Large Slime","floor":14.0,"turns":5.0},{"damage":50,"enemies":"Slime Boss","floor":16,"turns":9}],"seed_played":"4294944550983805001","potions_obtained":[{"floor":7.0,"key":"FairyPotion"},{"floor":8.0,"key":"SkillPotion"}],"is_trial":false,"path_per_floor":["M","?","T","?","M","E","M","M","T","E","R","M","?","M","R","B"],"character_chosen":"DEFECT","items_purchased":[],"campfire_rested":0,"item_purchase_floors":[],"current_hp_per_floor":[64,43,43,43,43,43,43,43,43,40,40,36,25,17,17,0,0],"gold":309,"neow_bonus":"THREE_ENEMY_KILL","is_daily":false,"chose_seed":false,"campfire_upgraded":2,"win_rate":0.0,"timestamp":1613520211,"path_taken":["M","?","?","?","M","E","M","?","T","E","R","M","?","M","R","BOSS"],"items_purchased_type":[],"build_version":"2020-12-22","purchased_purges":0,"victory":false,"max_hp_per_floor":[71,71,71,71,71,71,71,71,71,71,71,71,71,71,71,71,71],"relic_stats":{"Nunchaku":[5],"Centennial Puzzle":[12],"counters":[9,32],"obtain_stats":[{"Nunchaku":6,"Centennial Puzzle":9,"Bottled Flame":10,"NeowsBlessing":0,"Cracked Core":0,"Unceasing Top":3},{"Nunchaku":3,"Centennial Puzzle":5,"Bottled Flame":6,"NeowsBlessing":0,"Cracked Core":0,"Unceasing Top":1},{"Nunchaku":3,"Centennial Puzzle":9,"Bottled Flame":16,"NeowsBlessing":0,"Cracked Core":0,"Unceasing Top":1}],"Unceasing Top":[15]},"card_choices":[{"not_picked":["Compile Driver","Redo"],"picked":"Cold Snap","floor":1.0},{"not_picked":["Static Discharge","Beam Cell"],"picked":"Sweeping Beam","floor":5.0},{"not_picked":["Storm","Rebound"],"picked":"Chill","floor":6.0},{"not_picked":["Rebound","Steam"],"picked":"Turbo","floor":7.0},{"not_picked":["Barrage","Streamline","Hello World"],"picked":"SKIP","floor":8.0},{"not_picked":["Conserve Battery","Coolheaded"],"picked":"Core Surge","floor":10.0},{"not_picked":["Ball Lightning","Tempest"],"picked":"Defragment","floor":12.0},{"not_picked":["Barrage","Coolheaded"],"picked":"Redo","floor":14.0}],"player_experience":1974685,"relics_obtained":[{"floor":3.0,"key":"Unceasing Top"},{"floor":6.0,"key":"Nunchaku"},{"floor":9.0,"key":"Centennial Puzzle"},{"floor":10.0,"key":"Bottled Flame"}],"event_choices":[{"damage_healed":0.0,"max_hp_gain":0.0,"max_hp_loss":0.0,"gold_gain":0.0,"event_name":"Shining Light","player_choice":"Entered Light","floor":2.0,"gold_loss":0.0,"damage_taken":21.0,"cards_upgraded":["Strike_B","Defend_B"]},{"damage_healed":0.0,"max_hp_gain":0.0,"max_hp_loss":0.0,"gold_gain":0.0,"cards_transformed":["Strike_B"],"event_name":"Transmorgrifier","player_choice":"Transformed","floor":4.0,"gold_loss":0.0,"damage_taken":0.0,"cards_obtained":["Gash"]},{"damage_healed":0.0,"max_hp_gain":0.0,"max_hp_loss":0.0,"gold_gain":75.0,"event_name":"World of Goop","player_choice":"Gather Gold","floor":13.0,"gold_loss":0.0,"damage_taken":11.0}],"is_beta":false,"boss_relics":[],"items_purged_floors":[],"is_endless":false,"potions_floor_spawned":[7,8],"killed_by":"Slime Boss","ascension_level":20}}