{"host":"juzxcsbtp4zm18uq","time":1613522535,"event":{"mods":["BaseMod","Colored Map","Highlight Path","Minty Spire (QoL Compilation)","Relic Stats"],"gold_per_floor":[116,128,128,152,152,188,188,188,188,208,224,267,292,170,170,298,298,318,341,341,207,225,225,225,225,225,225,244,278,298,341,341,341,341],"floor_reached":33,"language":"ENG","playtime":4052,"items_purged":["Defend_R","Defend_R"],"score":297,"play_id":"2861174a-9894-4592-ada0-ef86e0b34511","local_time":"20210217004215","is_ascension_mode":false,"campfire_choices":[{"floor":8,"key":"REST"},{"floor":15,"key":"REST"},{"floor":23,"key":"REST"},{"floor":25,"key":"REST"},{"floor":27,"key":"REST"},{"floor":32,"key":"REST"}],"circlet_count":0,"master_deck":["Strike_R","Strike_R","Strike_R","Strike_R","Strike_R","Defend_R","Bash","Anger","Pommel Strike+1","Cleave","Disarm","Uppercut","Whirlwind","Anger","Immolate","Clothesline","Ghostly Armor","Seeing Red","Inflame","Jack Of All Trades","Warcry","Immolate","Clothesline+1"],"relics":["Burning Blood","Golden Idol","Turnip","Du-Vu Doll","Darkstone Periapt","Paper Frog","Runic Cube","Bottled Tornado","Kunai","Molten Egg 2"],"acts_visited":["Exordium","TheCity"],"potions_floor_usage":[16,16,29,33,33,33],"damage_taken":[{"damage":0,"enemies":"Cultist","floor":1,"turns":4},{"damage":2,"enemies":"2 Louse","floor":2,"turns":3},{"damage":11,"enemies":"Jaw Worm","floor":4,"turns":2},{"damage":11,"enemies":"Gremlin Nob","floor":6,"turns":4},{"damage":5,"enemies":"Gremlin Gang","floor":10,"turns":3},{"damage":9,"enemies":"2 Fungi Beasts","floor":11,"turns":3},{"damage":47,"enemies":"3 Sentries","floor":12,"turns":7},{"damage":16,"enemies":"Exordium Thugs","floor":13,"turns":5},{"damage":41,"enemies":"Hexaghost","floor":16,"turns":8},{"damage":15,"enemies":"Chosen","floor":18,"turns":5},{"damage":22,"enemies":"2 Thieves","floor":19,"turns":3},{"damage":47,"enemies":"Sentry and Sphere","floor":22,"turns":6},{"damage":6,"enemies":"Snecko","floor":28,"turns":3},{"damage":34,"enemies":"Book of Stabbing","floor":29,"turns":5},{"damage":30,"enemies":"Snake Plant","floor":30,"turns":4},{"damage":23,"enemies":"Gremlin Leader","floor":31,"turns":4},{"damage":57,"enemies":"Champ","floor":33,"turns":9}],"seed_played":"1125089017024188564","potions_obtained":[{"floor":2,"key":"Dexterity Potion"},{"floor":11,"key":"LiquidMemories"},{"floor":16,"key":"Weak Potion"},{"floor":19,"key":"DuplicationPotion"},{"floor":22,"key":"ColorlessPotion"},{"floor":29,"key":"Dexterity Potion"}],"is_trial":false,"path_per_floor":["M","M","?","M","?","E","T","R","T","M","M","E","M","$","R","B",null,"M","M","?","$","M","R","?","R","T","R","M","E","M","E","R","B"],"character_chosen":"IRONCLAD","items_purchased":["Anger","Seeing Red"],"campfire_rested":6,"item_purchase_floors":[14,21],"current_hp_per_floor":[88,88,66,61,54,49,49,75,75,76,73,32,22,22,48,13,88,79,63,63,63,22,48,36,62,62,88,88,60,36,19,45,0,0],"gold":341,"neow_bonus":"TEN_PERCENT_HP_BONUS","is_daily":false,"chose_seed":false,"campfire_upgraded":0,"win_rate":0.0,"timestamp":1613522535,"path_taken":["M","M","?","M","?","E","?","R","T","M","M","E","?","$","R","BOSS","M","M","?","?","M","R","?","R","T","R","M","E","M","E","R","BOSS"],"items_purchased_type":["Card","Card"],"build_version":"2020-12-22","purchased_purges":2,"victory":false,"max_hp_per_floor":[88,88,88,88,88,88,88,88,88,88,88,88,88,88,88,88,88,88,88,88,88,88,88,88,88,88,88,88,88,88,88,88,88,88],"relic_stats":{"Darkstone Periapt":0,"counters":[17,78],"Golden Idol":96,"Turnip":[11],"Kunai":[9],"obtain_stats":[{"Du-Vu Doll":7,"Darkstone Periapt":9,"Golden Idol":3,"Molten Egg 2":31,"Turnip":6,"Kunai":29,"Bottled Tornado":26,"Burning Blood":0,"Paper Frog":12,"Runic Cube":17},{"Du-Vu Doll":4,"Darkstone Periapt":4,"Golden Idol":2,"Molten Egg 2":16,"Turnip":4,"Kunai":14,"Bottled Tornado":12,"Burning Blood":0,"Paper Frog":7,"Runic Cube":9},{"Du-Vu Doll":13,"Darkstone Periapt":13,"Golden Idol":7,"Molten Egg 2":69,"Turnip":13,"Kunai":61,"Bottled Tornado":53,"Burning Blood":0,"Paper Frog":26,"Runic Cube":39}],"Burning Blood":86,"Runic Cube":[36]},"card_choices":[{"not_picked":["Havoc","Wild Strike"],"picked":"Anger","floor":1},{"not_picked":["Clash","Armaments"],"picked":"Pommel Strike","floor":2},{"not_picked":["Havoc","Flex"],"picked":"Cleave","floor":4},{"not_picked":["Double Tap","Spot Weakness"],"picked":"Disarm","floor":6},{"not_picked":["Havoc","Combust"],"picked":"Uppercut","floor":10},{"not_picked":["True Grit","Rampage"],"picked":"Whirlwind","floor":11},{"not_picked":["Burning Pact","Havoc","Dropkick"],"picked":"SKIP","floor":12},{"not_picked":["Sever Soul","Thunderclap","Perfected Strike"],"picked":"SKIP","floor":13},{"not_picked":["Reaper","Limit Break"],"picked":"Immolate","floor":16},{"not_picked":["Reckless Charge","Rupture"],"picked":"Clothesline","floor":18},{"not_picked":["Havoc+1","Power Through+1"],"picked":"Ghostly Armor","floor":19},{"not_picked":["Seeing Red","Reckless Charge"],"picked":"Inflame","floor":22},{"not_picked":["Cleave","Havoc"],"picked":"Warcry","floor":28},{"not_picked":["Fire Breathing","Flex"],"picked":"Immolate","floor":29},{"not_picked":["Thunderclap","Warcry","Twin Strike"],"picked":"SKIP","floor":30},{"not_picked":["Shrug It Off","Power Through"],"picked":"Clothesline+1","floor":31}],"player_experience":31401,"relics_obtained":[{"floor":6,"key":"Turnip"},{"floor":7,"key":"Du-Vu Doll"},{"floor":9,"key":"Darkstone Periapt"},{"floor":12,"key":"Paper Frog"},{"floor":26,"key":"Bottled Tornado"},{"floor":29,"key":"Kunai"},{"floor":31,"key":"Molten Egg 2"}],"event_choices":[{"damage_healed":0,"gold_gain":0,"player_choice":"Take Damage","damage_taken":22,"relics_obtained":["Golden Idol"],"max_hp_gain":0,"max_hp_loss":0,"event_name":"Golden Idol","floor":3,"gold_loss":0},{"cards_removed":["Defend_R"],"damage_healed":0,"gold_gain":0,"player_choice":"Card Removal","damage_taken":7,"max_hp_gain":0,"max_hp_loss":0,"event_name":"Golden Wing","floor":5,"gold_loss":0},{"damage_healed":0,"gold_gain":0,"player_choice":"Forge","damage_taken":0,"max_hp_gain":0,"max_hp_loss":0,"event_name":"Accursed Blacksmith","floor":20,"gold_loss":0,"cards_upgraded":["Pommel Strike"]},{"damage_healed":0,"gold_gain":0,"player_choice":"CARD ","damage_taken":12,"max_hp_gain":0,"max_hp_loss":0,"event_name":"Knowing Skull","floor":24,"potions_obtained":[],"gold_loss":0,"cards_obtained":["Jack Of All Trades"]}],"is_beta":false,"boss_relics":[{"not_picked":["Tiny House","Black Blood"],"picked":"Runic Cube"}],"items_purged_floors":[14,21],"is_endless":false,"potions_floor_spawned":[2,11,16,19,22,28,29],"killed_by":"Champ","ascension_level":0}}