{"host":"i45hfqkcke4zequp","time":1613578252,"event":{"mods":["AchievementEnabler","BaseMod","BetterRewards","Minty Spire (QoL Compilation)","Permanent Neow","Shop Mod","SuperFastMode"],"gold_per_floor":[112,112,112,76,93,127,127,144,144,144,171,183,183,203,203,302,302,317,335,335,335,350,350,362,362,388,388,413,7,27,55,55,155,155,170,180,180,196,250,279,279,312,312,312,312,66,116,130,130,130],"floor_reached":51,"language":"KOR","playtime":3031,"items_purged":[],"score":866,"play_id":"68d758c2-b8fa-483b-8373-d5503d49bd05","local_time":"20210218011052","is_ascension_mode":true,"campfire_choices":[{"floor":7.0,"key":"REST"},{"floor":15.0,"key":"REST"},{"data":"Eruption","floor":23.0,"key":"SMITH"},{"data":"Crescendo","floor":25.0,"key":"SMITH"},{"data":"Consecrate","floor":27.0,"key":"SMITH"},{"data":"Blasphemy","floor":32.0,"key":"SMITH"},{"data":"Omniscience","floor":45.0,"key":"SMITH"},{"data":"Fasting2","floor":49,"key":"SMITH"}],"circlet_count":0,"master_deck":["Strike_P","Strike_P","Strike_P","Strike_P","Defend_P","Defend_P","Eruption+1","Vigilance","CrushJoints","Crescendo+1","ReachHeaven","EmptyFist","FlyingSleeves","DeceiveReality","EmptyBody","Meditate","CarveReality","Weave","Alpha","TalkToTheHand+1","EmptyMind","FlurryOfBlows","SandsOfTime","MentalFortress+1","Crescendo","Consecrate+1","SignatureMove","Blasphemy+1","BattleHymn","DeusExMachina","Omniscience+1","FlyingSleeves+1","SignatureMove","Wallop","Devotion","Fasting2+1","Crescendo+1"],"relics":["PureWater","Mango","StoneCalendar","Eternal Feather","Gambling Chip","Dream Catcher","Bag of Preparation","Coffee Dripper","Prayer Wheel","Tiny Chest","Boot","Shuriken","MerchantsRug","Blood Vial","Busted Crown","Du-Vu Doll","MealTicket","Bottled Tornado","Molten Egg 2","Happy Flower","Pear","Peace Pipe"],"acts_visited":["Exordium","TheCity","TheBeyond"],"potions_floor_usage":[50,50],"damage_taken":[{"damage":6.0,"enemies":"2 Louse","floor":1.0,"turns":2.0},{"damage":3.0,"enemies":"Small Slimes","floor":5.0,"turns":3.0},{"damage":17.0,"enemies":"3 Sentries","floor":6.0,"turns":5.0},{"damage":1.0,"enemies":"Jaw Worm","floor":8.0,"turns":2.0},{"damage":6.0,"enemies":"Gremlin Nob","floor":11.0,"turns":3.0},{"damage":2.0,"enemies":"Looter","floor":12.0,"turns":2.0},{"damage":7.0,"enemies":"Gremlin Gang","floor":14.0,"turns":5.0},{"damage":45.0,"enemies":"Hexaghost","floor":16.0,"turns":7.0},{"damage":9.0,"enemies":"Shell Parasite","floor":18.0,"turns":3.0},{"damage":7.0,"enemies":"3 Byrds","floor":19.0,"turns":5.0},{"damage":16.0,"enemies":"Snecko","floor":22.0,"turns":4.0},{"damage":3.0,"enemies":"Cultist and Chosen","floor":24.0,"turns":6.0},{"damage":31.0,"enemies":"Slavers","floor":28.0,"turns":4.0},{"damage":0.0,"enemies":"Shelled Parasite and Fungi","floor":30.0,"turns":1.0},{"damage":31.0,"enemies":"Book of Stabbing","floor":31.0,"turns":4.0},{"damage":33.0,"enemies":"Automaton","floor":33.0,"turns":6.0},{"damage":0.0,"enemies":"Orb Walker","floor":35.0,"turns":1.0},{"damage":0.0,"enemies":"3 Shapes","floor":36.0,"turns":1.0},{"damage":0.0,"enemies":"Sphere and 2 Shapes","floor":38.0,"turns":1.0},{"damage":0.0,"enemies":"2 Orb Walkers","floor":39.0,"turns":1.0},{"damage":8.0,"enemies":"Giant Head","floor":40.0,"turns":6.0},{"damage":0.0,"enemies":"Reptomancer","floor":42.0,"turns":3.0},{"damage":39.0,"enemies":"Mind Bloom Boss Battle","floor":47.0,"turns":4.0},{"damage":21,"enemies":"Writhing Mass","floor":48,"turns":4},{"damage":46,"enemies":"Time Eater","floor":50,"turns":7}],"seed_played":"7615601609301116798","potions_obtained":[{"floor":5.0,"key":"Strength Potion"},{"floor":14.0,"key":"Explosive Potion"},{"floor":16.0,"key":"Regen Potion"},{"floor":18.0,"key":"LiquidBronze"},{"floor":35.0,"key":"DistilledChaos"},{"floor":36.0,"key":"Ambrosia"},{"floor":40.0,"key":"Energy Potion"},{"floor":48,"key":"BlessingOfTheForge"}],"is_trial":false,"path_per_floor":["M","?","?","$","M","E","R","M","T","?","E","M","?","M","R","B",null,"M","M","T","?","M","R","M","R","T","R","E","$","M","E","R","B",null,"M","M","?","M","?","E","?","E","T","T","R","$","?","M","R","B",null],"character_chosen":"WATCHER","items_purchased":["CrushJoints","ReachHeaven","Shuriken","MerchantsRug","Pear"],"campfire_rested":2,"item_purchase_floors":[0,4,29,29,46],"current_hp_per_floor":[59,59,34,34,31,14,48,47,47,47,41,39,39,32,66,21,86,77,70,70,70,54,69,66,81,81,86,55,55,55,24,42,11,86,86,86,86,86,86,78,78,80,80,80,82,92,53,34,55,26],"gold":130,"neow_bonus":"","is_daily":false,"chose_seed":false,"campfire_upgraded":6,"win_rate":0.0,"timestamp":1613578252,"path_taken":["M","?","?","?","M","E","R","M","T","?","E","?","?","M","R","BOSS","M","M","?","?","M","R","M","R","T","R","E","$","M","E","R","BOSS","M","M","?","M","?","E","?","E","T","?","R","$","?","M","R","BOSS"],"items_purchased_type":["Card","Card","Relic","Relic","Relic"],"build_version":"2020-12-22","purchased_purges":0,"victory":true,"max_hp_per_floor":[86,86,86,86,86,86,86,86,86,86,86,86,86,86,86,86,86,86,86,86,86,86,86,86,86,86,86,86,86,86,86,86,86,86,86,86,86,86,86,86,82,82,82,82,82,92,92,92,92,92],"card_choices":[{"not_picked":["FlyingSleeves","Evaluate"],"picked":"Crescendo","floor":1.0},{"not_picked":["PathToVictory","JustLucky"],"picked":"EmptyFist","floor":5.0},{"not_picked":["CutThroughFate","DeusExMachina"],"picked":"FlyingSleeves","floor":6.0},{"not_picked":["JustLucky","Pray"],"picked":"Prostrate","floor":8.0},{"not_picked":["CutThroughFate","Nirvana"],"picked":"DeceiveReality","floor":11.0},{"not_picked":["Halt","Prostrate"],"picked":"EmptyBody","floor":12.0},{"not_picked":["InnerPeace","Crescendo"],"picked":"CarveReality","floor":14.0},{"not_picked":["Nirvana","ThirdEye"],"picked":"Weave","floor":15.0},{"not_picked":["Omniscience","DeusExMachina"],"picked":"Alpha","floor":16.0},{"not_picked":["PathToVictory+1","EmptyBody"],"picked":"TalkToTheHand+1","floor":18.0},{"not_picked":["ClearTheMind+1","Tantrum"],"picked":"EmptyMind","floor":19.0},{"not_picked":["CrushJoints+1","EmptyBody"],"picked":"SandsOfTime","floor":22.0},{"not_picked":["EmptyFist+1","JustLucky+1"],"picked":"MentalFortress+1","floor":22.0},{"not_picked":["CrushJoints","Pray"],"picked":"Crescendo","floor":24.0},{"not_picked":["FearNoEvil","Fasting2"],"picked":"Consecrate","floor":24.0},{"not_picked":["ThirdEye+1","ReachHeaven"],"picked":"SignatureMove","floor":28.0},{"not_picked":["Meditate+1","Evaluate"],"picked":"Blasphemy","floor":30.0},{"not_picked":["Crescendo","PathToVictory"],"picked":"BattleHymn","floor":30.0},{"not_picked":["BowlingBash","Protect"],"picked":"DeusExMachina","floor":31.0},{"not_picked":["Alpha","ConjureBlade"],"picked":"Omniscience","floor":33.0},{"not_picked":["MentalFortress+1"],"picked":"SKIP","floor":35.0},{"not_picked":["TalkToTheHand"],"picked":"SKIP","floor":35.0},{"not_picked":[],"picked":"FlyingSleeves+1","floor":36.0},{"not_picked":[],"picked":"SignatureMove","floor":36.0},{"not_picked":[],"picked":"Wallop","floor":38.0},{"not_picked":["Halt"],"picked":"SKIP","floor":38.0},{"not_picked":[],"picked":"Devotion","floor":40.0},{"not_picked":["CutThroughFate"],"picked":"SKIP","floor":42.0},{"not_picked":[],"picked":"Fasting2","floor":47.0},{"not_picked":[],"picked":"Crescendo+1","floor":48},{"not_picked":["Adaptation"],"picked":"SKIP","floor":48}],"player_experience":553784,"relics_obtained":[{"floor":6.0,"key":"Gambling Chip"},{"floor":9.0,"key":"Dream Catcher"},{"floor":11.0,"key":"Bag of Preparation"},{"floor":20.0,"key":"Prayer Wheel"},{"floor":26.0,"key":"Tiny Chest"},{"floor":28.0,"key":"Boot"},{"floor":31.0,"key":"Blood Vial"},{"floor":39.0,"key":"Du-Vu Doll"},{"floor":40.0,"key":"MealTicket"},{"floor":42.0,"key":"Bottled Tornado"},{"floor":43.0,"key":"Molten Egg 2"},{"floor":44.0,"key":"Happy Flower"},{"floor":47.0,"key":"Peace Pipe"}],"event_choices":[{"damage_healed":0.0,"max_hp_gain":0.0,"max_hp_loss":0.0,"gold_gain":0.0,"event_name":"Golden Wing","player_choice":"Ignored","floor":2.0,"gold_loss":0.0,"damage_taken":0.0},{"damage_healed":0.0,"max_hp_gain":0.0,"max_hp_loss":0.0,"gold_gain":0.0,"event_name":"Scrap Ooze","player_choice":"Success","floor":3.0,"gold_loss":0.0,"damage_taken":25.0,"relics_obtained":["Eternal Feather"]},{"cards_removed":["Defend_P"],"damage_healed":0.0,"max_hp_gain":0.0,"max_hp_loss":0.0,"gold_gain":0.0,"event_name":"Purifier","player_choice":"Purged","floor":10.0,"gold_loss":0.0,"damage_taken":0.0},{"damage_healed":0.0,"max_hp_gain":0.0,"max_hp_loss":0.0,"gold_gain":0.0,"cards_transformed":["Prostrate"],"event_name":"Transmorgrifier","player_choice":"Transformed","floor":13.0,"gold_loss":0.0,"damage_taken":0.0,"cards_obtained":["Meditate"]},{"damage_healed":0.0,"max_hp_gain":0.0,"max_hp_loss":0.0,"gold_gain":0.0,"event_name":"The Library","player_choice":"Read","floor":21.0,"gold_loss":0.0,"damage_taken":0.0,"cards_obtained":["FlurryOfBlows"]},{"cards_removed":["Defend_P"],"damage_healed":0.0,"max_hp_gain":0.0,"max_hp_loss":0.0,"gold_gain":0.0,"event_name":"Falling","player_choice":"Removed Skill","floor":37.0,"gold_loss":0.0,"damage_taken":0.0},{"damage_healed":0.0,"max_hp_gain":0.0,"max_hp_loss":0.0,"gold_gain":0.0,"event_name":"Mysterious Sphere","player_choice":"Fight","floor":39.0,"gold_loss":0.0,"damage_taken":0.0},{"damage_healed":0.0,"max_hp_gain":0.0,"max_hp_loss":4.0,"gold_gain":0.0,"event_name":"Winding Halls","player_choice":"Max HP","floor":41.0,"gold_loss":0.0,"damage_taken":0.0},{"damage_healed":0.0,"max_hp_gain":0.0,"max_hp_loss":0.0,"gold_gain":0.0,"event_name":"MindBloom","player_choice":"Fight","floor":47.0,"gold_loss":0.0,"damage_taken":0.0}],"is_beta":false,"boss_relics":[{"not_picked":["Empty Cage","HolyWater"],"picked":"Coffee Dripper"},{"not_picked":["Runic Pyramid","Sozu"],"picked":"Busted Crown"}],"items_purged_floors":[],"is_endless":false,"potions_floor_spawned":[5,14,16,18,35,36,40,48],"ascension_level":1}}