{"host":"zefmhu9ryehjj4p1","time":1613584326,"event":{"mods":["100% Spire Juice","2.2 Compatiblity","Act Like it!","Aspiration","BaseMod","Beaked The Cultist","Better Note","CapriCore","Colored Powertips","Conspire","DeckTracker","Downfall","Ekko","Elementarium","Friendly Minions","Gensokyo","Hallownest","Hermit","Highlight Path","Hubris","Infinite Spire","Koishi","Luminous","Marisa????????","Minty Spire (QoL Compilation)","Random Character Button","Reimu??????","Reliquary","Replay The Spire","Ruina","Shade Mod","Shapeshifter Mod","StSLib","The Administrix","The Blue Laboratory","The Bug Knight","The Construct","The Cursed","The Gatherer","The Hierophant","The Immortal","The Judge","The Jungle","The Marked","The Mystic","The Runesmith","The Senshi","The Servant 0.9.4","The Vixen","The Wild Card","TheBandit","TheVacant","Wandering Minibosses"],"gold_per_floor":[111,128,143,160,160,192,204,204,204,379,379,391,391,402,402,402,402],"floor_reached":16,"language":"ENG","playtime":561,"items_purged":[],"score":104,"play_id":"9d3b859b-f5ec-484d-b43a-a2268f6e8b03","local_time":"20210217185206","is_ascension_mode":false,"campfire_choices":[{"data":"theWildCard:Metatron","floor":8,"key":"SMITH"},{"data":"Capacitor","floor":11,"key":"SMITH"}],"circlet_count":0,"master_deck":["Strike_B","Strike_B","Strike_B","Strike_B","Defend_B","Defend_B","Defend_B","Defend_B","Zap","Dualcast","Melter","Tempest+1","Sweeping Beam","theWildCard:Metatron+1","Capacitor+1","Doubt","aspiration:Polymerization"],"relics":["Cracked Core","aspiration:Nostalgia","m_GuardianBlood","Potion Belt","reliquary:PrincelyHelmet"],"acts_visited":["Exordium"],"potions_floor_usage":[],"damage_taken":[{"damage":0,"enemies":"Small Slimes","floor":1,"turns":2},{"damage":1,"enemies":"conspire:RoseBush","floor":2,"turns":2},{"damage":3,"enemies":"Jaw Worm","floor":3,"turns":3},{"damage":1,"enemies":"conspire:2 RoseBushes","floor":4,"turns":4},{"damage":30,"enemies":"3 Sentries","floor":6,"turns":5},{"damage":6,"enemies":"Exordium Thugs","floor":7,"turns":4},{"damage":12,"enemies":"Gremlin Gang","floor":12,"turns":3},{"damage":1,"enemies":"3 Louse","floor":14,"turns":2},{"damage":75,"enemies":"Hexaghost","floor":16,"turns":9}],"seed_played":"-8140279500870230842","potions_obtained":[{"floor":2,"key":"blueLaboratory:TeslaPotion"},{"floor":4,"key":"blueLaboratory:CoolantVial"},{"floor":7,"key":"SpeedPotion"},{"floor":14,"key":"Milkshake"}],"is_trial":false,"path_per_floor":["M","M","M","M","?","E","M","R","T","?","R","M","$","M","R","B"],"character_chosen":"DEFECT","items_purchased":[],"campfire_rested":0,"item_purchase_floors":[],"current_hp_per_floor":[75,75,75,75,75,51,51,51,51,51,51,45,45,50,72,0,0],"gold":402,"neow_bonus":"NOSTALGIA","is_daily":false,"chose_seed":false,"campfire_upgraded":2,"win_rate":0.0,"timestamp":1613584326,"path_taken":["M","M","M","M","?","E","M","R","T","?","R","M","?","M","R","BOSS"],"items_purchased_type":[],"build_version":"2020-12-22","purchased_purges":0,"victory":false,"max_hp_per_floor":[75,75,75,75,75,75,75,75,75,75,75,75,75,75,75,75,75],"card_choices":[{"not_picked":["Heavy Blade","Guardian:GuardianWhirl"],"picked":"Melter","floor":1},{"not_picked":["Hologram","Pummel"],"picked":"Tempest","floor":2},{"not_picked":["Tempest","BasicCrystalCard"],"picked":"Sweeping Beam","floor":3},{"not_picked":["Stack","Guardian:WalkerClaw","ReplayTheSpireMod:System Scan"],"picked":"SKIP","floor":4},{"not_picked":["ReplayTheSpireMod:Reroute Power","Rip and Tear","Steam Power"],"picked":"SKIP","floor":6},{"not_picked":["Streamline","Body Slam"],"picked":"Capacitor","floor":7},{"not_picked":["Hologram","ReplayGash"],"picked":"aspiration:Polymerization","floor":12},{"not_picked":["Guardian:WalkerClaw","Coolheaded","Chill"],"picked":"SKIP","floor":14},{"not_picked":["Guardian:WalkerClaw","Coolheaded","Chill"],"picked":"SKIP","floor":14}],"player_experience":188398,"relics_obtained":[{"floor":6,"key":"Potion Belt"},{"floor":9,"key":"reliquary:PrincelyHelmet"}],"event_choices":[{"damage_healed":0,"gold_gain":175,"player_choice":"AGREE","damage_taken":0,"max_hp_gain":0,"max_hp_loss":0,"event_name":"Liars Game","floor":10,"gold_loss":0,"cards_obtained":["Doubt"]}],"is_beta":false,"boss_relics":[],"items_purged_floors":[],"is_endless":false,"potions_floor_spawned":[2,4,7,14],"killed_by":"Hexaghost","ascension_level":0}}