{"host":"4i5my69dv6e41930","time":1613543089,"event":{"mods":["AchievementEnabler","BaseMod","Minty Spire (QoL Compilation)","Relic Stats"],"gold_per_floor":[115,131,206,206,218,218,232,232,232,248,248,277,293,321,321,396,396,411,501,519,538,558,558,558,558],"floor_reached":24,"language":"ENG","playtime":5751,"items_purged":[],"score":458,"play_id":"b2bffaaa-491e-4d89-b594-b07aceb077f0","local_time":"20210217012449","is_ascension_mode":true,"campfire_choices":[{"data":"Neutralize","floor":6.0,"key":"SMITH"},{"data":"Poisoned Stab","floor":8.0,"key":"SMITH"},{"data":"Well Laid Plans","floor":11.0,"key":"SMITH"},{"data":"Dash","floor":15.0,"key":"SMITH"},{"floor":23,"key":"REST"}],"circlet_count":0,"master_deck":["AscendersBane","Strike_G","Strike_G","Strike_G","Strike_G","Strike_G","Defend_G","Defend_G","Defend_G","Defend_G","Defend_G","Survivor","Neutralize+1","Poisoned Stab+1","Quick Slash","Backstab","Dash+1","Well Laid Plans+1","Flying Knee","Adrenaline","Blur","Leg Sweep+1","Acrobatics"],"relics":["Ring of the Snake","Potion Belt","The Specimen","Calipers","Akabeko","Velvet Choker"],"acts_visited":["Exordium","TheCity"],"potions_floor_usage":[20,21,24],"damage_taken":[{"damage":0.0,"enemies":"Small Slimes","floor":1.0,"turns":4.0},{"damage":1.0,"enemies":"Jaw Worm","floor":2.0,"turns":3.0},{"damage":1.0,"enemies":"Cultist","floor":5.0,"turns":3.0},{"damage":0.0,"enemies":"2 Fungi Beasts","floor":7.0,"turns":3.0},{"damage":1.0,"enemies":"Red Slaver","floor":10.0,"turns":3.0},{"damage":2.0,"enemies":"3 Sentries","floor":12.0,"turns":9.0},{"damage":0.0,"enemies":"Exordium Thugs","floor":13.0,"turns":4.0},{"damage":0.0,"enemies":"Gremlin Nob","floor":14.0,"turns":3.0},{"damage":7.0,"enemies":"The Guardian","floor":16.0,"turns":13.0},{"damage":9,"enemies":"2 Thieves","floor":18,"turns":4},{"damage":12,"enemies":"Shell Parasite","floor":20,"turns":5},{"damage":41,"enemies":"3 Cultists","floor":21,"turns":7},{"damage":12,"enemies":"Snake Plant","floor":22,"turns":5},{"damage":24,"enemies":"Gremlin Leader","floor":24,"turns":5}],"seed_played":"7419788959987957910","potions_obtained":[{"floor":1.0,"key":"SkillPotion"},{"floor":10.0,"key":"DistilledChaos"},{"floor":13.0,"key":"Regen Potion"},{"floor":14.0,"key":"CultistPotion"},{"floor":16.0,"key":"Regen Potion"},{"floor":21,"key":"SpeedPotion"}],"is_trial":false,"path_per_floor":["M","M","?","?","M","R","M","R","T","M","R","E","M","E","R","B",null,"M","?","M","M","M","R","E"],"character_chosen":"THE_SILENT","items_purchased":[],"campfire_rested":1,"item_purchase_floors":[],"current_hp_per_floor":[59,58,47,47,46,46,46,46,46,45,45,43,43,43,43,36,59,50,38,41,15,3,22,0,0],"gold":558,"neow_bonus":"RANDOM_COMMON_RELIC","is_daily":false,"chose_seed":false,"campfire_upgraded":4,"win_rate":0.0,"timestamp":1613543089,"path_taken":["M","M","?","?","M","R","?","R","T","M","R","E","?","E","R","BOSS","M","?","M","M","?","R","E"],"items_purchased_type":[],"build_version":"2020-12-22","purchased_purges":0,"victory":false,"max_hp_per_floor":[66,66,66,66,66,66,66,66,66,66,66,66,66,66,66,66,66,66,66,66,66,66,66,66,66],"relic_stats":{"counters":[14,71],"obtain_stats":[{"Potion Belt":0,"Calipers":12,"The Specimen":9,"Velvet Choker":17,"Akabeko":14,"Ring of the Snake":0},{"Potion Belt":0,"Calipers":6,"The Specimen":4,"Velvet Choker":9,"Akabeko":8,"Ring of the Snake":0},{"Potion Belt":0,"Calipers":25,"The Specimen":13,"Velvet Choker":45,"Akabeko":32,"Ring of the Snake":0}],"Ring of the Snake":[28]},"card_choices":[{"not_picked":["Dodge and Roll","Well Laid Plans"],"picked":"Poisoned Stab","floor":1.0},{"not_picked":["Slice","Bane"],"picked":"Quick Slash","floor":2.0},{"not_picked":["Endless Agony","Calculated Gamble"],"picked":"Backstab","floor":5.0},{"not_picked":["Blade Dance","Cloak And Dagger"],"picked":"Dash","floor":7.0},{"not_picked":["Poisoned Stab","Backstab"],"picked":"Well Laid Plans","floor":10.0},{"not_picked":["Cloak And Dagger","Well Laid Plans"],"picked":"Flying Knee","floor":12.0},{"not_picked":["Dagger Spray","Acrobatics","Expertise"],"picked":"SKIP","floor":13.0},{"not_picked":["Sucker Punch","Deflect","Outmaneuver"],"picked":"SKIP","floor":14.0},{"not_picked":["Glass Knife","Storm of Steel"],"picked":"Adrenaline","floor":16.0},{"not_picked":["Dagger Throw","Underhanded Strike+1","Skewer"],"picked":"SKIP","floor":18},{"not_picked":["Blade Dance","Dagger Throw+1"],"picked":"Blur","floor":20},{"not_picked":["Reflex","Escape Plan"],"picked":"Leg Sweep+1","floor":21},{"not_picked":["Outmaneuver+1","Dagger Spray"],"picked":"Acrobatics","floor":22}],"player_experience":11836,"relics_obtained":[{"floor":9.0,"key":"The Specimen"},{"floor":12.0,"key":"Calipers"},{"floor":14.0,"key":"Akabeko"}],"event_choices":[{"damage_healed":0.0,"max_hp_gain":0.0,"max_hp_loss":0.0,"gold_gain":75.0,"event_name":"World of Goop","player_choice":"Gather Gold","floor":3.0,"gold_loss":0.0,"damage_taken":11.0},{"damage_healed":0.0,"max_hp_gain":0.0,"max_hp_loss":0.0,"gold_gain":0.0,"event_name":"Golden Wing","player_choice":"Ignored","floor":4.0,"gold_loss":0.0,"damage_taken":0.0},{"damage_healed":0,"gold_gain":90,"player_choice":"GOLD ","damage_taken":12,"max_hp_gain":0,"max_hp_loss":0,"event_name":"Knowing Skull","floor":19,"potions_obtained":[],"gold_loss":0,"cards_obtained":[]}],"is_beta":false,"boss_relics":[{"not_picked":["Astrolabe","Busted Crown"],"picked":"Velvet Choker"}],"items_purged_floors":[],"is_endless":false,"potions_floor_spawned":[1,10,13,14,16,21],"killed_by":"Gremlin Leader","ascension_level":19}}