{"host":"johnydays","time":1613585869,"event":{"mods":["BaseMod","Bestiary","Block Reminder","Colored Map","Colored Powertips","Curses Come First","DeckTracker","Highlight Path","Minty Spire (QoL Compilation)","Relic Sorter","Relic Stats","StSLib","SuperFastMode","Weighted Paths"],"gold_per_floor":[115,162,162,132,144,179,189,215,215,70,90,125,125,153,153,250,250,260,274,373,144,163,190,203,234,234,234,80,80,111,122,122,221,221,237,237,254,44,44,72,72,87,165,178,202,230,230,264,264,264,264,264,38,70,70,70],"floor_reached":55,"language":"ENG","playtime":14005,"items_purged":["Strike_P","Strike_P"],"score":982,"play_id":"a3bba459-b90c-42e1-a80b-755d7604daf7","local_time":"20210217181749","is_ascension_mode":true,"campfire_choices":[{"data":"SashWhip","floor":13.0,"key":"SMITH"},{"data":"FlurryOfBlows","floor":15.0,"key":"SMITH"},{"data":"Vault","floor":29.0,"key":"SMITH"},{"data":"Halt","floor":32.0,"key":"SMITH"},{"floor":41,"key":"RECALL"},{"data":"MentalFortress","floor":49,"key":"SMITH"},{"data":"Wallop","floor":52,"key":"SMITH"}],"circlet_count":0,"master_deck":["Strike_P","Defend_P","Defend_P","Eruption+1","Vigilance+1","ClearTheMind+1","FollowUp","Study","Adaptation","Crescendo","FlurryOfBlows+1","SashWhip+1","Halt+1","Vault+1","CarveReality","Conclude","DeceiveReality","Adaptation","Wallop+1","Perseverance+1","MentalFortress+1","FlurryOfBlows+1","DevaForm","Prostrate","EmptyBody","InnerPeace","Wallop+1","CutThroughFate+1","Crescendo+1","Worship+1","LikeWater+1","Protect","ClearTheMind","Protect+1"],"relics":["PureWater","NeowsBlessing","Regal Pillow","Lantern","Akabeko","Bird Faced Urn","OrangePellets","Damaru","CaptainsWheel","Empty Cage","Medical Kit","Pantograph","Bag of Preparation","Peace Pipe","Sling","Tiny Chest","Sozu","PreservedInsect","War Paint","Pocketwatch","Mummified Hand","Eternal Feather","Oddly Smooth Stone","Centennial Puzzle"],"acts_visited":["Exordium","TheCity","TheBeyond","TheEnding"],"potions_floor_usage":[55],"damage_taken":[{"damage":0.0,"enemies":"Cultist","floor":1.0,"turns":1.0},{"damage":0.0,"enemies":"2 Louse","floor":5.0,"turns":1.0},{"damage":0.0,"enemies":"Lagavulin","floor":6.0,"turns":1.0},{"damage":0.0,"enemies":"Jaw Worm","floor":7.0,"turns":2.0},{"damage":6.0,"enemies":"Gremlin Nob","floor":8.0,"turns":3.0},{"damage":2.0,"enemies":"2 Fungi Beasts","floor":11.0,"turns":3.0},{"damage":8.0,"enemies":"Lagavulin","floor":12.0,"turns":6.0},{"damage":10.0,"enemies":"Gremlin Nob","floor":14.0,"turns":3.0},{"damage":20.0,"enemies":"Hexaghost","floor":16.0,"turns":9.0},{"damage":0.0,"enemies":"Spheric Guardian","floor":18.0,"turns":3.0},{"damage":7.0,"enemies":"Chosen","floor":19.0,"turns":3.0},{"damage":0.0,"enemies":"3 Cultists","floor":22.0,"turns":4.0},{"damage":6.0,"enemies":"Book of Stabbing","floor":23.0,"turns":7.0},{"damage":19.0,"enemies":"Chosen and Byrds","floor":24.0,"turns":8.0},{"damage":15.0,"enemies":"Slavers","floor":25.0,"turns":3.0},{"damage":2.0,"enemies":"Cultist and Chosen","floor":27.0,"turns":5.0},{"damage":0.0,"enemies":"Book of Stabbing","floor":30.0,"turns":4.0},{"damage":0.0,"enemies":"Snake Plant","floor":31.0,"turns":3.0},{"damage":57.0,"enemies":"Automaton","floor":33.0,"turns":10.0},{"damage":12.0,"enemies":"3 Shapes","floor":35.0,"turns":6.0},{"damage":3.0,"enemies":"3 Darklings","floor":37.0,"turns":6.0},{"damage":0,"enemies":"Giant Head","floor":40,"turns":6},{"damage":2,"enemies":"Sphere and 2 Shapes","floor":42,"turns":4},{"damage":6,"enemies":"Spire Growth","floor":44,"turns":4},{"damage":0,"enemies":"Nemesis","floor":46,"turns":4},{"damage":7,"enemies":"Reptomancer","floor":48,"turns":5},{"damage":6,"enemies":"Awakened One","floor":50,"turns":14},{"damage":11,"enemies":"Shield and Spear","floor":54,"turns":5},{"damage":82,"enemies":"The Heart","floor":55,"turns":10}],"seed_played":"-5449465585501798243","potions_obtained":[{"floor":4.0,"key":"ColorlessPotion"},{"floor":4.0,"key":"DistilledChaos"},{"floor":7.0,"key":"AttackPotion"},{"floor":11.0,"key":"StancePotion"},{"floor":12.0,"key":"SmokeBomb"},{"floor":19.0,"key":"GamblersBrew"},{"floor":30.0,"key":"SmokeBomb"},{"floor":31.0,"key":"Ancient Potion"},{"floor":33.0,"key":"ColorlessPotion"}],"is_trial":false,"path_per_floor":["M","T","?","?","M","E","M","E","T","$","M","E","R","E","R","B",null,"M","M","?","$","M","E","M","E","T","M","$","R","E","M","R","B",null,"M","?","M","$","?","E","R","M","T","M","T","E","T","E","R","B",null,"R","$","E","B"],"character_chosen":"WATCHER","items_purchased":["OrangePellets","Medical Kit","Sling","InnerPeace","Wallop","Oddly Smooth Stone","Protect","ClearTheMind"],"campfire_rested":0,"item_purchase_floors":[10,21,28,38,38,53,53,53],"current_hp_per_floor":[72,72,72,72,72,72,72,66,66,66,66,62,62,56,56,40,72,72,65,65,65,69,66,53,42,42,46,46,46,48,54,54,21,72,60,60,67,67,67,72,72,72,72,68,68,72,72,72,72,72,72,72,72,72,0,0],"gold":70,"neow_bonus":"THREE_ENEMY_KILL","is_daily":false,"chose_seed":false,"campfire_upgraded":6,"win_rate":0.0,"timestamp":1613585869,"path_taken":["M","?","?","?","M","E","M","E","T","$","M","E","R","E","R","BOSS","M","M","?","$","M","E","M","E","T","M","$","R","E","M","R","BOSS","M","?","M","$","?","E","R","M","T","?","?","E","?","E","R","BOSS","R","$","E","BOSS"],"items_purchased_type":["Relic","Relic","Relic","Card","Card","Relic","Card","Card"],"build_version":"2020-12-18","purchased_purges":2,"victory":false,"max_hp_per_floor":[72,72,72,72,72,72,72,72,72,72,72,72,72,72,72,72,72,72,72,72,72,72,72,72,72,72,72,72,72,72,72,72,72,72,72,72,72,72,72,72,72,72,72,72,72,72,72,72,72,72,72,72,72,72,72,72],"relic_stats":{"Regal Pillow":0,"counters":[29,143],"Eternal Feather":0,"PreservedInsect":175,"Bag of Preparation":[28],"War Paint":["ClearTheMind","Vigilance"],"Medical Kit":[8],"Peace Pipe":0,"Sozu":4,"OrangePellets":[8],"Centennial Puzzle":[3],"Mummified Hand":[31],"Bird Faced Urn":[107],"Pantograph":18,"Tiny Chest":1,"obtain_stats":[{"Regal Pillow":2,"Lantern":6,"NeowsBlessing":0,"Damaru":12,"Oddly Smooth Stone":53,"Eternal Feather":48,"PreservedInsect":40,"Bag of Preparation":25,"War Paint":45,"Empty Cage":17,"Medical Kit":21,"Sling":28,"Akabeko":8,"Peace Pipe":26,"Sozu":34,"OrangePellets":10,"CaptainsWheel":14,"Centennial Puzzle":54,"Mummified Hand":47,"Bird Faced Urn":9,"Pantograph":23,"Tiny Chest":30,"PureWater":0,"Pocketwatch":46},{"Regal Pillow":1,"Lantern":3,"NeowsBlessing":0,"Damaru":7,"Oddly Smooth Stone":27,"Eternal Feather":26,"PreservedInsect":22,"Bag of Preparation":15,"War Paint":24,"Empty Cage":9,"Medical Kit":11,"Sling":16,"Akabeko":5,"Peace Pipe":15,"Sozu":19,"OrangePellets":5,"CaptainsWheel":8,"Centennial Puzzle":28,"Mummified Hand":25,"Bird Faced Urn":5,"Pantograph":13,"Tiny Chest":17,"PureWater":0,"Pocketwatch":25},{"Regal Pillow":1,"Lantern":3,"NeowsBlessing":0,"Damaru":17,"Oddly Smooth Stone":128,"Eternal Feather":114,"PreservedInsect":97,"Bag of Preparation":57,"War Paint":105,"Empty Cage":29,"Medical Kit":35,"Sling":62,"Akabeko":8,"Peace Pipe":57,"Sozu":79,"OrangePellets":8,"CaptainsWheel":20,"Centennial Puzzle":133,"Mummified Hand":109,"Bird Faced Urn":8,"Pantograph":46,"Tiny Chest":66,"PureWater":0,"Pocketwatch":109}],"Pocketwatch":[6]},"card_choices":[{"not_picked":["Halt","Fasting2"],"picked":"ClearTheMind","floor":1.0},{"not_picked":["EmptyBody","BowlingBash"],"picked":"FollowUp","floor":5.0},{"not_picked":["EmptyFist","BowlingBash"],"picked":"Study","floor":6.0},{"not_picked":["CarveReality","BowlingBash"],"picked":"Adaptation","floor":7.0},{"not_picked":["Vengeance","SashWhip"],"picked":"Crescendo","floor":8.0},{"not_picked":["EmptyFist","Alpha"],"picked":"FlurryOfBlows","floor":11.0},{"not_picked":["FearNoEvil","Nirvana"],"picked":"SashWhip","floor":12.0},{"not_picked":["EmptyBody","Crescendo"],"picked":"Halt","floor":14.0},{"not_picked":["Alpha","Brilliance"],"picked":"Vault","floor":16.0},{"not_picked":["EmptyFist+1","ThirdEye"],"picked":"CarveReality","floor":18.0},{"not_picked":["PathToVictory","Tantrum+1"],"picked":"Conclude","floor":19.0},{"not_picked":["CutThroughFate","FollowUp"],"picked":"DeceiveReality","floor":22.0},{"not_picked":["Fasting2","ThirdEye"],"picked":"Adaptation","floor":23.0},{"not_picked":["Collect","CrushJoints"],"picked":"Wallop+1","floor":24.0},{"not_picked":["Nirvana","ClearTheMind"],"picked":"Perseverance+1","floor":25.0},{"not_picked":["FlurryOfBlows","Consecrate"],"picked":"MentalFortress","floor":30.0},{"not_picked":["Protect","EmptyBody"],"picked":"FlurryOfBlows+1","floor":31.0},{"not_picked":["Omniscience","Devotion"],"picked":"DevaForm","floor":33.0},{"not_picked":["Wireheading","WaveOfTheHand"],"picked":"Prostrate","floor":35.0},{"not_picked":["FollowUp+1","Weave"],"picked":"EmptyBody","floor":37.0},{"not_picked":["SandsOfTime","LessonLearned"],"picked":"CutThroughFate+1","floor":40},{"not_picked":["Consecrate","SashWhip+1"],"picked":"Crescendo+1","floor":42},{"not_picked":["EmptyFist","FollowUp+1"],"picked":"Worship+1","floor":44},{"not_picked":["Wireheading+1","JustLucky"],"picked":"LikeWater+1","floor":46},{"not_picked":["SashWhip+1","DeceiveReality+1","SandsOfTime"],"picked":"SKIP","floor":48},{"not_picked":["Tantrum","CrushJoints"],"picked":"Protect+1","floor":54}],"player_experience":509825,"relics_obtained":[{"floor":2.0,"key":"Regal Pillow"},{"floor":6.0,"key":"Lantern"},{"floor":8.0,"key":"Akabeko"},{"floor":9.0,"key":"Bird Faced Urn"},{"floor":12.0,"key":"Damaru"},{"floor":14.0,"key":"CaptainsWheel"},{"floor":23.0,"key":"Pantograph"},{"floor":25.0,"key":"Bag of Preparation"},{"floor":26.0,"key":"Peace Pipe"},{"floor":30.0,"key":"Tiny Chest"},{"floor":40,"key":"PreservedInsect"},{"floor":45,"key":"War Paint"},{"floor":46,"key":"Pocketwatch"},{"floor":47,"key":"Mummified Hand"},{"floor":48,"key":"Eternal Feather"},{"floor":54,"key":"Centennial Puzzle"}],"event_choices":[{"damage_healed":0.0,"max_hp_gain":0.0,"max_hp_loss":0.0,"gold_gain":0.0,"event_name":"Living Wall","player_choice":"Grow","floor":3.0,"gold_loss":0.0,"damage_taken":0.0,"cards_upgraded":["Eruption"]},{"damage_healed":0.0,"max_hp_gain":0.0,"max_hp_loss":0.0,"gold_gain":0.0,"event_name":"The Woman in Blue","player_choice":"Bought 2 Potions","floor":4.0,"gold_loss":0.0,"damage_taken":0.0},{"damage_healed":0.0,"max_hp_gain":0.0,"max_hp_loss":0.0,"gold_gain":99.0,"event_name":"Nest","player_choice":"Stole From Cult","floor":20.0,"gold_loss":0.0,"damage_taken":0.0},{"cards_removed":["Defend_P"],"damage_healed":0.0,"max_hp_gain":0.0,"max_hp_loss":0.0,"gold_gain":0.0,"event_name":"Falling","player_choice":"Removed Skill","floor":36.0,"gold_loss":0.0,"damage_taken":0.0},{"damage_healed":0,"gold_gain":0,"player_choice":"Got Potions","damage_taken":0,"max_hp_gain":0,"max_hp_loss":0,"event_name":"Lab","floor":39,"gold_loss":0}],"is_beta":true,"boss_relics":[{"not_picked":["Runic Pyramid","Calling Bell"],"picked":"Empty Cage"},{"not_picked":["Coffee Dripper","Velvet Choker"],"picked":"Sozu"}],"items_purged_floors":[21,38],"is_endless":false,"potions_floor_spawned":[7,11,12,19,30,31,33,42,46,48,54],"killed_by":"The Heart","ascension_level":2}}