{"host":"9l1knhxfturzliqa","time":1613533742,"event":{"mods":["AchievementEnabler","BaseMod","Colored Map","Colored Powertips","DeckTracker","Highlight Path","Keyboard Shortcuts","Minty Spire (QoL Compilation)","Random Character Button"],"gold_per_floor":[117,132,57,73,89,124,124,124,151,151,167,167,185,195,195,292,292,311,321,246,265,278,278,294,294,318,268,117,135,167,180,180,180,180],"floor_reached":33,"language":"KOR","playtime":4068,"items_purged":["Regret"],"score":462,"play_id":"119cdaf1-4ba5-46fd-93e7-9b3807e8989b","local_time":"20210217124902","is_ascension_mode":true,"campfire_choices":[{"floor":7.0,"key":"REST"},{"floor":12.0,"key":"REST"},{"data":"Hyperbeam","floor":15.0,"key":"SMITH"},{"floor":23.0,"key":"REST"},{"floor":25.0,"key":"REST"},{"data":"Double Energy","floor":32,"key":"SMITH"}],"circlet_count":0,"master_deck":["AscendersBane","Strike_B","Strike_B","Strike_B","Defend_B","Defend_B","Defend_B","Defend_B","Zap","Dualcast","Hyperbeam+1","Turbo","Sweeping Beam","Stack","Go for the Eyes","Beam Cell","Rebound","Gash","Steam","Echo Form","Buffer","Rebound","Self Repair","Gash","Hologram","Steam Power","Stack","Buffer","Skim","Leap","Double Energy+1"],"relics":["Cracked Core","Happy Flower","Dream Catcher","FaceOfCleric","Black Star","MealTicket","Oddly Smooth Stone","Nunchaku","Eternal Feather"],"acts_visited":["Exordium","TheCity"],"potions_floor_usage":[33],"damage_taken":[{"damage":4.0,"enemies":"Cultist","floor":1.0,"turns":3.0},{"damage":7.0,"enemies":"Jaw Worm","floor":2.0,"turns":2.0},{"damage":1.0,"enemies":"2 Louse","floor":4.0,"turns":2.0},{"damage":0.0,"enemies":"2 Fungi Beasts","floor":5.0,"turns":1.0},{"damage":58.0,"enemies":"Gremlin Nob","floor":6.0,"turns":5.0},{"damage":0.0,"enemies":"Exordium Wildlife","floor":11.0,"turns":1.0},{"damage":4.0,"enemies":"Red Slaver","floor":13.0,"turns":3.0},{"damage":5.0,"enemies":"Gremlin Gang","floor":14.0,"turns":3.0},{"damage":26.0,"enemies":"Hexaghost","floor":16.0,"turns":9.0},{"damage":30.0,"enemies":"2 Thieves","floor":18.0,"turns":4.0},{"damage":12.0,"enemies":"Shell Parasite","floor":19.0,"turns":8.0},{"damage":11.0,"enemies":"3 Cultists","floor":21.0,"turns":4.0},{"damage":16.0,"enemies":"Shelled Parasite and Fungi","floor":22.0,"turns":3.0},{"damage":18.0,"enemies":"Snake Plant","floor":24.0,"turns":5.0},{"damage":12.0,"enemies":"Chosen and Byrds","floor":29.0,"turns":8.0},{"damage":36.0,"enemies":"Slavers","floor":30.0,"turns":3.0},{"damage":0.0,"enemies":"Centurion and Healer","floor":31.0,"turns":11.0},{"damage":127,"enemies":"Collector","floor":33,"turns":13}],"seed_played":"7891733830629195115","potions_obtained":[{"floor":1.0,"key":"Fruit Juice"},{"floor":4.0,"key":"Fire Potion"},{"floor":11.0,"key":"SteroidPotion"},{"floor":14.0,"key":"FairyPotion"},{"floor":16.0,"key":"Regen Potion"},{"floor":18.0,"key":"Fire Potion"},{"floor":29.0,"key":"EssenceOfSteel"},{"floor":30.0,"key":"Weak Potion"}],"is_trial":false,"path_per_floor":["M","M","$","M","M","E","R","?","T","?","M","R","M","M","R","B",null,"M","M","?","M","M","R","M","R","T","?","$","M","E","M","R","B"],"character_chosen":"DEFECT","items_purchased":["Oddly Smooth Stone"],"campfire_rested":4,"item_purchase_floors":[28],"current_hp_per_floor":[64,62,62,61,61,3,27,27,27,27,28,52,49,45,45,20,68,51,40,40,37,22,48,38,64,64,64,79,75,40,55,73,0,0],"gold":180,"neow_bonus":"THREE_RARE_CARDS","is_daily":false,"chose_seed":false,"campfire_upgraded":2,"win_rate":0.0,"timestamp":1613533742,"path_taken":["M","M","$","M","M","E","R","?","T","?","M","R","M","?","R","BOSS","M","M","?","M","M","R","M","R","T","?","$","?","E","M","R","BOSS"],"items_purchased_type":["Relic"],"build_version":"2020-12-22","purchased_purges":1,"victory":false,"max_hp_per_floor":[75,80,80,80,80,80,80,80,80,80,81,81,82,83,83,84,84,85,86,86,87,88,88,89,89,89,89,89,90,91,92,92,92,92],"card_choices":[{"not_picked":["Thunder Strike","Fission"],"picked":"Hyperbeam","floor":0.0},{"not_picked":["Barrage","Heatsinks"],"picked":"Turbo","floor":1.0},{"not_picked":["Tempest","Coolheaded"],"picked":"Sweeping Beam","floor":2.0},{"not_picked":["Skim","Fission"],"picked":"Stack","floor":4.0},{"not_picked":["Static Discharge","Undo"],"picked":"Go for the Eyes","floor":5.0},{"not_picked":["Go for the Eyes","Leap"],"picked":"Beam Cell","floor":6.0},{"not_picked":["Go for the Eyes","Rip and Tear"],"picked":"Rebound","floor":11.0},{"not_picked":["Beam Cell","Recycle"],"picked":"Gash","floor":12.0},{"not_picked":["Static Discharge","Loop"],"picked":"Steam","floor":13.0},{"not_picked":["Stack","Turbo"],"picked":"Echo Form","floor":14.0},{"not_picked":["Machine Learning","Multi-Cast"],"picked":"Buffer","floor":16.0},{"not_picked":["Fusion","Glacier"],"picked":"Rebound","floor":18.0},{"not_picked":["Reprogram","Beam Cell"],"picked":"Self Repair","floor":19.0},{"not_picked":["Capacitor","Coolheaded"],"picked":"Gash","floor":21.0},{"not_picked":["Turbo","Stack"],"picked":"Hologram","floor":22.0},{"not_picked":["Barrage","Coolheaded"],"picked":"Steam Power","floor":23.0},{"not_picked":["Skim","Ball Lightning"],"picked":"Stack","floor":24.0},{"not_picked":["Skim","Barrage"],"picked":"Buffer","floor":25.0},{"not_picked":["Static Discharge","Defragment"],"picked":"Skim","floor":29.0},{"not_picked":["Cold Snap","Stack"],"picked":"Leap","floor":30.0},{"not_picked":["Beam Cell","Streamline"],"picked":"Double Energy","floor":31}],"player_experience":696878,"relics_obtained":[{"floor":6.0,"key":"Happy Flower"},{"floor":9.0,"key":"Dream Catcher"},{"floor":26.0,"key":"MealTicket"},{"floor":30.0,"key":"Nunchaku"},{"floor":30.0,"key":"Eternal Feather"}],"event_choices":[{"damage_healed":0.0,"max_hp_gain":0.0,"max_hp_loss":0.0,"gold_gain":0.0,"event_name":"Liars Game","player_choice":"Ignored","floor":8.0,"gold_loss":0.0,"damage_taken":0.0},{"damage_healed":0.0,"max_hp_gain":0.0,"max_hp_loss":0.0,"gold_gain":0.0,"event_name":"FaceTrader","player_choice":"Trade","floor":10.0,"gold_loss":0.0,"damage_taken":0.0,"relics_obtained":["FaceOfCleric"]},{"cards_removed":["Strike_B"],"damage_healed":0.0,"max_hp_gain":0.0,"max_hp_loss":0.0,"gold_gain":0.0,"event_name":"Beggar","player_choice":"Gave Gold","floor":20.0,"gold_loss":75.0,"damage_taken":0.0},{"damage_healed":0.0,"max_hp_gain":0.0,"max_hp_loss":0.0,"gold_gain":0.0,"event_name":"The Joust","player_choice":"Bet on Murderer","floor":27.0,"gold_loss":50.0,"damage_taken":0.0}],"is_beta":false,"boss_relics":[{"not_picked":["Runic Pyramid","FrozenCore"],"picked":"Black Star"}],"items_purged_floors":[3],"is_endless":false,"potions_floor_spawned":[1,4,11,14,16,18,19,29,30],"killed_by":"Collector","ascension_level":12}}