{"host":"d76q0rb9a0s9bgr5","time":1613578773,"event":{"mods":["BaseMod","Downfall","Hubris","Minty Spire (QoL Compilation)","StSLib"],"gold_per_floor":[109,119,136,136,156,156,182,182,182,199,225,240,240,258,258,258,258,258],"floor_reached":16,"language":"ENG","playtime":899,"items_purged":[],"score":104,"play_id":"b1386cca-610a-4c8e-b049-6422b5661647","local_time":"20210217171933","is_ascension_mode":false,"campfire_choices":[{"data":"sneckomod:QuickBite","floor":6,"key":"SMITH"},{"data":"sneckomod:QuickBite","floor":13,"key":"SMITH"},{"data":"sneckomod:UnknownUncommonSkill","floor":15,"key":"SMITH"}],"circlet_count":0,"master_deck":["sneckomod:Strike","sneckomod:Defend+1","sneckomod:Defend+1","sneckomod:Defend","sneckomod:TailWhip+1","sneckomod:SnekBite","sneckomod:Unknown+1","sneckomod:Unknown","sneckomod:QuickBite+1","downfall:Malfunctioning","hubris:NaturalOne","sneckomod:QuickBite+1","sneckomod:UnknownUncommonSkill+1"],"relics":["Empty Cage","hubris:Icosahedron","Smiling Mask","hubris:CrystalStatue"],"acts_visited":["Exordium"],"potions_floor_usage":[16,16],"damage_taken":[{"damage":0,"enemies":"2 Louse","floor":1,"turns":2},{"damage":1,"enemies":"Jaw Worm","floor":2,"turns":4},{"damage":0,"enemies":"Cultist","floor":3,"turns":3},{"damage":21,"enemies":"Exordium Thugs","floor":5,"turns":5},{"damage":0,"enemies":"Gremlin Gang","floor":10,"turns":4},{"damage":44,"enemies":"3 Sentries","floor":11,"turns":14},{"damage":0,"enemies":"3 Louse","floor":12,"turns":3},{"damage":5,"enemies":"Exordium Thugs","floor":14,"turns":3},{"damage":24,"enemies":"IC_STATUS_ARCHETYPE","floor":16,"turns":4}],"seed_played":"-5621741270894688888","potions_obtained":[{"floor":5,"key":"SpeedPotion"},{"floor":10,"key":"sneckomod:MuddlingPotion"},{"floor":11,"key":"ColorlessPotion"},{"floor":14,"key":"FearPotion"}],"is_trial":false,"path_per_floor":["M","M","M","?","M","R","T","?","?","M","E","M","R","M","R","B"],"character_chosen":"THE_SNECKO","items_purchased":[],"campfire_rested":0,"item_purchase_floors":[],"current_hp_per_floor":[90,89,89,89,68,68,68,68,68,68,24,24,24,24,24,0,0,0],"gold":258,"neow_bonus":"BOSS_RELIC","is_daily":false,"chose_seed":false,"campfire_upgraded":3,"win_rate":0.0,"timestamp":1613578773,"path_taken":["M","M","M","?","M","R","T","?","?","M","E","M","R","?","R","BOSS"],"items_purchased_type":[],"build_version":"2020-12-22","purchased_purges":0,"victory":false,"max_hp_per_floor":[90,90,90,90,90,90,90,90,90,90,90,90,90,90,90,90,90,90],"card_choices":[{"not_picked":["sneckomod:SoulDraw","sneckomod:UnknownDraw","sneckomod:Unknown1Cost"],"picked":"SKIP","floor":1},{"not_picked":["sneckomod:UnknownStrength","sneckomod:RainOfDice"],"picked":"sneckomod:QuickBite","floor":2},{"not_picked":["sneckomod:ImprovisedAttack","sneckomod:UnknownRareAttack","sneckomod:DiceBlock"],"picked":"SKIP","floor":2},{"not_picked":["sneckomod:ImprovisedAttack","sneckomod:UnknownRareAttack","sneckomod:DiceBlock"],"picked":"SKIP","floor":2},{"not_picked":["sneckomod:Nope","sneckomod:UnknownBlock","sneckomod:WideSting"],"picked":"SKIP","floor":3},{"not_picked":["sneckomod:UnknownCommonSkill","sneckomod:SlitherStrike","sneckomod:UnknownBlock"],"picked":"SKIP","floor":5},{"not_picked":["sneckomod:UnknownUncommonAttack","sneckomod:UnknownCommonSkill"],"picked":"sneckomod:QuickBite","floor":10},{"not_picked":["sneckomod:SoulDraw","sneckomod:DiceBlock","sneckomod:UnknownRareAttack"],"picked":"SKIP","floor":11},{"not_picked":["sneckomod:QuickBite","sneckomod:DiceBlock"],"picked":"sneckomod:UnknownUncommonSkill","floor":12},{"not_picked":["sneckomod:RainOfDice","sneckomod:SoulRoll","sneckomod:SnakeSap"],"picked":"SKIP","floor":14}],"player_experience":159719,"relics_obtained":[{"floor":7,"key":"Smiling Mask"},{"floor":11,"key":"hubris:CrystalStatue"}],"event_choices":[],"is_beta":false,"boss_relics":[],"items_purged_floors":[],"is_endless":false,"potions_floor_spawned":[5,10,11,14],"killed_by":"IC_STATUS_ARCHETYPE","ascension_level":0}}