{"host":"344lv32hnei0mdhu","time":1613558783,"event":{"mods":["Act Like it!","BaseMod","Better Match","Better Sensory Stone","Better Skull","Better Third Choice","Better Vampires","Colored Powertips","Highlight Path","Minty Spire (QoL Compilation)","Quick Restart","Random Character Button","Rare Cards Sparkle","StSLib"],"gold_per_floor":[113,32,107,107,126,160,160,186,209,102,134,158,183,223,235,351,363,386,411,439,467,97,129,44,44,44,64,75,100,32,58,58,153,153,171,22,32,48,48,61,61,72,72,72,72,172,186,214,214,214,214],"floor_reached":50,"language":"ENG","playtime":1944,"items_purged":["Strike_G","Strike_G"],"score":1036,"play_id":"2f40e300-24aa-4534-85ca-2272805dcb9e","local_time":"20210217044623","is_ascension_mode":true,"campfire_choices":[{"floor":15,"key":"REST"},{"floor":32,"key":"REST"},{"floor":49,"key":"REST"}],"circlet_count":0,"master_deck":["AscendersBane","Strike_G","Strike_G","Defend_G","Defend_G","Defend_G","Defend_G+1","Defend_G","Survivor","Neutralize","Backstab+1","Backstab+1","Finisher","Storm of Steel","Dagger Spray","Phantasmal Killer","Accuracy","Choke","Blade Dance","Blade Dance","PiercingWail","Blade Dance+1","Malaise","Prepared+1","Footwork","Dash+1","Footwork","After Image","Deflect","Bullet Time"],"relics":["Ring of the Snake","NeowsBlessing","Blood Vial","Smiling Mask","Centennial Puzzle","Bag of Marbles","MawBank","Tiny Chest","Philosopher\u0027s Stone","Kunai","Bronze Scales","Ornamental Fan","Oddly Smooth Stone","Whetstone","Busted Crown","Strawberry","War Paint","TungstenRod"],"acts_visited":["Exordium","TheCity","TheBeyond"],"potions_floor_usage":[8,25,37,48],"damage_taken":[{"damage":0,"enemies":"Small Slimes","floor":1,"turns":1},{"damage":0,"enemies":"Jaw Worm","floor":5,"turns":1},{"damage":0,"enemies":"Lagavulin","floor":6,"turns":1},{"damage":11,"enemies":"Gremlin Nob","floor":8,"turns":4},{"damage":20,"enemies":"Lagavulin","floor":11,"turns":7},{"damage":0,"enemies":"Cultist","floor":12,"turns":2},{"damage":0,"enemies":"Blue Slaver","floor":13,"turns":1},{"damage":0,"enemies":"Gremlin Nob","floor":14,"turns":2},{"damage":13,"enemies":"Slime Boss","floor":16,"turns":5},{"damage":2,"enemies":"2 Thieves","floor":18,"turns":2},{"damage":5,"enemies":"Chosen","floor":19,"turns":2},{"damage":6,"enemies":"Snecko","floor":20,"turns":3},{"damage":19,"enemies":"Shelled Parasite and Fungi","floor":21,"turns":3},{"damage":15,"enemies":"Gremlin Leader","floor":23,"turns":8},{"damage":0,"enemies":"Book of Stabbing","floor":25,"turns":1},{"damage":0,"enemies":"3 Cultists","floor":27,"turns":4},{"damage":7,"enemies":"Snake Plant","floor":28,"turns":3},{"damage":4,"enemies":"Slavers","floor":29,"turns":3},{"damage":23,"enemies":"Book of Stabbing","floor":31,"turns":6},{"damage":70,"enemies":"Champ","floor":33,"turns":16},{"damage":12,"enemies":"3 Shapes","floor":35,"turns":5},{"damage":16,"enemies":"3 Darklings","floor":37,"turns":4},{"damage":0,"enemies":"Jaw Worm Horde","floor":38,"turns":4},{"damage":8,"enemies":"Sphere and 2 Shapes","floor":40,"turns":6},{"damage":13,"enemies":"Spire Growth","floor":42,"turns":5},{"damage":3,"enemies":"3 Darklings","floor":47,"turns":5},{"damage":22,"enemies":"Giant Head","floor":48,"turns":8},{"damage":69,"enemies":"Donu and Deca","floor":50,"turns":13}],"seed_played":"7100003547472280801","potions_obtained":[{"floor":5,"key":"Block Potion"},{"floor":6,"key":"SmokeBomb"},{"floor":11,"key":"FairyPotion"},{"floor":31,"key":"FairyPotion"},{"floor":33,"key":"Poison Potion"},{"floor":35,"key":"PowerPotion"},{"floor":38,"key":"GamblersBrew"},{"floor":41,"key":"FairyPotion"},{"floor":41,"key":"Swift Potion"}],"is_trial":false,"path_per_floor":["M","$","?","?","M","E","?","E","T","$","E","M","M","E","R","B",null,"M","M","M","M","$","E","$","E","T","M","M","E","$","E","R","B",null,"M","$","M","M","$","M","?","M","T","T","?","?","M","E","R","B"],"character_chosen":"THE_SILENT","items_purchased":["Finisher","Accuracy","Choke","Footwork","Kunai","Dash","Footwork","Strawberry"],"campfire_rested":3,"item_purchase_floors":[2,10,10,22,22,24,30,36],"current_hp_per_floor":[63,63,52,52,52,52,45,36,36,36,18,20,22,24,45,34,61,61,58,54,37,37,24,24,26,26,28,23,21,21,21,42,21,58,48,55,41,43,43,37,37,26,26,26,26,26,25,5,28,0,0],"gold":214,"neow_bonus":"THREE_ENEMY_KILL","is_daily":false,"chose_seed":false,"campfire_upgraded":0,"win_rate":0.0,"timestamp":1613558783,"path_taken":["M","$","?","?","M","E","?","E","T","$","E","?","M","E","R","BOSS","M","M","M","M","$","E","$","E","T","M","M","E","$","E","R","BOSS","M","$","?","M","$","M","?","?","T","?","?","?","?","E","R","BOSS"],"items_purchased_type":["Card","Card","Card","Card","Relic","Card","Card","Relic"],"build_version":"2020-12-22","purchased_purges":2,"victory":false,"max_hp_per_floor":[70,70,70,70,70,70,70,70,70,70,70,70,70,70,70,70,70,70,70,70,70,70,70,70,70,70,70,70,70,70,70,70,70,70,70,77,77,77,77,77,77,77,77,77,77,77,77,77,77,77,77],"card_choices":[{"not_picked":["Acrobatics","Dagger Spray"],"picked":"Backstab","floor":1},{"not_picked":["Acrobatics","Dagger Spray"],"picked":"Backstab","floor":1},{"not_picked":["Prepared","Concentrate"],"picked":"Dagger Spray","floor":5},{"not_picked":["Tactician","Finisher","Outmaneuver"],"picked":"SKIP","floor":6},{"not_picked":["Heel Hook","Underhanded Strike"],"picked":"Phantasmal Killer","floor":8},{"not_picked":["Terror","Poisoned Stab"],"picked":"Blade Dance","floor":11},{"not_picked":["Deadly Poison","PiercingWail"],"picked":"Blade Dance","floor":12},{"not_picked":["Outmaneuver","Flying Knee"],"picked":"PiercingWail","floor":13},{"not_picked":["PiercingWail","Backstab"],"picked":"Blade Dance","floor":14},{"not_picked":["Wraith Form v2","Corpse Explosion"],"picked":"Malaise","floor":16},{"not_picked":["Sucker Punch","Deflect"],"picked":"Prepared+1","floor":18},{"not_picked":["Bane","All Out Attack","Caltrops"],"picked":"SKIP","floor":19},{"not_picked":["Dodge and Roll+1","Dash","Deflect"],"picked":"SKIP","floor":20},{"not_picked":["Blade Dance","Outmaneuver","Backflip"],"picked":"SKIP","floor":21},{"not_picked":["Well Laid Plans","Prepared+1","Slice"],"picked":"SKIP","floor":23},{"not_picked":["Bouncing Flask","Dodge and Roll+1","Catalyst"],"picked":"SKIP","floor":27},{"not_picked":["Poisoned Stab","Phantasmal Killer","Bouncing Flask"],"picked":"SKIP","floor":28},{"not_picked":["Choke","Skewer","Flying Knee"],"picked":"SKIP","floor":29},{"not_picked":["Finisher","Choke","Outmaneuver"],"picked":"SKIP","floor":31},{"not_picked":["Bullet Time","Tools of the Trade"],"picked":"After Image","floor":33},{"not_picked":["Setup"],"picked":"SKIP","floor":35},{"not_picked":["Flying Knee+1"],"picked":"SKIP","floor":37},{"not_picked":["Poisoned Stab"],"picked":"SKIP","floor":38},{"not_picked":["Bane"],"picked":"SKIP","floor":40},{"not_picked":["All Out Attack+1"],"picked":"SKIP","floor":42},{"not_picked":["Deflect"],"picked":"SKIP","floor":47},{"not_picked":[],"picked":"Deflect","floor":47},{"not_picked":[],"picked":"Bullet Time","floor":48}],"player_experience":327284,"relics_obtained":[{"floor":6,"key":"Blood Vial"},{"floor":8,"key":"Centennial Puzzle"},{"floor":9,"key":"Bag of Marbles"},{"floor":11,"key":"MawBank"},{"floor":14,"key":"Tiny Chest"},{"floor":23,"key":"Bronze Scales"},{"floor":26,"key":"Ornamental Fan"},{"floor":29,"key":"Oddly Smooth Stone"},{"floor":31,"key":"Whetstone"},{"floor":44,"key":"War Paint"},{"floor":48,"key":"TungstenRod"}],"event_choices":[{"damage_healed":0,"gold_gain":75,"player_choice":"Gold","damage_taken":11,"max_hp_gain":0,"max_hp_loss":0,"event_name":"betterThird:BetterGoop","floor":3,"gold_loss":0},{"damage_healed":0,"gold_gain":0,"cards_transformed":["Strike_G"],"player_choice":"Change","damage_taken":0,"max_hp_gain":0,"max_hp_loss":0,"event_name":"Living Wall","floor":4,"gold_loss":0,"cards_obtained":["Storm of Steel"]},{"damage_healed":0,"gold_gain":0,"player_choice":"Relic ","damage_taken":7,"max_hp_gain":0,"max_hp_loss":0,"event_name":"betterThird:BetterScrap","floor":7,"gold_loss":0,"cards_obtained":["Recycle"]},{"damage_healed":0,"gold_gain":0,"player_choice":"Got Potions","damage_taken":0,"max_hp_gain":0,"max_hp_loss":0,"event_name":"Lab","floor":41,"gold_loss":0},{"damage_healed":0,"gold_gain":0,"player_choice":"Ignored","damage_taken":0,"max_hp_gain":0,"max_hp_loss":0,"event_name":"Mysterious Sphere","floor":45,"gold_loss":0},{"damage_healed":0,"gold_gain":100,"player_choice":"Pray","damage_taken":0,"max_hp_gain":0,"max_hp_loss":0,"event_name":"Golden Shrine","floor":46,"gold_loss":0}],"is_beta":false,"boss_relics":[{"not_picked":["Velvet Choker","HoveringKite"],"picked":"Philosopher\u0027s Stone"},{"not_picked":["SlaversCollar","SacredBark"],"picked":"Busted Crown"}],"items_purged_floors":[22,24],"is_endless":false,"potions_floor_spawned":[5,6,11,12,16,20,21,23,25,31,33,35,38,42],"killed_by":"Donu and Deca","ascension_level":12}}