{"host":"w8xisjf5mgmfjvmt","time":1613530007,"event":{"mods":["BaseMod","BetterRewards","Bossed Relics","Challenge The Spire","Conspire","Energized Spire","Filter the Spire","Minty Spire (QoL Compilation)","Quarter Circle Forward PUNCH!","Quick Restart","Relic Filter Mod","Relic Stats","Reliquary","Replay The Spire","Say the Spire","Shop Mod","Spicy Shops","StSLib","Thieving Mod","¡¾ÒÅÎï¿¨ÅÆ¡¿REMEMod","óô»ðÖ¸ÄÏ"],"gold_per_floor":[118,118,135,135,55,89,89,107,133,58,92,92,106,140,140,219,219,230,248,248,248,248],"floor_reached":21,"language":"ZHS","playtime":519,"items_purged":["Strike_R"],"score":544,"play_id":"83cec4fa-eb29-4b65-9406-92e8fa96b9ff","local_time":"20210217104647","is_ascension_mode":true,"campfire_choices":[{"data":"Alpha","floor":7.0,"key":"SMITH"},{"floor":15.0,"key":"REST"}],"circlet_count":0,"master_deck":["AscendersBane","Strike_R","Strike_R","Defend_R","Defend_R","Defend_R","Defend_R","Bash","Alpha+1","Whirlwind","Shrug It Off","Inflame","REME_Scribble","Dark Embrace","Limit Break","Fiend Fire","Pommel Strike","Armaments","Spreading Infection"],"relics":["REME_ComplimentaryCards","Snecko Eye","Bag of Marbles","reliquary:TuningFork","Tiny Chest","Pen Nib","conspire:SpecialSausage","ReplayTheSpireMod:Ring of Collecting"],"acts_visited":["Exordium","TheCity"],"potions_floor_usage":[18,21],"damage_taken":[{"damage":7.0,"enemies":"Small Slimes","floor":1.0,"turns":5.0},{"damage":0.0,"enemies":"Cultist","floor":3.0,"turns":2.0},{"damage":12.0,"enemies":"3 Sentries","floor":6.0,"turns":3.0},{"damage":0.0,"enemies":"2 Louse","floor":8.0,"turns":1.0},{"damage":39.0,"enemies":"Gremlin Nob","floor":11.0,"turns":4.0},{"damage":16.0,"enemies":"Exordium Thugs","floor":13.0,"turns":3.0},{"damage":2.0,"enemies":"Lagavulin","floor":14.0,"turns":3.0},{"damage":2.0,"enemies":"Slime Boss","floor":16.0,"turns":4.0},{"damage":2,"enemies":"3 Byrds","floor":18,"turns":3},{"damage":2,"enemies":"Spheric Guardian","floor":19,"turns":1},{"damage":12,"enemies":"Shelled Parasite and Fungi","floor":21,"turns":1}],"seed_played":"-5863611069459017208","potions_obtained":[{"floor":6.0,"key":"Regen Potion"},{"floor":8.0,"key":"Doom Potion"},{"floor":11.0,"key":"Languid Potion"},{"floor":14.0,"key":"Languid Potion"},{"floor":16.0,"key":"PowerPotion"},{"floor":18,"key":"Death Potion"}],"is_trial":false,"path_per_floor":["M","?","M","?","$","E","R","M","T","$","E","?","M","E","R","B",null,"M","M","?","M"],"character_chosen":"IRONCLAD","items_purchased":["Inflame"],"campfire_rested":1,"item_purchase_floors":[5],"current_hp_per_floor":[61,61,61,61,61,49,49,49,49,49,19,19,5,5,28,28,68,68,68,68,56,56],"gold":248,"neow_bonus":"BOSS_RELIC","is_daily":false,"chose_seed":false,"campfire_upgraded":1,"win_rate":0.0,"timestamp":1613530007,"path_taken":["M","?","?","?","?","E","R","M","T","$","E","?","M","E","R","BOSS","M","?","?","M"],"items_purchased_type":["Card"],"build_version":"2020-12-22","purchased_purges":1,"victory":false,"max_hp_per_floor":[75,75,75,75,75,75,75,75,75,75,75,75,77,79,79,81,81,83,85,85,85,85],"relic_stats":{"counters":[11,30],"Snecko Eye":[58,50,48,43],"Tiny Chest":0,"Pen Nib":[1],"obtain_stats":[{"ReplayTheSpireMod:Ring of Collecting":20,"Snecko Eye":0,"Tiny Chest":9,"conspire:SpecialSausage":17,"qcfpunch:Wrestler\u0027s_Cloak":11,"Pen Nib":14,"Bag of Marbles":4,"reliquary:TuningFork":6,"Burning Blood":0,"REME_ComplimentaryCards":0},{"ReplayTheSpireMod:Ring of Collecting":10,"Snecko Eye":0,"Tiny Chest":4,"conspire:SpecialSausage":8,"qcfpunch:Wrestler\u0027s_Cloak":5,"Pen Nib":7,"Bag of Marbles":2,"reliquary:TuningFork":3,"Burning Blood":0,"REME_ComplimentaryCards":0},{"ReplayTheSpireMod:Ring of Collecting":29,"Snecko Eye":0,"Tiny Chest":11,"conspire:SpecialSausage":25,"qcfpunch:Wrestler\u0027s_Cloak":15,"Pen Nib":21,"Bag of Marbles":7,"reliquary:TuningFork":10,"Burning Blood":0,"REME_ComplimentaryCards":0}]},"card_choices":[{"not_picked":["Sword Boomerang","Shrug It Off"],"picked":"Whirlwind","floor":1.0},{"not_picked":["Bloodletting","Seeing Red"],"picked":"Clothesline","floor":3.0},{"not_picked":["Cleave","Feel No Pain","Berserk"],"picked":"SKIP","floor":6.0},{"not_picked":["Havoc","True Grit"],"picked":"REME_Scribble","floor":8.0},{"not_picked":["Flex","True Grit"],"picked":"Dark Embrace","floor":11.0},{"not_picked":["Shrug It Off","Clash","True Grit"],"picked":"SKIP","floor":13.0},{"not_picked":["Reckless Charge","Iron Wave"],"picked":"Limit Break","floor":14.0},{"not_picked":["Limit Break","Demonic Infusion"],"picked":"Fiend Fire","floor":16.0},{"not_picked":["Body Slam","Hemokinesis"],"picked":"Pommel Strike","floor":18},{"not_picked":["Bloodletting","Shrug It Off"],"picked":"Armaments","floor":19}],"player_experience":1368989,"relics_obtained":[{"floor":6.0,"key":"reliquary:TuningFork"},{"floor":9.0,"key":"Tiny Chest"},{"floor":11.0,"key":"qcfpunch:Wrestler\u0027s_Cloak"},{"floor":14.0,"key":"Pen Nib"},{"floor":20,"key":"ReplayTheSpireMod:Ring of Collecting"}],"event_choices":[{"damage_healed":0.0,"max_hp_gain":0.0,"max_hp_loss":0.0,"gold_gain":0.0,"cards_transformed":["Strike_R"],"event_name":"Transmorgrifier","player_choice":"Transformed","floor":2.0,"gold_loss":0.0,"damage_taken":0.0,"cards_obtained":["Shrug It Off"]},{"cards_removed":["Clothesline"],"damage_healed":0.0,"max_hp_gain":0.0,"max_hp_loss":0.0,"gold_gain":0.0,"event_name":"WeMeetAgain","player_choice":"Gave Card","floor":4.0,"gold_loss":0.0,"damage_taken":0.0,"relics_obtained":["Bag of Marbles"]},{"cards_removed":["Strike_R"],"damage_healed":0.0,"max_hp_gain":0.0,"max_hp_loss":0.0,"gold_gain":0.0,"event_name":"Purifier","player_choice":"Purged","floor":12.0,"gold_loss":0.0,"damage_taken":0.0}],"is_beta":false,"boss_relics":[{"not_picked":["energizedSpire:StickyHand","reliquary:Ember"],"picked":"conspire:SpecialSausage"}],"items_purged_floors":[10],"is_endless":false,"potions_floor_spawned":[6,8,11,14,16,18,19],"killed_by":"Shelled Parasite and Fungi","ascension_level":20}}