{"host":"5hsgormuu0lj4iiq","time":1613584397,"event":{"mods":["AchievementEnabler","BaseMod","Colored Map","Colored Powertips","Minty Spire (QoL Compilation)","Quick Restart","Relic Stats","SuperFastMode","everything is the same but u backflip on backflip","slay the spire mod where everything is the same but ironclad has a cowboy hat"],"gold_per_floor":[114,114,114,124,47,47,73,73,97,127,92,92,111,126,126,201,201,212,223,223,74,91,104,104,104,104],"floor_reached":25,"language":"ENG","playtime":634,"items_purged":[],"score":431,"play_id":"475e5be7-6a24-48ef-9122-97fbd3cc46e3","local_time":"20210217125317","is_ascension_mode":true,"campfire_choices":[{"data":"Defragment","floor":6,"key":"SMITH"},{"floor":12,"key":"REST"},{"data":"Glacier","floor":15,"key":"SMITH"},{"floor":24,"key":"REST"}],"circlet_count":0,"master_deck":["AscendersBane","Strike_B","Strike_B","Strike_B","Defend_B+1","Defend_B","Defend_B","Defend_B","Zap+1","Dualcast+1","Loop","Defragment+1","Glacier+1","Undo","Turbo+1","Electrodynamics","CurseOfTheBell","Loop","Capacitor","White Noise","Loop"],"relics":["Cracked Core","Sundial","Dream Catcher","Orichalcum","Calling Bell","War Paint","Cables","Gambling Chip","Orrery"],"acts_visited":["Exordium","TheCity"],"potions_floor_usage":[16,23],"damage_taken":[{"damage":5,"enemies":"Small Slimes","floor":1,"turns":3},{"damage":2,"enemies":"Jaw Worm","floor":4,"turns":4},{"damage":45,"enemies":"3 Sentries","floor":7,"turns":8},{"damage":15,"enemies":"Gremlin Nob","floor":10,"turns":5},{"damage":0,"enemies":"Cultist","floor":13,"turns":4},{"damage":3,"enemies":"Red Slaver","floor":14,"turns":4},{"damage":0,"enemies":"The Guardian","floor":16,"turns":15},{"damage":1,"enemies":"Chosen","floor":18,"turns":6},{"damage":8,"enemies":"Spheric Guardian","floor":19,"turns":4},{"damage":21,"enemies":"Snake Plant","floor":22,"turns":4},{"damage":17,"enemies":"Cultist and Chosen","floor":23,"turns":5},{"damage":30,"enemies":"Slavers","floor":25,"turns":2}],"seed_played":"6104565171620597377","potions_obtained":[{"floor":4,"key":"Ancient Potion"},{"floor":14,"key":"PowerPotion"},{"floor":18,"key":"FocusPotion"}],"is_trial":false,"path_per_floor":["M","?","?","M","$","R","E","$","T","E","?","R","M","M","R","B",null,"M","M","?","$","M","M","R","E"],"character_chosen":"DEFECT","items_purchased":["Defragment","Orrery"],"campfire_rested":2,"item_purchase_floors":[5,21],"current_hp_per_floor":[63,63,63,61,61,61,16,16,16,1,19,41,41,38,38,38,66,65,57,43,43,22,5,29,0,0],"gold":104,"neow_bonus":"UPGRADE_CARD","is_daily":false,"chose_seed":false,"campfire_upgraded":2,"win_rate":0.0,"timestamp":1613584397,"path_taken":["M","?","?","?","$","R","E","?","T","E","?","R","M","M","R","BOSS","M","M","?","$","M","M","R","E"],"items_purchased_type":["Card","Relic"],"build_version":"2020-12-22","purchased_purges":0,"victory":false,"max_hp_per_floor":[75,75,75,75,75,75,75,75,75,75,75,75,75,75,75,75,75,75,75,80,80,80,80,80,80,80],"relic_stats":{"Dream Catcher":2,"counters":[12,64],"Sundial":[10],"Gambling Chip":[13],"Orichalcum":[42],"War Paint":["Defend_B","Turbo"],"obtain_stats":[{"Calling Bell":17,"Dream Catcher":9,"Sundial":7,"Gambling Chip":17,"Orrery":21,"Orichalcum":10,"War Paint":17,"Cracked Core":0,"Cables":17},{"Calling Bell":7,"Dream Catcher":3,"Sundial":3,"Gambling Chip":7,"Orrery":9,"Orichalcum":4,"War Paint":7,"Cracked Core":0,"Cables":7},{"Calling Bell":43,"Dream Catcher":15,"Sundial":15,"Gambling Chip":43,"Orrery":53,"Orichalcum":20,"War Paint":43,"Cracked Core":0,"Cables":43}],"Cables":[19,16,3,0,0]},"card_choices":[{"not_picked":["Streamline","Redo","Barrage"],"picked":"SKIP","floor":1},{"not_picked":["Compile Driver","Go for the Eyes"],"picked":"Loop","floor":4},{"not_picked":["Conserve Battery","Reinforced Body"],"picked":"Glacier","floor":7},{"not_picked":["Rip and Tear","Hyperbeam"],"picked":"Undo","floor":10},{"not_picked":["Coolheaded","Sweeping Beam"],"picked":"Turbo","floor":12},{"not_picked":["Cold Snap","Aggregate","Redo"],"picked":"SKIP","floor":13},{"not_picked":["Sweeping Beam","Undo","Heatsinks"],"picked":"SKIP","floor":14},{"not_picked":["Seek","Fission"],"picked":"Electrodynamics","floor":16},{"not_picked":["Beam Cell","Hologram","Gash"],"picked":"SKIP","floor":18},{"not_picked":["Conserve Battery","Hologram+1"],"picked":"Loop","floor":19},{"not_picked":["Redo","Streamline"],"picked":"Capacitor","floor":21},{"not_picked":["Chill","Reboot"],"picked":"White Noise","floor":21},{"not_picked":["Rebound","Auto Shields","Hologram"],"picked":"SKIP","floor":22},{"not_picked":["Sweeping Beam","BootSequence"],"picked":"Loop","floor":23}],"player_experience":745807,"relics_obtained":[{"floor":7,"key":"Sundial"},{"floor":9,"key":"Dream Catcher"},{"floor":10,"key":"Orichalcum"},{"floor":17,"key":"War Paint"},{"floor":17,"key":"Cables"},{"floor":17,"key":"Gambling Chip"}],"event_choices":[{"damage_healed":0,"gold_gain":0,"player_choice":"Grow","damage_taken":0,"max_hp_gain":0,"max_hp_loss":0,"event_name":"Living Wall","floor":2,"gold_loss":0,"cards_upgraded":["Dualcast"]},{"cards_removed":["Strike_B"],"damage_healed":0,"gold_gain":0,"player_choice":"Purged","damage_taken":0,"max_hp_gain":0,"max_hp_loss":0,"event_name":"Purifier","floor":3,"gold_loss":0},{"damage_healed":18,"gold_gain":0,"player_choice":"Healed","damage_taken":0,"max_hp_gain":0,"max_hp_loss":0,"event_name":"The Cleric","floor":11,"gold_loss":35},{"damage_healed":0,"gold_gain":0,"player_choice":"Shed Blood","damage_taken":19,"max_hp_gain":5,"max_hp_loss":0,"event_name":"Forgotten Altar","floor":20,"gold_loss":0}],"is_beta":false,"boss_relics":[{"not_picked":["Pandora\u0027s Box","Empty Cage"],"picked":"Calling Bell"}],"items_purged_floors":[],"is_endless":false,"potions_floor_spawned":[4,14,18,19],"killed_by":"Slavers","ascension_level":13}}