{"host":"k5fgrtcqzqosfxt0","time":1613542101,"event":{"mods":["Act Like it!","Aspiration","BaseMod","Downfall","Gensokyo","Minty Spire (QoL Compilation)","StSLib","TestMod","UnlockEverythingMod"],"gold_per_floor":[118,118,132,147,227,255,270,270,270,285,102,119,119,119],"floor_reached":13,"language":"ZHS","playtime":530,"items_purged":[],"score":174,"play_id":"35187692-a1f7-411a-8301-299a11ae59c1","local_time":"20210217140821","is_ascension_mode":true,"campfire_choices":[{"floor":8.0,"key":"REST"}],"circlet_count":0,"master_deck":["AscendersBane","Strike_B","Strike_B","Strike_B","Defend_B","Defend_B","Defend_B","Defend_B","Zap+1","Dualcast+1","Coolheaded+1","Reinforced Body+1","Compile Driver+1","Gash+1","Redo","Defragment+1"],"relics":["testmod-TestBox","testmod-BloodSacrificeSpiritualization","testmod-IncinerationGenerator","Gremlin Horn","testmod-Motorcycle","Membership Card"],"acts_visited":["Exordium"],"potions_floor_usage":[],"damage_taken":[{"damage":9.0,"enemies":"Small Slimes","floor":1.0,"turns":3.0},{"damage":7.0,"enemies":"Jaw Worm","floor":3.0,"turns":4.0},{"damage":7.0,"enemies":"Cultist","floor":4.0,"turns":4.0},{"damage":15.0,"enemies":"Lagavulin","floor":6.0,"turns":8.0},{"damage":7.0,"enemies":"3 Louse","floor":7.0,"turns":2.0},{"damage":22.0,"enemies":"Exordium Wildlife","floor":10.0,"turns":5.0},{"damage":7.0,"enemies":"Gremlin Gang","floor":12.0,"turns":4.0},{"damage":5,"enemies":"3 Sentries","floor":13,"turns":2}],"seed_played":"5814140026549957975","potions_obtained":[{"floor":1.0,"key":"Energy Potion"},{"floor":6.0,"key":"LiquidMemories"}],"is_trial":false,"path_per_floor":["M","?","M","M","T","E","M","R","T","M","$","M","E"],"character_chosen":"DEFECT","items_purchased":["Membership Card","Defragment"],"campfire_rested":1,"item_purchase_floors":[11,11],"current_hp_per_floor":[55,48,41,34,34,19,12,33,33,11,11,4,0,0],"gold":119,"neow_bonus":"BOSS_RELIC","is_daily":false,"chose_seed":false,"campfire_upgraded":0,"win_rate":0.0,"timestamp":1613542101,"path_taken":["M","?","M","M","?","E","M","R","T","M","$","M","E"],"items_purchased_type":["Relic","Card"],"build_version":"2020-12-22","purchased_purges":0,"victory":false,"max_hp_per_floor":[71,71,71,71,71,71,71,71,71,71,71,71,71,71],"card_choices":[{"not_picked":["Self Repair","Ball Lightning"],"picked":"Coolheaded","floor":1.0},{"not_picked":["Rebound","Beam Cell"],"picked":"Reinforced Body","floor":3.0},{"not_picked":["Aggregate","Stack","Beam Cell"],"picked":"SKIP","floor":4.0},{"not_picked":["Amplify","Steam"],"picked":"Compile Driver","floor":6.0},{"not_picked":["Steam","Leap"],"picked":"Gash","floor":7.0},{"not_picked":["BootSequence","Scrape"],"picked":"Redo","floor":10.0},{"not_picked":["Leap","Rebound","Recycle"],"picked":"SKIP","floor":12.0}],"player_experience":670424,"relics_obtained":[{"floor":5.0,"key":"Gremlin Horn"},{"floor":6.0,"key":"testmod-Motorcycle"}],"event_choices":[{"cards_removed":["Strike_B"],"damage_healed":0.0,"max_hp_gain":0.0,"max_hp_loss":0.0,"gold_gain":0.0,"event_name":"Golden Wing","player_choice":"Card Removal","floor":2.0,"gold_loss":0.0,"damage_taken":7.0}],"is_beta":false,"boss_relics":[],"items_purged_floors":[],"is_endless":false,"potions_floor_spawned":[1,6,10],"killed_by":"3 Sentries","ascension_level":20}}