{"host":"0mk07bycsqo1qk03","time":1613549014,"event":{"mods":["BaseMod","Downfall","Hermit","Hubris","Minty Spire (QoL Compilation)","Reliquary","Replay The Spire","StSLib"],"gold_per_floor":[112,49,49,49,69,98,98,133,156,168,168,5,20,35,35,112,112,95,95,95],"floor_reached":19,"language":"ENG","playtime":469,"items_purged":[],"score":364,"play_id":"7c3e5ac5-30d5-4a5f-b2d5-15ba4286600b","local_time":"20210217090334","is_ascension_mode":true,"campfire_choices":[{"data":"Catalyst","floor":7,"key":"SMITH"},{"data":"Neutralize","floor":11,"key":"SMITH"},{"data":"Footwork","floor":15,"key":"SMITH"}],"circlet_count":0,"master_deck":["AscendersBane","Strike_G","Strike_G","Strike_G","Strike_G","Strike_G","Defend_G","Defend_G","Defend_G","Defend_G","Defend_G","Survivor","Neutralize+1","Caltrops+1","Skewer","Catalyst+1","Cloak And Dagger","Footwork+1","Underhanded Strike","Infinite Blades","Night Terror"],"relics":["Ring of the Snake","NeowsBlessing","Ring of Panic","Ring of Fangs","Incense Burner","reliquary:RadioactivePellet","reliquary:PartyBalloon","Pen Nib","OrangePellets","reliquary:Ember"],"acts_visited":["Exordium","TheCity"],"potions_floor_usage":[8,16],"damage_taken":[{"damage":0,"enemies":"2 Louse","floor":1,"turns":1},{"damage":4,"enemies":"Small Slimes","floor":5,"turns":2},{"damage":0,"enemies":"Gremlin Nob","floor":6,"turns":1},{"damage":31,"enemies":"Lagavulin","floor":8,"turns":6},{"damage":1,"enemies":"Cultist","floor":10,"turns":4},{"damage":0,"enemies":"Large Slime","floor":13,"turns":2},{"damage":0,"enemies":"Looter","floor":14,"turns":2},{"damage":5,"enemies":"Hexaghost","floor":16,"turns":7},{"damage":31,"enemies":"2 Thieves","floor":18,"turns":4},{"damage":0,"enemies":"Shell Parasite","floor":19,"turns":1}],"seed_played":"3669897970830848967","potions_obtained":[{"floor":5,"key":"hexamod:SoulburnPotion"},{"floor":6,"key":"SteroidPotion"},{"floor":13,"key":"hexamod:SoulburnPotion"},{"floor":14,"key":"Strength Potion"},{"floor":18,"key":"EssenceOfSteel"}],"is_trial":false,"path_per_floor":["M","$","?","?","M","E","R","E","T","M","R","$","M","M","R","B",null,"M","M"],"character_chosen":"THE_SILENT","items_purchased":["Caltrops+1","OrangePellets"],"campfire_rested":0,"item_purchase_floors":[2,12],"current_hp_per_floor":[59,59,59,59,55,55,55,24,24,23,23,23,23,23,23,18,54,23,23,23],"gold":95,"neow_bonus":"THREE_ENEMY_KILL","is_daily":false,"chose_seed":false,"campfire_upgraded":3,"win_rate":0.0,"timestamp":1613549014,"path_taken":["M","$","?","?","M","E","R","E","T","M","R","$","?","M","R","BOSS","M","M"],"items_purchased_type":["Card","Relic"],"build_version":"2020-12-22","purchased_purges":0,"victory":false,"max_hp_per_floor":[66,66,66,66,66,66,66,66,66,66,66,66,66,66,66,66,66,66,66,66],"card_choices":[{"not_picked":["Sucker Punch","Underhanded Strike"],"picked":"Skewer","floor":1},{"not_picked":["Deflect","Acrobatics","Skewer"],"picked":"SKIP","floor":5},{"not_picked":["Deflect","Acrobatics"],"picked":"Skewer","floor":5},{"not_picked":["Acrobatics","hubris:Counter"],"picked":"Catalyst","floor":6},{"not_picked":["Heel Hook","ReplayTheSpireMod:The Works"],"picked":"Cloak And Dagger","floor":8},{"not_picked":["Dodge and Roll","Slice"],"picked":"Footwork","floor":10},{"not_picked":["Blade Dance","Dagger Spray"],"picked":"Underhanded Strike","floor":13},{"not_picked":["Blade Dance","Slice"],"picked":"Infinite Blades","floor":14},{"not_picked":["ReplayTheSpireMod:Necrosis","Venomology"],"picked":"Night Terror","floor":16},{"not_picked":["Cloak And Dagger","Outmaneuver","Escape Plan"],"picked":"SKIP","floor":18}],"player_experience":1047110,"relics_obtained":[{"floor":3,"key":"Ring of Panic"},{"floor":3,"key":"Ring of Fangs"},{"floor":6,"key":"reliquary:RadioactivePellet"},{"floor":8,"key":"reliquary:PartyBalloon"},{"floor":9,"key":"Pen Nib"}],"event_choices":[{"cards_removed":["Skewer"],"damage_healed":0,"gold_gain":0,"player_choice":"Gave Card","damage_taken":0,"relics_obtained":["Incense Burner"],"max_hp_gain":0,"max_hp_loss":0,"event_name":"WeMeetAgain","floor":4,"gold_loss":0}],"is_beta":false,"boss_relics":[{"not_picked":["Coffee Dripper","Abe\u0027s Treasure"],"picked":"reliquary:Ember"}],"items_purged_floors":[],"is_endless":false,"potions_floor_spawned":[5,6,13,14,18],"killed_by":"Shell Parasite","ascension_level":16}}