{"host":"vxgtqwpb0ulpisda","time":1613533653,"event":{"mods":["BaseMod","Bestiary","Minty Spire (QoL Compilation)","Relic Stats","ojb\u0027s Info Mod"],"gold_per_floor":[112,125,29,29,45,45,73,73,73,90,100,100,100],"floor_reached":12,"language":"ENG","playtime":780,"items_purged":[],"score":104,"play_id":"88b70e1f-14b6-4ce7-8cab-1cadc03f7d21","local_time":"20210216224733","is_ascension_mode":true,"campfire_choices":[{"data":"Malaise","floor":6,"key":"SMITH"},{"floor":8,"key":"REST"}],"circlet_count":0,"master_deck":["Strike_G","Strike_G","Strike_G","Strike_G","Strike_G","Defend_G","Defend_G","Defend_G","Defend_G","Defend_G","Survivor","Neutralize","PiercingWail","Blade Dance+1","Footwork","Backflip","Malaise+1","PiercingWail","Terror"],"relics":["Velvet Choker","Tough Bandages","Singing Bowl"],"acts_visited":["Exordium"],"potions_floor_usage":[7,12],"damage_taken":[{"damage":1,"enemies":"Small Slimes","floor":1,"turns":5},{"damage":0,"enemies":"Cultist","floor":2,"turns":5},{"damage":0,"enemies":"2 Louse","floor":5,"turns":3},{"damage":31,"enemies":"3 Sentries","floor":7,"turns":12},{"damage":1,"enemies":"Looter","floor":10,"turns":4},{"damage":0,"enemies":"2 Fungi Beasts","floor":11,"turns":5},{"damage":67,"enemies":"Gremlin Nob","floor":12,"turns":6}],"seed_played":"1254534879781337548","potions_obtained":[{"floor":2,"key":"DistilledChaos"},{"floor":11,"key":"SneckoOil"}],"is_trial":false,"path_per_floor":["M","M","$","?","M","R","E","R","T","M","M","E"],"character_chosen":"THE_SILENT","items_purchased":["Footwork","Backflip"],"campfire_rested":1,"item_purchase_floors":[3,3],"current_hp_per_floor":[62,62,62,62,62,62,31,52,52,51,53,0,0],"gold":100,"neow_bonus":"BOSS_RELIC","is_daily":false,"chose_seed":false,"campfire_upgraded":1,"win_rate":0.0,"timestamp":1613533653,"path_taken":["M","M","$","?","M","R","E","R","T","?","M","E"],"items_purchased_type":["Card","Card"],"build_version":"2020-12-22","purchased_purges":0,"victory":false,"max_hp_per_floor":[70,70,70,70,70,70,70,70,70,70,72,72,72],"relic_stats":{"Tough Bandages":[6],"Singing Bowl":2,"counters":[7,40],"obtain_stats":[{"Tough Bandages":7,"Singing Bowl":9,"Velvet Choker":0,"Ring of the Snake":0},{"Tough Bandages":4,"Singing Bowl":4,"Velvet Choker":0,"Ring of the Snake":0},{"Tough Bandages":25,"Singing Bowl":25,"Velvet Choker":0,"Ring of the Snake":0}]},"card_choices":[{"not_picked":["Deflect","Concentrate"],"picked":"PiercingWail","floor":1},{"not_picked":["Predator","Acrobatics"],"picked":"Blade Dance","floor":2},{"not_picked":["Slice","Cloak And Dagger"],"picked":"Malaise","floor":5},{"not_picked":["Dagger Throw","Distraction"],"picked":"PiercingWail","floor":7},{"not_picked":["Outmaneuver","Skewer"],"picked":"Terror","floor":10},{"not_picked":["Escape Plan","PiercingWail","Acrobatics"],"picked":"Singing Bowl","floor":11}],"player_experience":413727,"relics_obtained":[{"floor":7,"key":"Tough Bandages"},{"floor":9,"key":"Singing Bowl"}],"event_choices":[{"damage_healed":0,"gold_gain":0,"player_choice":"Forge","damage_taken":0,"max_hp_gain":0,"max_hp_loss":0,"event_name":"Accursed Blacksmith","floor":4,"gold_loss":0,"cards_upgraded":["Blade Dance"]}],"is_beta":false,"boss_relics":[],"items_purged_floors":[],"is_endless":false,"potions_floor_spawned":[2,11],"killed_by":"Gremlin Nob","ascension_level":6}}