{"host":"xp27heuvanyklt0b","time":1613568104,"event":{"mods":["100% Spire Juice","BaseMod","CapriCore","Koishi","Lobotomy","Minty Spire (QoL Compilation)","StSLib","The Immortal"],"gold_per_floor":[110,124,71,98,116,146,146,172,172,172,137,107,120,147,147,242,242,258,258,68,84,101,135,154,183,210,257,269,300,343,374,386,398,398],"floor_reached":33,"language":"KOR","playtime":1266,"items_purged":["Decay"],"score":341,"play_id":"e8feaf27-83e7-4f57-af12-66923f22022c","local_time":"20210217222144","is_ascension_mode":true,"campfire_choices":[{"data":"Flex","floor":7,"key":"SMITH"},{"floor":15,"key":"REST"},{"data":"Bloodletting","floor":28,"key":"SMITH"},{"floor":32,"key":"REST"}],"circlet_count":0,"master_deck":["Strike_R","Strike_R","Strike_R","Strike_R","Strike_R","Defend_R","Defend_R","Defend_R","Defend_R","Bash","Carnage","Twin Strike","Flex+1","Power Through","Hemokinesis","Shrug It Off","Thunderclap","Wild Strike","Bloodletting+1","Impervious","Wild Strike+1","Demon Form","Fire Breathing","Hemokinesis","Shockwave","Wild Strike+1","Pommel Strike","Power Through","Perfected Strike","Pommel Strike+1","Heavy Blade","Perfected Strike","Disarm","Armaments+1"],"relics":["Burning Blood","NeowsBlessing","Ancient Tea Set","Dream Catcher","Eternal Feather","Bronze Scales","Torii","Runic Cube","Meat on the Bone","Regal Pillow","MawBank","Red Mask","Bottled Tornado"],"acts_visited":["Exordium","TheCity"],"potions_floor_usage":[21,23,23,25,27,30,30],"damage_taken":[{"damage":0,"enemies":"Cultist","floor":1,"turns":1},{"damage":0,"enemies":"Jaw Worm","floor":2,"turns":1},{"damage":0,"enemies":"Small Slimes","floor":5,"turns":1},{"damage":19,"enemies":"Gremlin Nob","floor":6,"turns":4},{"damage":10,"enemies":"3 Sentries","floor":8,"turns":8},{"damage":2,"enemies":"2 Fungi Beasts","floor":13,"turns":2},{"damage":25,"enemies":"Lagavulin","floor":14,"turns":5},{"damage":31,"enemies":"Slime Boss","floor":16,"turns":13},{"damage":2,"enemies":"Chosen","floor":18,"turns":4},{"damage":6,"enemies":"2 Thieves","floor":21,"turns":4},{"damage":28,"enemies":"Shelled Parasite and Fungi","floor":22,"turns":5},{"damage":18,"enemies":"Slavers","floor":23,"turns":7},{"damage":5,"enemies":"Snake Plant","floor":24,"turns":3},{"damage":13,"enemies":"Book of Stabbing","floor":25,"turns":5},{"damage":7,"enemies":"Masked Bandits","floor":27,"turns":3},{"damage":8,"enemies":"Centurion and Healer","floor":29,"turns":7},{"damage":48,"enemies":"Gremlin Leader","floor":30,"turns":9},{"damage":30,"enemies":"3 Cultists","floor":31,"turns":5},{"damage":82,"enemies":"Collector","floor":33,"turns":6}],"seed_played":"-4416650360103325880","potions_obtained":[{"floor":2,"key":"FearPotion"},{"floor":12,"key":"Fire Potion"},{"floor":12,"key":"SmokeBomb"},{"floor":14,"key":"ColorlessPotion"},{"floor":16,"key":"Ancient Potion"},{"floor":21,"key":"Fire Potion"},{"floor":23,"key":"DistilledChaos"},{"floor":27,"key":"LiquidBronze"},{"floor":29,"key":"PowerPotion"}],"is_trial":false,"path_per_floor":["M","M","$","T","M","E","R","E","T","?","?","?","M","E","R","B",null,"M","?","$","M","M","E","M","E","T","?","R","M","E","M","R","B"],"character_chosen":"IRONCLAD","items_purchased":["Flex","Fire Breathing","Hemokinesis"],"campfire_rested":2,"item_purchase_floors":[3,20,20],"current_hp_per_floor":[80,80,80,80,80,67,67,63,63,63,63,63,67,48,80,55,80,80,80,80,80,58,46,47,52,52,51,69,67,37,25,80,0,0],"gold":398,"neow_bonus":"THREE_ENEMY_KILL","is_daily":false,"chose_seed":false,"campfire_upgraded":2,"win_rate":0.0,"timestamp":1613568104,"path_taken":["M","?","$","?","M","E","R","E","T","?","?","?","?","E","R","BOSS","M","?","$","M","M","E","?","E","T","?","R","M","E","M","R","BOSS"],"items_purchased_type":["Card","Card","Card"],"build_version":"2020-12-22","purchased_purges":1,"victory":false,"max_hp_per_floor":[80,80,80,80,80,80,80,80,80,80,80,80,80,80,80,80,80,80,80,80,80,80,80,80,80,80,80,80,80,80,80,80,80,80],"card_choices":[{"not_picked":["True Grit","Fire Breathing"],"picked":"Carnage","floor":1},{"not_picked":["Cleave","Sword Boomerang"],"picked":"Twin Strike","floor":2},{"not_picked":["Pommel Strike","Havoc"],"picked":"Power Through","floor":5},{"not_picked":["Ghostly Armor","Dark Embrace"],"picked":"Hemokinesis","floor":6},{"not_picked":["Sword Boomerang","Flame Barrier"],"picked":"Shrug It Off","floor":8},{"not_picked":["Flame Barrier","Feel No Pain"],"picked":"Thunderclap","floor":13},{"not_picked":["Feel No Pain","Armaments"],"picked":"Wild Strike","floor":14},{"not_picked":["Armaments","Shockwave"],"picked":"Bloodletting","floor":15},{"not_picked":["Double Tap","Fiend Fire"],"picked":"Impervious","floor":16},{"not_picked":["Twin Strike+1","Flex"],"picked":"Wild Strike+1","floor":18},{"not_picked":["Pummel+1","Ghostly Armor"],"picked":"Shockwave","floor":21},{"not_picked":["Warcry+1","Dark Embrace+1"],"picked":"Wild Strike+1","floor":22},{"not_picked":["Flex+1","True Grit+1"],"picked":"Pommel Strike","floor":23},{"not_picked":["Armaments","Clothesline"],"picked":"Power Through","floor":24},{"not_picked":["Dual Wield+1","Double Tap"],"picked":"Perfected Strike","floor":25},{"not_picked":["Heavy Blade+1","Havoc"],"picked":"Pommel Strike+1","floor":27},{"not_picked":["Flex","Rampage"],"picked":"Heavy Blade","floor":29},{"not_picked":["Shockwave+1","Havoc"],"picked":"Perfected Strike","floor":30},{"not_picked":["Shockwave+1","Entrench"],"picked":"Disarm","floor":31},{"not_picked":["Sentinel+1","Body Slam"],"picked":"Armaments+1","floor":32}],"player_experience":320177,"relics_obtained":[{"floor":4,"key":"Ancient Tea Set"},{"floor":6,"key":"Dream Catcher"},{"floor":8,"key":"Eternal Feather"},{"floor":14,"key":"Torii"},{"floor":23,"key":"Meat on the Bone"},{"floor":25,"key":"Regal Pillow"},{"floor":26,"key":"MawBank"},{"floor":27,"key":"Red Mask"},{"floor":30,"key":"Bottled Tornado"}],"event_choices":[{"damage_healed":0,"gold_gain":0,"player_choice":"Searched \u00271\u0027 times","damage_taken":0,"relics_obtained":["Bronze Scales"],"max_hp_gain":0,"max_hp_loss":0,"event_name":"Dead Adventurer","floor":10,"gold_loss":0},{"damage_healed":0,"gold_gain":0,"player_choice":"Left Gold","damage_taken":0,"max_hp_gain":0,"max_hp_loss":0,"event_name":"World of Goop","floor":11,"gold_loss":35},{"damage_healed":0,"gold_gain":0,"player_choice":"Bought 2 Potions","damage_taken":0,"max_hp_gain":0,"max_hp_loss":0,"event_name":"The Woman in Blue","floor":12,"gold_loss":0},{"damage_healed":0,"gold_gain":0,"player_choice":"2 cards matched","damage_taken":0,"max_hp_gain":0,"max_hp_loss":0,"event_name":"Match and Keep!","floor":19,"gold_loss":0,"cards_obtained":["Demon Form","Decay"]},{"damage_healed":0,"gold_gain":0,"player_choice":"Fought Bandits","damage_taken":0,"max_hp_gain":0,"max_hp_loss":0,"event_name":"Masked Bandits","floor":27,"gold_loss":0}],"is_beta":false,"boss_relics":[{"not_picked":["Velvet Choker","Pandora\u0027s Box"],"picked":"Runic Cube"}],"items_purged_floors":[20],"is_endless":false,"potions_floor_spawned":[2,14,16,21,23,27,29],"killed_by":"Collector","ascension_level":1}}