{"host":"ty2cix8xj6r3ad26","time":1613580264,"event":{"mods":["AchievementEnabler","BaseMod","BetterRewards","Minty Spire (QoL Compilation)","Quick Restart","StSLib","SuperFastMode"],"gold_per_floor":[109,119,119,132,151,184,184,12,12,12,41,58,91,103,103,182,182,202,218,118,118,136,171,171,202,270,450,468,483,483,497,497,574,574,589,639,659,450,470,505,68,68,68,93,118,148,162,192,192,192,192,192,25,50,50],"floor_reached":56,"language":"ENG","playtime":5906,"items_purged":["Strike_R","Strike_R","Flex","Blind"],"score":2969,"play_id":"e48b0c13-c9e8-4952-9654-95baf044be21","local_time":"20210217184424","is_ascension_mode":true,"campfire_choices":[{"data":"Armaments","floor":7,"key":"SMITH"},{"floor":10,"key":"REST"},{"data":"True Grit","floor":15,"key":"SMITH"},{"data":"Demon Form","floor":24,"key":"SMITH"},{"data":"Disarm","floor":30,"key":"SMITH"},{"data":"Limit Break","floor":32,"key":"SMITH"},{"data":"Shockwave","floor":42,"key":"SMITH"},{"floor":49,"key":"RECALL"},{"data":"Impervious","floor":52,"key":"SMITH"}],"circlet_count":0,"master_deck":["AscendersBane","Strike_R","Strike_R","Strike_R","Defend_R","Defend_R","Defend_R","Bash","Iron Wave","Armaments+1","Heavy Blade","Feed","Disarm+1","Headbutt","Limit Break+1","Spot Weakness","True Grit+1","Demon Form+1","Pommel Strike+1","Heavy Blade+1","Battle Trance","Barricade","Shockwave+1","Impervious+1"],"relics":["Burning Blood","Oddly Smooth Stone","Calipers","Bag of Preparation","Singing Bowl","Torii","Turnip","TungstenRod","Thread and Needle","Strawberry","Orichalcum","Velvet Choker","Omamori","FossilizedHelix","StrikeDummy","Snecko Eye","WingedGreaves","HornCleat","Eternal Feather","Vajra","Magic Flower","Toy Ornithopter","Red Skull","Happy Flower","Pantograph"],"acts_visited":["Exordium","TheCity","TheBeyond","TheEnding"],"potions_floor_usage":[6,6,11,11,25,28,33,39],"damage_taken":[{"damage":0,"enemies":"2 Louse","floor":1,"turns":4},{"damage":0,"enemies":"Cultist","floor":2,"turns":4},{"damage":6,"enemies":"Small Slimes","floor":4,"turns":4},{"damage":0,"enemies":"Blue Slaver","floor":5,"turns":9},{"damage":26,"enemies":"Lagavulin","floor":6,"turns":6},{"damage":22,"enemies":"Gremlin Nob","floor":11,"turns":6},{"damage":0,"enemies":"Gremlin Gang","floor":12,"turns":6},{"damage":5,"enemies":"3 Sentries","floor":13,"turns":6},{"damage":0,"enemies":"Looter","floor":14,"turns":3},{"damage":17,"enemies":"The Guardian","floor":16,"turns":13},{"damage":0,"enemies":"Shell Parasite","floor":18,"turns":8},{"damage":36,"enemies":"Chosen","floor":19,"turns":6},{"damage":11,"enemies":"Snake Plant","floor":22,"turns":4},{"damage":25,"enemies":"Slavers","floor":23,"turns":13},{"damage":11,"enemies":"Book of Stabbing","floor":25,"turns":5},{"damage":0,"enemies":"Shelled Parasite and Fungi","floor":28,"turns":5},{"damage":0,"enemies":"3 Cultists","floor":29,"turns":6},{"damage":0,"enemies":"Snake Plant","floor":31,"turns":4},{"damage":60,"enemies":"Collector","floor":33,"turns":8},{"damage":0,"enemies":"3 Shapes","floor":35,"turns":5},{"damage":25,"enemies":"2 Orb Walkers","floor":36,"turns":4},{"damage":0,"enemies":"3 Darklings","floor":37,"turns":7},{"damage":30,"enemies":"Transient","floor":39,"turns":6},{"damage":8,"enemies":"Reptomancer","floor":40,"turns":7},{"damage":0,"enemies":"Giant Head","floor":44,"turns":5},{"damage":0,"enemies":"Mind Bloom Boss Battle","floor":45,"turns":2},{"damage":0,"enemies":"Reptomancer","floor":46,"turns":4},{"damage":9,"enemies":"Writhing Mass","floor":47,"turns":5},{"damage":0,"enemies":"Nemesis","floor":48,"turns":5},{"damage":0,"enemies":"Time Eater","floor":50,"turns":5},{"damage":21,"enemies":"Shield and Spear","floor":54,"turns":6},{"damage":19,"enemies":"The Heart","floor":55,"turns":7}],"seed_played":"229882293233755679","potions_obtained":[{"floor":4,"key":"LiquidBronze"},{"floor":5,"key":"LiquidMemories"},{"floor":6,"key":"EntropicBrew"},{"floor":14,"key":"FairyPotion"},{"floor":25,"key":"Weak Potion"},{"floor":28,"key":"AttackPotion"},{"floor":35,"key":"FearPotion"},{"floor":39,"key":"Energy Potion"},{"floor":44,"key":"BloodPotion"}],"is_trial":false,"path_per_floor":["M","M","?","M","M","E","R","$","T","R","E","M","E","M","R","B",null,"M","M","$","?","M","E","R","E","T","?","M","M","R","M","R","B",null,"M","?","M","$","M","E","$","R","T","E","?","E","M","E","R","B",null,"R","$","E","B",null],"character_chosen":"IRONCLAD","items_purchased":["Oddly Smooth Stone","Iron Wave","Armaments","Bag of Preparation","Singing Bowl","DistilledChaos","Limit Break","Shockwave","Eternal Feather","Happy Flower"],"campfire_rested":1,"item_purchase_floors":[0,0,0,0,0,0,8,38,41,53],"current_hp_per_floor":[29,35,35,35,44,27,27,27,27,51,42,51,58,64,64,53,88,100,72,72,72,69,54,54,73,73,52,63,72,72,78,78,24,98,109,96,104,104,82,82,82,94,94,103,111,122,124,135,147,151,151,151,151,141,143],"gold":50,"neow_bonus":"","is_daily":false,"chose_seed":false,"campfire_upgraded":7,"win_rate":0.0,"timestamp":1613580264,"path_taken":["M","M","?","M","M","E","R","$","T","R","E","M","E","?","R","BOSS","M","M","$","?","M","E","R","E","T","?","?","M","R","?","R","BOSS","M","?","M","$","M","E","$","R","T","E","?","E","M","E","R","BOSS","R","$","E","BOSS"],"items_purchased_type":["Relic","Card","Card","Relic","Relic","Potion","Card","Card","Relic","Relic"],"build_version":"2020-12-22","purchased_purges":4,"victory":true,"max_hp_per_floor":[77,77,77,77,80,83,83,83,83,83,90,93,99,99,99,99,99,105,107,107,107,109,113,113,115,115,115,120,123,123,123,123,123,123,128,134,136,136,138,140,140,140,140,143,145,147,149,151,151,151,151,151,151,153,153],"card_choices":[{"not_picked":["Armaments","Headbutt","Wild Strike"],"picked":"Singing Bowl","floor":1},{"not_picked":["Burning Pact","Sword Boomerang"],"picked":"Heavy Blade","floor":2},{"not_picked":["Rupture","Warcry"],"picked":"Feed","floor":4},{"not_picked":["Heavy Blade","Sword Boomerang"],"picked":"Disarm","floor":5},{"not_picked":["Power Through","Reckless Charge"],"picked":"Headbutt","floor":6},{"not_picked":["Entrench","Twin Strike"],"picked":"Flex","floor":11},{"not_picked":["Flex","Havoc"],"picked":"Spot Weakness","floor":12},{"not_picked":["Ghostly Armor","Bloodletting","Twin Strike"],"picked":"Singing Bowl","floor":13},{"not_picked":["Whirlwind","Warcry"],"picked":"True Grit","floor":14},{"not_picked":["Reaper","Brutality"],"picked":"Demon Form","floor":16},{"not_picked":["Armaments","Iron Wave","Second Wind"],"picked":"Singing Bowl","floor":18},{"not_picked":["Armaments","Intimidate","Twin Strike"],"picked":"Singing Bowl","floor":19},{"not_picked":["Carnage","Sever Soul","Dark Embrace"],"picked":"Singing Bowl","floor":22},{"not_picked":["Feel No Pain","Limit Break"],"picked":"Pommel Strike+1","floor":23},{"not_picked":["Flex","Wild Strike","Ghostly Armor"],"picked":"Singing Bowl","floor":25},{"not_picked":["Armaments","Bloodletting","Disarm"],"picked":"Singing Bowl","floor":28},{"not_picked":["Disarm","Warcry"],"picked":"Heavy Blade+1","floor":29},{"not_picked":["Warcry","Twin Strike"],"picked":"Battle Trance","floor":31},{"not_picked":["Limit Break","Demon Form"],"picked":"Barricade","floor":33},{"not_picked":["Perfected Strike+1","Flex","Iron Wave"],"picked":"Singing Bowl","floor":35},{"not_picked":["Armaments+1","Thunderclap","Infernal Blade"],"picked":"Singing Bowl","floor":36},{"not_picked":["Cleave","Wild Strike","Thunderclap"],"picked":"Singing Bowl","floor":37},{"not_picked":["Dropkick","Headbutt","Warcry"],"picked":"Singing Bowl","floor":39},{"not_picked":["Armaments","Havoc","Power Through"],"picked":"Singing Bowl","floor":40},{"not_picked":["Thunderclap","Iron Wave"],"picked":"Impervious","floor":44},{"not_picked":["Havoc","Pommel Strike","Hemokinesis"],"picked":"Singing Bowl","floor":45},{"not_picked":["Wild Strike","Cleave","Feel No Pain"],"picked":"Singing Bowl","floor":46},{"not_picked":["Clothesline","Feel No Pain","Uppercut"],"picked":"Singing Bowl","floor":47},{"not_picked":["Shrug It Off","Rampage","Inflame+1"],"picked":"Singing Bowl","floor":48},{"not_picked":["Iron Wave","Battle Trance","Metallicize"],"picked":"Singing Bowl","floor":54}],"player_experience":602373,"relics_obtained":[{"floor":6,"key":"TungstenRod"},{"floor":9,"key":"Thread and Needle"},{"floor":11,"key":"Strawberry"},{"floor":13,"key":"Orichalcum"},{"floor":23,"key":"Omamori"},{"floor":25,"key":"FossilizedHelix"},{"floor":26,"key":"StrikeDummy"},{"floor":36,"key":"WingedGreaves"},{"floor":40,"key":"HornCleat"},{"floor":44,"key":"Vajra"},{"floor":45,"key":"Magic Flower"},{"floor":46,"key":"Toy Ornithopter"},{"floor":48,"key":"Red Skull"},{"floor":54,"key":"Pantograph"}],"event_choices":[{"damage_healed":0,"gold_gain":0,"player_choice":"Gave Potion","damage_taken":0,"relics_obtained":["Turnip"],"max_hp_gain":0,"max_hp_loss":0,"event_name":"WeMeetAgain","floor":3,"gold_loss":0},{"cards_removed":["Defend_R"],"damage_healed":0,"gold_gain":0,"player_choice":"Elegance","damage_taken":0,"max_hp_gain":0,"max_hp_loss":0,"event_name":"Back to Basics","floor":21,"gold_loss":0},{"damage_healed":0,"gold_gain":180,"player_choice":"GOLD GOLD CARD ","damage_taken":25,"max_hp_gain":0,"max_hp_loss":0,"event_name":"Knowing Skull","floor":27,"potions_obtained":[],"gold_loss":0,"cards_obtained":["Blind"]},{"damage_healed":0,"gold_gain":0,"player_choice":"Fight","damage_taken":0,"max_hp_gain":0,"max_hp_loss":0,"event_name":"Mysterious Sphere","floor":36,"gold_loss":0},{"damage_healed":0,"gold_gain":0,"player_choice":"Fight","damage_taken":0,"max_hp_gain":0,"max_hp_loss":0,"event_name":"MindBloom","floor":45,"gold_loss":0}],"is_beta":false,"boss_relics":[{"not_picked":["SacredBark","Runic Dome"],"picked":"Velvet Choker"},{"not_picked":["SlaversCollar","Calling Bell"],"picked":"Snecko Eye"}],"items_purged_floors":[0,20,38,41],"is_endless":false,"potions_floor_spawned":[4,5,6,14,16,19,23,25,28,35,39,44,46,47,48,54],"ascension_level":17}}