{"host":"o88u0awh8mkwl1l8","time":1613524559,"event":{"mods":["BaseMod","Colored Map","Highlight Path","Minty Spire (QoL Compilation)","Relic Sorter"],"gold_per_floor":[131,149,181,106,106,106,166,227,278,333,333,398,398,449,449,522,522,566,661,700,713,741,741,791,791,791,832,907,916,958,286,286,389,389,399,444,464,500,21,21,49,399,422,422,438,482,546,310,319,344,369],"floor_reached":52,"language":"JPN","playtime":4468,"items_purged":["Defend_P","Writhe","Strike_P","Defend_P"],"score":2073,"play_id":"95815a3c-3a59-455b-b1a5-119942700acf","local_time":"20210217101559","is_ascension_mode":true,"campfire_choices":[{"data":"HandOfGreed","floor":6.0,"key":"SMITH"},{"floor":11.0,"key":"REST"},{"data":"CrushJoints","floor":13.0,"key":"SMITH"},{"data":"Wallop","floor":15.0,"key":"SMITH"},{"floor":23.0,"key":"REST"},{"data":"Blasphemy","floor":25.0,"key":"SMITH"},{"data":"Conclude","floor":32.0,"key":"SMITH"},{"data":"Meditate","floor":40.0,"key":"SMITH"},{"floor":49,"key":"REST"}],"circlet_count":0,"master_deck":["AscendersBane","Strike_P","Strike_P","Defend_P","Defend_P","Eruption","Vigilance","HandOfGreed+1","Protect","Conclude+1","Wallop+1","EmptyBody","CrushJoints+1","BattleHymn","DeceiveReality","Blasphemy+1","Evaluate+1","BowlingBash+1","Meditate+1","Tantrum","Fasting2+1","LikeWater+1"],"relics":["PureWater","Kunai","Centennial Puzzle","Bottled Flame","PreservedInsect","Regal Pillow","Busted Crown","Red Mask","Potion Belt","CeramicFish","Dream Catcher","Frozen Eye","Omamori","Cursed Key","TeardropLocket","Gremlin Horn","Old Coin","Pocketwatch"],"acts_visited":["Exordium","TheCity","TheBeyond"],"potions_floor_usage":[41,50],"damage_taken":[{"damage":3.0,"enemies":"2 Louse","floor":1.0,"turns":3.0},{"damage":0.0,"enemies":"Cultist","floor":2.0,"turns":4.0},{"damage":9.0,"enemies":"Jaw Worm","floor":3.0,"turns":6.0},{"damage":19.0,"enemies":"Lagavulin","floor":7.0,"turns":8.0},{"damage":0.0,"enemies":"3 Louse","floor":8.0,"turns":5.0},{"damage":2.0,"enemies":"3 Sentries","floor":10.0,"turns":3.0},{"damage":8.0,"enemies":"Exordium Wildlife","floor":12.0,"turns":4.0},{"damage":3.0,"enemies":"Lagavulin","floor":14.0,"turns":5.0},{"damage":7.0,"enemies":"The Guardian","floor":16.0,"turns":11.0},{"damage":19.0,"enemies":"Shell Parasite","floor":18.0,"turns":4.0},{"damage":9.0,"enemies":"3 Byrds","floor":19.0,"turns":9.0},{"damage":0.0,"enemies":"Snecko","floor":20.0,"turns":2.0},{"damage":5.0,"enemies":"Cultist and Chosen","floor":21.0,"turns":5.0},{"damage":0.0,"enemies":"Masked Bandits","floor":22.0,"turns":2.0},{"damage":0.0,"enemies":"Gremlin Leader","floor":24.0,"turns":2.0},{"damage":0.0,"enemies":"Sentry and Sphere","floor":27.0,"turns":3.0},{"damage":8.0,"enemies":"Slavers","floor":28.0,"turns":6.0},{"damage":8.0,"enemies":"Snake Plant","floor":30.0,"turns":3.0},{"damage":2.0,"enemies":"Collector","floor":33.0,"turns":5.0},{"damage":8.0,"enemies":"3 Darklings","floor":35.0,"turns":3.0},{"damage":0.0,"enemies":"Orb Walker","floor":36.0,"turns":3.0},{"damage":0.0,"enemies":"Transient","floor":37.0,"turns":6.0},{"damage":0.0,"enemies":"3 Darklings","floor":38.0,"turns":4.0},{"damage":3,"enemies":"Nemesis","floor":41,"turns":5},{"damage":0,"enemies":"Mind Bloom Boss Battle","floor":42,"turns":7},{"damage":2,"enemies":"Maw","floor":45,"turns":4},{"damage":25,"enemies":"Spire Growth","floor":46,"turns":3},{"damage":14,"enemies":"Reptomancer","floor":47,"turns":4},{"damage":10,"enemies":"Awakened One","floor":50,"turns":7},{"damage":29,"enemies":"Time Eater","floor":51,"turns":7}],"seed_played":"1973401987497200652","potions_obtained":[{"floor":1.0,"key":"Fruit Juice"},{"floor":3.0,"key":"Energy Potion"},{"floor":10.0,"key":"Energy Potion"},{"floor":12.0,"key":"DuplicationPotion"},{"floor":19.0,"key":"Regen Potion"},{"floor":21.0,"key":"SteroidPotion"},{"floor":28.0,"key":"FearPotion"},{"floor":30.0,"key":"FairyPotion"},{"floor":33.0,"key":"SpeedPotion"},{"floor":36.0,"key":"DistilledChaos"},{"floor":37.0,"key":"SteroidPotion"},{"floor":38.0,"key":"Dexterity Potion"}],"is_trial":false,"path_per_floor":["M","M","M","$","?","R","E","M","T","E","R","M","R","E","R","B",null,"M","M","M","M","?","R","E","R","T","M","E","?","M","$","R","B",null,"M","M","M","M","$","R","E","?","T","?","M","M","E","$","R","B","B",null],"character_chosen":"WATCHER","items_purchased":["Master of Strategy","Frozen Eye","Omamori","GamblersBrew","TeardropLocket","Meditate","LiquidMemories"],"campfire_rested":3,"item_purchase_floors":[31,31,31,31,39,39,48],"current_hp_per_floor":[40,40,36,36,36,36,17,17,17,15,51,43,43,40,40,33,63,44,35,40,35,35,71,71,71,71,71,63,63,55,55,55,53,68,60,60,60,60,60,60,57,57,57,57,55,30,16,16,52,42,13],"gold":369,"neow_bonus":"RANDOM_COLORLESS_2","is_daily":false,"chose_seed":false,"campfire_upgraded":6,"win_rate":0.0,"timestamp":1613524559,"path_taken":["M","M","M","$","?","R","E","M","T","E","R","?","R","E","R","BOSS","M","M","?","M","?","R","E","R","T","M","E","?","M","$","R","BOSS","M","M","M","M","$","R","E","?","T","?","M","M","E","$","R","BOSS","BOSS"],"items_purchased_type":["Card","Relic","Relic","Potion","Relic","Card","Potion"],"build_version":"2020-12-22","purchased_purges":4,"victory":true,"max_hp_per_floor":[68,68,73,73,73,73,73,73,73,73,73,73,73,73,73,73,73,73,73,73,73,73,73,73,73,73,73,73,73,73,73,73,73,73,73,73,73,73,73,73,73,73,73,73,73,73,73,73,73,73,73],"card_choices":[{"not_picked":["The Bomb","Secret Technique"],"picked":"HandOfGreed","floor":0.0},{"not_picked":["Worship","Fasting2"],"picked":"Protect","floor":1.0},{"not_picked":["EmptyFist","Crescendo"],"picked":"Conclude","floor":2.0},{"not_picked":["ThirdEye","Scrawl"],"picked":"Wallop","floor":3.0},{"not_picked":["PathToVictory","Crescendo","FlyingSleeves"],"picked":"SKIP","floor":7.0},{"not_picked":["Fasting2","Halt"],"picked":"EmptyBody","floor":8.0},{"not_picked":["MasterReality","ClearTheMind"],"picked":"CrushJoints","floor":10.0},{"not_picked":["CrushJoints","Sanctity"],"picked":"BattleHymn","floor":12.0},{"not_picked":["CutThroughFate","Sanctity"],"picked":"DeceiveReality","floor":14.0},{"not_picked":["DevaForm","Omniscience"],"picked":"Blasphemy","floor":16.0},{"not_picked":["CrushJoints"],"picked":"SKIP","floor":18.0},{"not_picked":[],"picked":"Evaluate+1","floor":19.0},{"not_picked":["Consecrate+1"],"picked":"SKIP","floor":20.0},{"not_picked":["PathToVictory"],"picked":"SKIP","floor":21.0},{"not_picked":[],"picked":"BowlingBash+1","floor":22.0},{"not_picked":["Wish"],"picked":"SKIP","floor":24.0},{"not_picked":["Nirvana"],"picked":"SKIP","floor":27.0},{"not_picked":["Adaptation"],"picked":"SKIP","floor":28.0},{"not_picked":["Protect"],"picked":"SKIP","floor":30.0},{"not_picked":["TalkToTheHand"],"picked":"SKIP","floor":35.0},{"not_picked":["Evaluate"],"picked":"SKIP","floor":36.0},{"not_picked":["ThirdEye"],"picked":"SKIP","floor":37.0},{"not_picked":["Fasting2"],"picked":"SKIP","floor":38.0},{"not_picked":["Fasting2"],"picked":"SKIP","floor":41},{"not_picked":["CrushJoints+1"],"picked":"SKIP","floor":45},{"not_picked":[],"picked":"Tantrum","floor":46},{"not_picked":[],"picked":"Fasting2+1","floor":47},{"not_picked":[],"picked":"LikeWater+1","floor":49}],"player_experience":1289731,"relics_obtained":[{"floor":7.0,"key":"Bottled Flame"},{"floor":9.0,"key":"PreservedInsect"},{"floor":10.0,"key":"Regal Pillow"},{"floor":14.0,"key":"Centennial Puzzle"},{"floor":22.0,"key":"Red Mask"},{"floor":24.0,"key":"Potion Belt"},{"floor":26.0,"key":"Kunai"},{"floor":28.0,"key":"CeramicFish"},{"floor":41,"key":"Gremlin Horn"},{"floor":42,"key":"Old Coin"},{"floor":47,"key":"Pocketwatch"}],"event_choices":[{"cards_removed":["Strike_P"],"damage_healed":0.0,"max_hp_gain":0.0,"max_hp_loss":0.0,"gold_gain":0.0,"event_name":"Purifier","player_choice":"Purged","floor":5.0,"gold_loss":0.0,"damage_taken":0.0},{"damage_healed":0.0,"max_hp_gain":0.0,"max_hp_loss":0.0,"gold_gain":0.0,"event_name":"Masked Bandits","player_choice":"Fought Bandits","floor":22.0,"gold_loss":0.0,"damage_taken":0.0},{"damage_healed":0.0,"max_hp_gain":0.0,"max_hp_loss":0.0,"gold_gain":0.0,"event_name":"The Mausoleum","player_choice":"Opened","floor":29.0,"gold_loss":0.0,"damage_taken":0.0,"relics_obtained":["Dream Catcher"],"cards_obtained":["Writhe"]},{"damage_healed":0,"gold_gain":0,"player_choice":"Fight","damage_taken":0,"max_hp_gain":0,"max_hp_loss":0,"event_name":"MindBloom","floor":42,"gold_loss":0},{"cards_removed":["Master of Strategy"],"damage_healed":0,"gold_gain":0,"player_choice":"Removed Skill","damage_taken":0,"max_hp_gain":0,"max_hp_loss":0,"event_name":"Falling","floor":44,"gold_loss":0}],"is_beta":false,"boss_relics":[{"not_picked":["SacredBark","SlaversCollar"],"picked":"Busted Crown"},{"not_picked":["Pandora\u0027s Box","Black Star"],"picked":"Cursed Key"}],"items_purged_floors":[4,31,39,48],"is_endless":false,"potions_floor_spawned":[1,3,10,12,19,21,28,30,33,36,37,38],"ascension_level":20}}