{"host":"lehbxtjrpalkmwwj","time":1613573710,"event":{"mods":["ATMod(°¢èªMod)","Aspiration","BaseMod","Challenge The Spire","Colored Map","Colored Powertips","Conspire","Dota2Spire","Energized Spire","Hunter ÁÔÈË","Minty Spire (QoL Compilation)","Quick Restart","Relic Stats","Reliquary","Replay The Spire","Spicy Shops","StSLib","TestMod","The Cursed","The IronCluck","The Poker Player","Waifu the Spire","Wide Potions","[IsaacMod]ÒÔÈö¼âËþ","¡¾ÒÅÎï¿¨ÅÆ¡¿REMEMod","É³µñ²ÄÖÊ°ümod","óô»ðÖ¸ÄÏ"],"gold_per_floor":[206,219,219,236,286,286,286],"floor_reached":6,"language":"ZHS","playtime":176,"items_purged":[],"score":50,"play_id":"cd4a2217-d514-46d1-9c77-754aef46f81c","local_time":"20210217225510","is_ascension_mode":true,"campfire_choices":[],"circlet_count":0,"master_deck":["Strike_B","Strike_B","Strike_B","Strike_B","Defend_B","Defend_B","Defend_B","Defend_B","Zap+1","Dualcast","SuicideKing","SuicideKing","REME_PuzzleBox"],"relics":["Cracked Core","HushsDoor","AT_ATBox","testmod-TestBox","REME_ComplimentaryCards","testmod-DreamHouse","Happy Flower","Lantern","BloodDonationBag","NeowsBlessing","Garlic","HowToJump"],"acts_visited":["Exordium"],"potions_floor_usage":[5],"damage_taken":[{"damage":0,"enemies":"Cultist","floor":1,"turns":1},{"damage":0,"enemies":"2 Louse","floor":2,"turns":1},{"damage":0,"enemies":"Jaw Worm","floor":4,"turns":1},{"damage":16,"enemies":"Hiden Room Battle","floor":5,"turns":3},{"damage":18,"enemies":"3 Sentries","floor":6,"turns":4}],"seed_played":"-1335884150756297695","potions_obtained":[{"floor":1,"key":"FocusPotion"},{"floor":4,"key":"Languid Potion"}],"is_trial":false,"path_per_floor":["M","M","?","M","?","E"],"character_chosen":"DEFECT","items_purchased":[],"campfire_rested":0,"item_purchase_floors":[],"current_hp_per_floor":[48,48,48,48,17,0,0],"gold":286,"neow_bonus":"THREE_ENEMY_KILL","is_daily":false,"chose_seed":false,"campfire_upgraded":0,"win_rate":0.0,"timestamp":1613573710,"path_taken":["M","M","?","M","?","E"],"items_purchased_type":[],"build_version":"2020-12-22","purchased_purges":0,"victory":false,"max_hp_per_floor":[75,75,75,75,75,75,75],"relic_stats":{"Happy Flower":[3],"counters":[5,10],"obtain_stats":[{"KeepersGift":0,"Lantern":0,"AT_ATBox":0,"testmod-TestBox":0,"Happy Flower":0,"NeowsBlessing":0,"HowToJump":5,"BloodDonationBag":0,"testmod-DreamHouse":0,"Garlic":5,"Cracked Core":0,"HushsDoor":0,"REME_ComplimentaryCards":0,"BloodDonationMachine":0},{"KeepersGift":0,"Lantern":0,"AT_ATBox":0,"testmod-TestBox":0,"Happy Flower":0,"NeowsBlessing":0,"HowToJump":4,"BloodDonationBag":0,"testmod-DreamHouse":0,"Garlic":4,"Cracked Core":0,"HushsDoor":0,"REME_ComplimentaryCards":0,"BloodDonationMachine":0},{"KeepersGift":0,"Lantern":0,"AT_ATBox":0,"testmod-TestBox":0,"Happy Flower":0,"NeowsBlessing":0,"HowToJump":6,"BloodDonationBag":0,"testmod-DreamHouse":0,"Garlic":6,"Cracked Core":0,"HushsDoor":0,"REME_ComplimentaryCards":0,"BloodDonationMachine":0}]},"card_choices":[{"not_picked":[],"picked":"SuicideKing","floor":0},{"not_picked":[],"picked":"SuicideKing","floor":0},{"not_picked":["Redo","Gash"],"picked":"Seek","floor":1},{"not_picked":["Cold Snap","Hologram"],"picked":"ReplayGash","floor":2},{"not_picked":["Redo","conspire:SharedLibrary"],"picked":"ReplayTheSpireMod:Calculation Training","floor":4},{"not_picked":["Go for the Eyes","Rebound"],"picked":"Reprogram","floor":5}],"player_experience":199124,"relics_obtained":[{"floor":5,"key":"Garlic"},{"floor":5,"key":"HowToJump"}],"event_choices":[{"damage_healed":0,"gold_gain":0,"player_choice":"Fight","damage_taken":0,"max_hp_gain":0,"max_hp_loss":0,"event_name":"HidenRoomEvent","floor":5,"gold_loss":0}],"is_beta":false,"boss_relics":[],"items_purged_floors":[],"is_endless":false,"potions_floor_spawned":[1,4],"killed_by":"3 Sentries","ascension_level":8}}