{"host":"rw1trt79hfpl7pom","time":1613536893,"event":{"mods":["BaseMod","Bestiary","Colored Map","Jorbs\u0027s Wanderer Trilogy","Minty Spire (QoL Compilation)","Relic Stats","StSLib","SuperFastMode"],"gold_per_floor":[118,131,56,56,74,108,108,158,183,221,13,55,82,124,124,229,229,252,284,303,330,362,415,437,479,479,479,479,156,199,231,231,336,336,361,361,370,404,432,468,488,510,510,510,557,566,616,649,649,649,649,649,649,24,64,64],"floor_reached":57,"language":"ENG","playtime":4298,"items_purged":["Strike_P","Defend_P","Strike_P","Pain"],"score":3614,"play_id":"f5ce4e33-d4be-43a2-9fd3-9831127e334f","local_time":"20210216204133","is_ascension_mode":true,"campfire_choices":[{"data":"Eruption","floor":7.0,"key":"SMITH"},{"data":"ThirdEye","floor":15.0,"key":"SMITH"},{"data":"Adaptation","floor":27.0,"key":"SMITH"},{"data":"Nirvana","floor":32.0,"key":"SMITH"},{"floor":49,"key":"RECALL"},{"data":"Devotion","floor":53,"key":"SMITH"}],"circlet_count":0,"master_deck":["AscendersBane","Eruption+1","Vigilance","Sanctity+1","BattleHymn+1","Establishment+1","Crescendo","EmptyFist+1","CrushJoints+1","DeceiveReality","EmptyBody","CutThroughFate","Scrawl","FlurryOfBlows","ClearTheMind","Ghostly","Ghostly","Ghostly","FlurryOfBlows","ThirdEye","Tantrum","Adaptation+1","Tantrum+1","CutThroughFate+1","Nirvana+1","TalkToTheHand+1","Omniscience","EmptyBody","Scrawl","Halt","FearNoEvil+1","Perseverance","Devotion+1","ThirdEye+1","Parasite","InnerPeace","LikeWater","ThirdEye"],"relics":["Astrolabe","Golden Idol","Potion Belt","CeramicFish","Orichalcum","Membership Card","Incense Burner","Whetstone","VioletLotus","Darkstone Periapt","StrikeDummy","Molten Egg 2","Enchiridion","TungstenRod","Vajra","Empty Cage","Turnip","The Courier","WarpedTongs","Juzu Bracelet","Lee\u0027s Waffle","Ornamental Fan","Akabeko","Bag of Preparation","White Beast Statue","Toy Ornithopter"],"acts_visited":["Exordium","TheCity","TheBeyond","TheEnding"],"potions_floor_usage":[48,50,51,56,56,56,56,56,56,56],"damage_taken":[{"damage":2.0,"enemies":"2 Louse","floor":1.0,"turns":4.0},{"damage":0.0,"enemies":"Jaw Worm","floor":2.0,"turns":3.0},{"damage":0.0,"enemies":"Cultist","floor":5.0,"turns":3.0},{"damage":15.0,"enemies":"3 Sentries","floor":6.0,"turns":6.0},{"damage":0.0,"enemies":"Lagavulin","floor":10.0,"turns":4.0},{"damage":10.0,"enemies":"Gremlin Nob","floor":12.0,"turns":3.0},{"damage":0.0,"enemies":"Blue Slaver","floor":13.0,"turns":3.0},{"damage":2.0,"enemies":"3 Sentries","floor":14.0,"turns":5.0},{"damage":0.0,"enemies":"Slime Boss","floor":16.0,"turns":9.0},{"damage":1.0,"enemies":"Spheric Guardian","floor":18.0,"turns":3.0},{"damage":0.0,"enemies":"Chosen","floor":19.0,"turns":5.0},{"damage":0.0,"enemies":"Centurion and Healer","floor":20.0,"turns":4.0},{"damage":0.0,"enemies":"Sentry and Sphere","floor":22.0,"turns":5.0},{"damage":1.0,"enemies":"Gremlin Leader","floor":23.0,"turns":6.0},{"damage":0.0,"enemies":"3 Cultists","floor":24.0,"turns":7.0},{"damage":0.0,"enemies":"Book of Stabbing","floor":25.0,"turns":6.0},{"damage":0.0,"enemies":"Slavers","floor":30.0,"turns":6.0},{"damage":3.0,"enemies":"Snecko","floor":31.0,"turns":7.0},{"damage":0.0,"enemies":"Automaton","floor":33.0,"turns":8.0},{"damage":0.0,"enemies":"Orb Walker","floor":35.0,"turns":2.0},{"damage":7.0,"enemies":"3 Shapes","floor":38.0,"turns":5.0},{"damage":0.0,"enemies":"Sphere and 2 Shapes","floor":39.0,"turns":4.0},{"damage":0.0,"enemies":"Giant Head","floor":40.0,"turns":7.0},{"damage":8.0,"enemies":"Jaw Worm Horde","floor":41.0,"turns":5.0},{"damage":0.0,"enemies":"3 Darklings","floor":42.0,"turns":9.0},{"damage":0.0,"enemies":"Nemesis","floor":45.0,"turns":6.0},{"damage":9.0,"enemies":"Reptomancer","floor":47.0,"turns":5.0},{"damage":0,"enemies":"Writhing Mass","floor":48,"turns":4},{"damage":0,"enemies":"Donu and Deca","floor":50,"turns":6},{"damage":9,"enemies":"Time Eater","floor":51,"turns":9},{"damage":0,"enemies":"Shield and Spear","floor":55,"turns":6},{"damage":5,"enemies":"The Heart","floor":56,"turns":10}],"seed_played":"393948491454781461","potions_obtained":[{"floor":1.0,"key":"Swift Potion"},{"floor":12.0,"key":"Swift Potion"},{"floor":13.0,"key":"Swift Potion"},{"floor":14.0,"key":"Energy Potion"},{"floor":16.0,"key":"Regen Potion"},{"floor":22.0,"key":"Ancient Potion"},{"floor":24.0,"key":"Weak Potion"},{"floor":25.0,"key":"Weak Potion"},{"floor":31.0,"key":"DuplicationPotion"},{"floor":35.0,"key":"FearPotion"},{"floor":41.0,"key":"LiquidMemories"},{"floor":42.0,"key":"Explosive Potion"},{"floor":48,"key":"SkillPotion"}],"is_trial":false,"path_per_floor":["M","M","$","?","M","E","R","?","T","E","$","E","M","E","R","B",null,"M","M","M","?","M","E","M","E","T","R","?","$","E","M","R","B",null,"M","?","?","M","M","E","M","M","T","?","E","?","E","M","R","B","B",null,"R","$","E","B",null],"character_chosen":"WATCHER","items_purchased":["Membership Card","TungstenRod","Tantrum+1","Fruit Juice","CutThroughFate+1","Lee\u0027s Waffle","EntropicBrew","Energy Potion","Dexterity Potion","Ancient Potion","Ornamental Fan","LikeWater","ThirdEye","Akabeko","Bag of Preparation","White Beast Statue"],"campfire_rested":0,"item_purchase_floors":[11,29,29,29,29,54,54,54,54,54,54,54,54,54,54,54],"current_hp_per_floor":[59,59,59,59,59,44,44,38,38,38,38,28,28,26,26,26,53,52,52,52,31,31,30,30,30,30,30,9,14,29,26,26,26,34,34,34,34,27,27,27,19,19,19,19,19,25,16,22,22,22,13,39,39,55,55,55],"gold":64,"neow_bonus":"BOSS_RELIC","is_daily":false,"chose_seed":false,"campfire_upgraded":5,"win_rate":0.0,"timestamp":1613536893,"path_taken":["M","M","$","?","M","E","R","?","T","E","$","E","?","E","R","BOSS","M","M","M","?","M","E","M","E","T","R","?","$","E","M","R","BOSS","M","?","?","?","M","E","M","M","T","?","E","?","E","M","R","BOSS","BOSS","R","$","E","BOSS"],"items_purchased_type":["Relic","Relic","Card","Potion","Card","Relic","Potion","Potion","Potion","Potion","Relic","Card","Card","Relic","Relic","Relic"],"build_version":"2020-12-22","purchased_purges":4,"victory":true,"max_hp_per_floor":[68,68,68,62,62,62,62,62,62,62,62,62,62,62,62,62,62,62,62,62,31,31,31,31,31,31,31,31,36,36,36,36,36,36,36,36,36,36,36,36,36,36,36,36,36,42,42,48,48,48,48,48,48,55,55,55],"relic_stats":{"Darkstone Periapt":12,"Lee\u0027s Waffle":16,"counters":[32,175],"Golden Idol":233,"Astrolabe":["Sanctity","BattleHymn","Establishment"],"CeramicFish":270,"Juzu Bracelet":0,"Bag of Preparation":[4],"Whetstone":["CrushJoints","EmptyFist"],"Orichalcum":[186],"WarpedTongs":[40],"Ornamental Fan":[72],"VioletLotus":[49],"Turnip":[4],"obtain_stats":[{"Darkstone Periapt":23,"CeramicFish":9,"Enchiridion":28,"Vajra":30,"Incense Burner":12,"Juzu Bracelet":47,"Bag of Preparation":54,"Whetstone":14,"Empty Cage":34,"VioletLotus":17,"Potion Belt":6,"Lee\u0027s Waffle":54,"Golden Idol":4,"Astrolabe":0,"The Courier":45,"Orichalcum":10,"Akabeko":54,"White Beast Statue":54,"WarpedTongs":46,"Ornamental Fan":54,"Molten Egg 2":26,"Turnip":40,"Membership Card":11,"PureWater":0,"StrikeDummy":25,"TungstenRod":29,"Toy Ornithopter":55},{"Darkstone Periapt":14,"CeramicFish":4,"Enchiridion":16,"Vajra":17,"Incense Burner":6,"Juzu Bracelet":27,"Bag of Preparation":30,"Whetstone":8,"Empty Cage":19,"VioletLotus":9,"Potion Belt":4,"Lee\u0027s Waffle":30,"Golden Idol":2,"Astrolabe":0,"The Courier":26,"Orichalcum":5,"Akabeko":30,"White Beast Statue":30,"WarpedTongs":26,"Ornamental Fan":30,"Molten Egg 2":16,"Turnip":23,"Membership Card":5,"PureWater":0,"StrikeDummy":16,"TungstenRod":16,"Toy Ornithopter":31},{"Darkstone Periapt":63,"CeramicFish":16,"Enchiridion":76,"Vajra":82,"Incense Burner":23,"Juzu Bracelet":140,"Bag of Preparation":159,"Whetstone":31,"Empty Cage":97,"VioletLotus":40,"Potion Belt":16,"Lee\u0027s Waffle":159,"Golden Idol":7,"Astrolabe":0,"The Courier":135,"Orichalcum":20,"Akabeko":159,"White Beast Statue":159,"WarpedTongs":135,"Ornamental Fan":159,"Molten Egg 2":76,"Turnip":115,"Membership Card":20,"PureWater":0,"StrikeDummy":76,"TungstenRod":76,"Toy Ornithopter":165}],"TungstenRod":51,"Toy Ornithopter":5},"card_choices":[{"not_picked":["SignatureMove","Study"],"picked":"Crescendo","floor":1.0},{"not_picked":["Nirvana","Halt"],"picked":"EmptyFist","floor":2.0},{"not_picked":["Crescendo","JustLucky"],"picked":"ThirdEye","floor":5.0},{"not_picked":["Vengeance","Evaluate"],"picked":"CrushJoints","floor":6.0},{"not_picked":["BattleHymn","WreathOfFlame","Crescendo"],"picked":"SKIP","floor":10.0},{"not_picked":["Weave","BowlingBash"],"picked":"DeceiveReality","floor":12.0},{"not_picked":["Consecrate","CarveReality"],"picked":"EmptyBody","floor":13.0},{"not_picked":["Prostrate","FlyingSleeves"],"picked":"CutThroughFate","floor":14.0},{"not_picked":["ConjureBlade","Brilliance"],"picked":"Scrawl","floor":16.0},{"not_picked":["LikeWater+1","CutThroughFate"],"picked":"FlurryOfBlows","floor":18.0},{"not_picked":["ReachHeaven","WaveOfTheHand"],"picked":"ClearTheMind","floor":19.0},{"not_picked":["EmptyFist","Prostrate","ConjureBlade"],"picked":"SKIP","floor":20.0},{"not_picked":["EmptyBody","Conclude"],"picked":"FlurryOfBlows","floor":22.0},{"not_picked":["Evaluate","Prostrate"],"picked":"ThirdEye","floor":23.0},{"not_picked":["ClearTheMind+1","EmptyFist"],"picked":"Tantrum","floor":24.0},{"not_picked":["SashWhip+1","SignatureMove"],"picked":"Adaptation","floor":25.0},{"not_picked":["Protect","Study"],"picked":"Nirvana","floor":30.0},{"not_picked":["Meditate","ForeignInfluence"],"picked":"TalkToTheHand+1","floor":31.0},{"not_picked":["Establishment","DevaForm"],"picked":"Omniscience","floor":33.0},{"not_picked":["DeceiveReality","SashWhip+1"],"picked":"EmptyBody","floor":35.0},{"not_picked":["WreathOfFlame","ReachHeaven+1"],"picked":"Halt","floor":38.0},{"not_picked":["Perseverance","Collect"],"picked":"FearNoEvil+1","floor":39.0},{"not_picked":["FollowUp+1","Evaluate","Protect"],"picked":"SKIP","floor":40.0},{"not_picked":["WreathOfFlame","ConjureBlade","FlurryOfBlows+1"],"picked":"SKIP","floor":41.0},{"not_picked":["BowlingBash+1","FollowUp+1"],"picked":"Perseverance","floor":42.0},{"not_picked":["CarveReality+1","SashWhip+1"],"picked":"Devotion","floor":45.0},{"not_picked":["EmptyBody","Fasting2"],"picked":"ThirdEye+1","floor":47.0},{"not_picked":["FlurryOfBlows+1","ClearTheMind"],"picked":"InnerPeace","floor":48},{"not_picked":["PathToVictory","FlurryOfBlows+1","CutThroughFate+1"],"picked":"SKIP","floor":55}],"player_experience":2772173,"relics_obtained":[{"floor":6.0,"key":"Potion Belt"},{"floor":9.0,"key":"CeramicFish"},{"floor":10.0,"key":"Orichalcum"},{"floor":12.0,"key":"Incense Burner"},{"floor":14.0,"key":"Whetstone"},{"floor":23.0,"key":"Darkstone Periapt"},{"floor":25.0,"key":"StrikeDummy"},{"floor":26.0,"key":"Molten Egg 2"},{"floor":28.0,"key":"Enchiridion"},{"floor":30.0,"key":"Vajra"},{"floor":40.0,"key":"Turnip"},{"floor":45.0,"key":"The Courier"},{"floor":47.0,"key":"Juzu Bracelet"},{"floor":55,"key":"Toy Ornithopter"}],"event_choices":[{"damage_healed":0.0,"max_hp_gain":0.0,"max_hp_loss":6.0,"gold_gain":0.0,"event_name":"Golden Idol","player_choice":"Lose Max HP","floor":4.0,"gold_loss":0.0,"damage_taken":0.0,"relics_obtained":["Golden Idol"]},{"damage_healed":0.0,"max_hp_gain":0.0,"max_hp_loss":0.0,"gold_gain":50.0,"event_name":"FaceTrader","player_choice":"Touch","floor":8.0,"gold_loss":0.0,"damage_taken":6.0},{"damage_healed":0.0,"max_hp_gain":0.0,"max_hp_loss":31.0,"gold_gain":0.0,"event_name":"Ghosts","player_choice":"Became a Ghost","floor":21.0,"gold_loss":0.0,"damage_taken":0.0,"cards_obtained":["Ghostly","Ghostly","Ghostly"]},{"damage_healed":0.0,"max_hp_gain":0.0,"max_hp_loss":0.0,"gold_gain":0.0,"event_name":"Cursed Tome","player_choice":"Obtained Book","floor":28.0,"gold_loss":0.0,"damage_taken":21.0},{"damage_healed":0.0,"max_hp_gain":0.0,"max_hp_loss":0.0,"gold_gain":0.0,"event_name":"Tomb of Lord Red Mask","player_choice":"Ignored","floor":36.0,"gold_loss":0.0,"damage_taken":0.0},{"damage_healed":0.0,"max_hp_gain":0.0,"max_hp_loss":0.0,"gold_gain":0.0,"event_name":"Match and Keep!","player_choice":"1 cards matched","floor":37.0,"gold_loss":0.0,"damage_taken":0.0,"cards_obtained":["Scrawl"]},{"cards_removed":["ThirdEye"],"damage_healed":0.0,"max_hp_gain":0.0,"max_hp_loss":0.0,"gold_gain":0.0,"event_name":"Falling","player_choice":"Removed Skill","floor":44.0,"gold_loss":0.0,"damage_taken":0.0},{"damage_healed":0.0,"max_hp_gain":0.0,"max_hp_loss":0.0,"gold_gain":0.0,"event_name":"Accursed Blacksmith","player_choice":"Rummage","floor":46.0,"gold_loss":0.0,"damage_taken":0.0,"relics_obtained":["WarpedTongs"],"cards_obtained":["Pain"]}],"is_beta":false,"boss_relics":[{"not_picked":["Ectoplasm","Calling Bell"],"picked":"VioletLotus"},{"not_picked":["Pandora\u0027s Box","Velvet Choker"],"picked":"Empty Cage"}],"items_purged_floors":[3,11,29,54],"is_endless":false,"potions_floor_spawned":[1,12,13,14,16,22,24,25,31,35,41,42,48,55],"ascension_level":20}}