{"host":"awrw1gk2acwismlg","time":1613539710,"event":{"mods":["ATMod(°¢èªMod)","Aspiration","BaseMod","Bestiary","Bossed Relics","Challenge The Spire","Conspire","Downfall","Energized Spire","Hermit","Hubris","Jedi Mod","Lobotomy","Marked Mod","Minty Spire (QoL Compilation)","Morshu Shopkeeper","Morshu Shopkeeper - ENHANCED","Quarter Circle Forward PUNCH!","Reliquary","Remilia_Scarlet Moed£¨ÀÙÃ×ÀòÑÇ¡¤Ë¹¿¨À×ÌØ£©3.3.5","Replay The Spire","SIMod","Shop Mod","Small Relic Pack","StSLib","The Bug Knight","The Cursed","Warlord Emblem","Wide Potions","Yakumo Yukari mod","¡¾ÒÅÎï¿¨ÅÆ¡¿REMEMod","óô»ðÖ¸ÄÏ"],"gold_per_floor":[117,117,132,144,144,144,144,144,144,69,102,102,102,112,112,210,210,224,235,135,135,148,148,148,148,148,164,199,199,210,244,244,343,293,311,23,37,54,54,54,85,85,85,85,85,120,120,131,131,131,131,131,53,78,78,78],"floor_reached":55,"language":"ZHS","playtime":2975,"items_purged":["Regret","Defend_P"],"score":1085,"play_id":"7b4d652c-99d9-4054-a196-f3749190df95","local_time":"20210217132830","is_ascension_mode":true,"campfire_choices":[{"data":"Demon Form","floor":6.0,"key":"SMITH"},{"data":"AT_ChampionKick","floor":8.0,"key":"SMITH"},{"data":"AT_ChampionStep","floor":13.0,"key":"SMITH"},{"data":"Vengeance","floor":15.0,"key":"SMITH"},{"data":"CutThroughFate","floor":23.0,"key":"SMITH"},{"floor":29.0,"key":"REST"},{"floor":32.0,"key":"REST"},{"data":"Replay:Hum","floor":40.0,"key":"SMITH"},{"data":"CutThroughFate","floor":42.0,"key":"SMITH"},{"floor":47.0,"key":"RECALL"},{"data":"EmptyFist","floor":49,"key":"SMITH"},{"data":"Strike_P","floor":52,"key":"SMITH"}],"circlet_count":0,"master_deck":["Strike_P+1","Strike_P+1","Strike_P","Strike_P+1","Defend_P","Defend_P","Defend_P+1","Eruption+1","Vigilance+1","AT_ChampionKick+1","Demon Form+1","AT_ChampionStep+1","Vengeance+1","Replay:Hum+1","CutThroughFate+1","EmptyFist+1","LessonLearned+1","Strike_P","InnerPeace","EmptyMind+1","AT_ChampionStep"],"relics":["PureWater","REME_ComplimentaryCards","AT_ATBox","Replay:Ringing Soul","qcfpunch:Black_Training_Shirt","hubris:Towel","Omamori","Onion Ring","hubris:CrackedHourglass","MarkOfWind","Bottled Tornado","Bag of Preparation","Chameleon Ring","energizedSpire:HugeHouse","aspiration:KaomsHeart"],"acts_visited":["Exordium","TheCity","TheBeyond","TheEnding"],"potions_floor_usage":[49,55],"damage_taken":[{"damage":1.0,"enemies":"2 Louse","floor":1.0,"turns":4.0},{"damage":6.0,"enemies":"Cultist","floor":3.0,"turns":3.0},{"damage":8.0,"enemies":"Small Slimes","floor":4.0,"turns":3.0},{"damage":6.0,"enemies":"HollowMod:MossKnight","floor":11.0,"turns":3.0},{"damage":3.0,"enemies":"Gremlin Gang","floor":14.0,"turns":3.0},{"damage":0.0,"enemies":"Slime Boss","floor":16.0,"turns":3.0},{"damage":20.0,"enemies":"2 Thieves","floor":18.0,"turns":2.0},{"damage":10.0,"enemies":"Spheric Guardian","floor":19.0,"turns":3.0},{"damage":8.0,"enemies":"conspire:HollyBat","floor":22.0,"turns":5.0},{"damage":10.0,"enemies":"Cultist and Chosen","floor":27.0,"turns":3.0},{"damage":49.0,"enemies":"conspire:SneckoGhost","floor":28.0,"turns":4.0},{"damage":13.0,"enemies":"3 Cultists","floor":30.0,"turns":3.0},{"damage":18.0,"enemies":"Gremlin Leader","floor":31.0,"turns":2.0},{"damage":12.0,"enemies":"Pondfish","floor":33.0,"turns":4.0},{"damage":17.0,"enemies":"3 Shapes","floor":35.0,"turns":3.0},{"damage":28.0,"enemies":"3 Darklings","floor":37.0,"turns":3.0},{"damage":42.0,"enemies":"Spire Growth","floor":38.0,"turns":3.0},{"damage":65.0,"enemies":"Nemesis","floor":41.0,"turns":5.0},{"damage":18.0,"enemies":"Reptomancer","floor":46.0,"turns":3.0},{"damage":0.0,"enemies":"Jaw Worm Horde","floor":48.0,"turns":2.0},{"damage":94,"enemies":"Time Eater","floor":50,"turns":6},{"damage":101,"enemies":"Shield and Spear","floor":54,"turns":5},{"damage":102,"enemies":"The Heart","floor":55,"turns":3}],"seed_played":"6247813356261021662","potions_obtained":[{"floor":1.0,"key":"Fire Potion"},{"floor":11.0,"key":"champ:CounterPotion"},{"floor":19.0,"key":"REME_GoldPotion"},{"floor":27.0,"key":"EntropicBrew"},{"floor":30.0,"key":"jedi:StrikingPotion"},{"floor":35.0,"key":"SpeedPotion"},{"floor":41.0,"key":"Flashbang"},{"floor":48.0,"key":"REME_GoldPotion"}],"is_trial":false,"path_per_floor":["M","?","M","M","?","R","?","R","T","$","E","?","R","M","R","B",null,"M","M","$","?","M","R","?","?","T","M","E","R","M","E","R","B",null,"M","$","M","M","?","R","E","R","T","?","?","E","R","M","R","B",null,"R","$","E","B"],"character_chosen":"WATCHER","items_purchased":["aspiration:KaomsHeart","AT_ChampionStep","aspiration:KMNothing","aspiration:KMNothing","aspiration:KMNothing"],"campfire_rested":2,"item_purchase_floors":[36,53,53,53,53],"current_hp_per_floor":[71,71,65,60,63,63,63,63,63,63,57,41,41,41,41,41,81,64,54,54,82,74,74,74,74,74,67,18,44,34,16,43,34,91,74,174,149,107,107,107,42,42,42,42,194,176,176,176,176,82,194,194,197,96,0,0],"gold":78,"neow_bonus":"RANDOM_EVENT","is_daily":false,"chose_seed":false,"campfire_upgraded":9,"win_rate":0.0,"timestamp":1613539710,"path_taken":["M","?","M","?","?","R","?","R","T","$","E","?","R","M","R","BOSS","M","M","$","?","?","R","?","?","T","M","E","R","M","E","R","BOSS","M","$","M","M","?","R","E","R","T","?","?","E","R","M","R","BOSS","R","$","E","BOSS"],"items_purchased_type":["Relic","Card","Relic","Relic","Relic"],"build_version":"2020-12-22","purchased_purges":2,"victory":false,"max_hp_per_floor":[72,72,72,75,78,78,78,78,78,78,78,78,78,81,81,81,81,84,84,84,84,84,84,84,84,84,87,87,87,90,90,90,93,91,91,191,194,194,194,194,194,194,194,194,194,194,194,194,194,194,194,194,197,197,197,197],"card_choices":[{"not_picked":["Prostrate","MarkedMod:GentlePulse"],"picked":"AT_ChampionStep","floor":1.0},{"not_picked":["Adaptation","PathToVictory","JustLucky"],"picked":"SKIP","floor":3.0},{"not_picked":["Swivel","ClearTheMind"],"picked":"CutThroughFate","floor":4.0},{"not_picked":["FlyingSleeves","Evaluate","FollowUp"],"picked":"SKIP","floor":11.0},{"not_picked":["Meditate","AT_DivineConfetti"],"picked":"Vengeance","floor":14.0},{"not_picked":["Consecrate","Replay:ManipulateFuture"],"picked":"Replay:Hum","floor":18.0},{"not_picked":["Crescendo","Wallop","MarkedMod:GentlePulse"],"picked":"SKIP","floor":19.0},{"not_picked":["CrushJoints+1","Evaluate","ReachHeaven"],"picked":"SKIP","floor":22.0},{"not_picked":["Consecrate","AT_SoftenMuscles"],"picked":"CutThroughFate","floor":27.0},{"not_picked":["FollowUp+1","AT_DivineConfetti","SashWhip"],"picked":"SKIP","floor":28.0},{"not_picked":["ClearTheMind","CutThroughFate"],"picked":"EmptyFist","floor":30.0},{"not_picked":["AT_RealFormLess","MarkedMod:GracefulMovements","AT_OneInchPunch"],"picked":"SKIP","floor":31.0},{"not_picked":["ConjureBlade","Alpha"],"picked":"LessonLearned","floor":33.0},{"not_picked":["Collect","MarkedMod:GentlePulse+1","REME_Repentance+1"],"picked":"SKIP","floor":35.0},{"not_picked":["JustLucky","REME_Repentance+1"],"picked":"EmptyMind+1","floor":37.0},{"not_picked":["Replay:BluntJabs+1","REME_Repentance","Halt+1"],"picked":"SKIP","floor":38.0},{"not_picked":["SashWhip","Replay:Battleflow","Replay:Hum+1"],"picked":"SKIP","floor":41.0},{"not_picked":["Judgement","Nirvana","ThirdEye"],"picked":"SKIP","floor":46.0},{"not_picked":["CutThroughFate+1","Replay:Anticipation","CarveReality"],"picked":"SKIP","floor":48.0},{"not_picked":["LikeWater","CrushJoints","BowlingBash"],"picked":"SKIP","floor":54}],"player_experience":126331,"relics_obtained":[{"floor":9.0,"key":"Omamori"},{"floor":11.0,"key":"Onion Ring"},{"floor":26.0,"key":"Bottled Tornado"},{"floor":28.0,"key":"Bag of Preparation"},{"floor":31.0,"key":"Chameleon Ring"},{"floor":41.0,"key":"aspiration:KMNothing"},{"floor":46.0,"key":"aspiration:KMNothing"},{"floor":54,"key":"aspiration:KMNothing"}],"event_choices":[{"damage_healed":0.0,"max_hp_gain":0.0,"max_hp_loss":0.0,"gold_gain":0.0,"event_name":"WeMeetAgain","player_choice":"Gave Potion","floor":2.0,"gold_loss":0.0,"damage_taken":0.0,"relics_obtained":["Replay:Ringing Soul"]},{"damage_healed":0.0,"max_hp_gain":0.0,"max_hp_loss":0.0,"gold_gain":0.0,"event_name":"Big Fish","player_choice":"Box","floor":5.0,"gold_loss":0.0,"damage_taken":0.0,"relics_obtained":["qcfpunch:Black_Training_Shirt"],"cards_obtained":["Regret"]},{"damage_healed":0.0,"max_hp_gain":0.0,"max_hp_loss":0.0,"gold_gain":0.0,"event_name":"Shining Light","player_choice":"Entered Light","floor":12.0,"gold_loss":0.0,"damage_taken":16.0,"cards_upgraded":["Strike_P","Strike_P"]},{"damage_healed":28.0,"max_hp_gain":0.0,"max_hp_loss":0.0,"gold_gain":0.0,"event_name":"The Library","player_choice":"Heal","floor":21.0,"gold_loss":0.0,"damage_taken":0.0},{"damage_healed":152.0,"max_hp_gain":0.0,"max_hp_loss":0.0,"gold_gain":0.0,"event_name":"Wheel of Change","player_choice":"Full Heal","floor":45.0,"gold_loss":0.0,"damage_taken":0.0}],"is_beta":false,"boss_relics":[{"not_picked":["Runic Dome","aspiration:IroncladSkillbook"],"picked":"hubris:CrackedHourglass"},{"not_picked":["ReplayTheSpireMod:DimensionalGlitch","qcfpunch:Crimson_Sash"],"picked":"energizedSpire:HugeHouse"}],"items_purged_floors":[10,20],"is_endless":false,"potions_floor_spawned":[1,11,19,27,30,33,35,41,48],"killed_by":"The Heart","ascension_level":1}}