{"host":"Tylorde","time":1613604620,"event":{"mods":["BaseMod","Minty Spire (QoL Compilation)","Weighted Paths"],"gold_per_floor":[110,110,130,140,155,155,185,185,232,232,257,257,272,347,347,347,347],"floor_reached":16,"language":"ENG","playtime":754,"items_purged":[],"score":187,"play_id":"23f5d4ba-9a46-40d2-bca0-9a0ad72f4a72","local_time":"20210217153020","is_ascension_mode":true,"campfire_choices":[{"data":"Bash","floor":6.0,"key":"SMITH"},{"data":"True Grit","floor":8.0,"key":"SMITH"},{"data":"Clothesline","floor":10.0,"key":"SMITH"},{"data":"Shockwave","floor":12.0,"key":"SMITH"},{"floor":15,"key":"REST"}],"circlet_count":0,"master_deck":["AscendersBane","Strike_R","Strike_R","Strike_R","Strike_R","Defend_R","Defend_R","Defend_R","Defend_R","Bash+1","Clothesline+1","Twin Strike","Shockwave+1","Spot Weakness","True Grit+1","Pommel Strike","Pummel"],"relics":["Philosopher\u0027s Stone","Letter Opener","Happy Flower","Akabeko"],"acts_visited":["Exordium"],"potions_floor_usage":[16,16],"damage_taken":[{"damage":4.0,"enemies":"Small Slimes","floor":1.0,"turns":3.0},{"damage":0.0,"enemies":"Cultist","floor":3.0,"turns":3.0},{"damage":2.0,"enemies":"2 Louse","floor":4.0,"turns":2.0},{"damage":13.0,"enemies":"Lots of Slimes","floor":5.0,"turns":3.0},{"damage":20.0,"enemies":"Lagavulin","floor":7.0,"turns":5.0},{"damage":1.0,"enemies":"Gremlin Nob","floor":11.0,"turns":3.0},{"damage":4.0,"enemies":"Looter","floor":13.0,"turns":2.0},{"damage":36,"enemies":"The Guardian","floor":16,"turns":12}],"seed_played":"7720721691157368619","potions_obtained":[{"floor":5.0,"key":"Strength Potion"},{"floor":7.0,"key":"BlessingOfTheForge"},{"floor":13.0,"key":"Energy Potion"}],"is_trial":false,"path_per_floor":["M","?","M","M","M","R","E","R","T","R","E","R","M","?","R","B"],"character_chosen":"IRONCLAD","items_purchased":[],"campfire_rested":1,"item_purchase_floors":[],"current_hp_per_floor":[64,64,64,62,49,49,29,29,29,29,28,28,24,13,35,0,0],"gold":347,"neow_bonus":"BOSS_RELIC","is_daily":false,"chose_seed":false,"campfire_upgraded":4,"win_rate":0.0,"timestamp":1613604620,"path_taken":["M","?","M","M","M","R","E","R","T","R","E","R","?","?","R","BOSS"],"items_purchased_type":[],"build_version":"2020-12-18","purchased_purges":0,"victory":false,"max_hp_per_floor":[75,75,75,75,75,75,75,75,75,75,75,75,75,75,75,75,75],"card_choices":[{"not_picked":["True Grit","Dropkick"],"picked":"Clothesline","floor":1.0},{"not_picked":["Iron Wave","Dark Embrace"],"picked":"Twin Strike","floor":3.0},{"not_picked":["Body Slam","Pommel Strike"],"picked":"Shockwave","floor":4.0},{"not_picked":["Iron Wave","Body Slam"],"picked":"Spot Weakness","floor":5.0},{"not_picked":["Spot Weakness","Corruption"],"picked":"True Grit","floor":7.0},{"not_picked":["Body Slam","Entrench"],"picked":"Pommel Strike","floor":11.0},{"not_picked":["Entrench","Searing Blow"],"picked":"Pummel","floor":13.0}],"player_experience":876863,"relics_obtained":[{"floor":7.0,"key":"Letter Opener"},{"floor":9.0,"key":"Happy Flower"},{"floor":11.0,"key":"Akabeko"}],"event_choices":[{"cards_removed":["Strike_R"],"damage_healed":0.0,"max_hp_gain":0.0,"max_hp_loss":0.0,"gold_gain":0.0,"event_name":"Bonfire Elementals","player_choice":"Offered Basic","floor":2.0,"gold_loss":0.0,"damage_taken":0.0},{"damage_healed":0.0,"max_hp_gain":0.0,"max_hp_loss":0.0,"gold_gain":75.0,"event_name":"World of Goop","player_choice":"Gather Gold","floor":14.0,"gold_loss":0.0,"damage_taken":11.0}],"is_beta":true,"boss_relics":[],"items_purged_floors":[],"is_endless":false,"potions_floor_spawned":[5,7,13],"killed_by":"The Guardian","ascension_level":14}}