{"host":"1dkd4flhdqbv9eyg","time":1613602516,"event":{"mods":["AchievementEnabler","BaseMod","Better Note","Evolution","Gold Saver","Minty Spire (QoL Compilation)","Spicy Shops","StSLib"],"gold_per_floor":[1015,590,590,590,607,638,638,54,135,168,183,212,212,232,232,332,332,347,42,42,60,71,71,71,71,95,115,115,115,125,50,50,147,147,160,180,180,90,107,107,31,56,127,139,155,167,219,219,219,219,219,219,67,98,98,98],"floor_reached":55,"language":"ENG","playtime":5194,"items_purged":[],"score":890,"play_id":"c4c85290-578d-43d9-a0bc-846d0fe24843","local_time":"20210217145516","is_ascension_mode":false,"campfire_choices":[{"data":"JustLucky","floor":7,"key":"SMITH"},{"floor":15,"key":"RECALL"},{"data":"ForeignInfluence","floor":24,"key":"SMITH"},{"floor":29,"key":"REST"},{"data":"Devotion","floor":32,"key":"SMITH"},{"floor":40,"key":"DIG"},{"floor":49,"key":"REST"},{"floor":52,"key":"DIG"}],"circlet_count":0,"master_deck":["SashWhip+1","FlyingSleeves","SashWhip+1","FlyingSleeves","Evaluate","Defend_P","Defend_P+1","Defend_P","Eruption+1","Vigilance","FollowUp","BowlingBash","Prostrate","Violence","JustLucky+1","Finesse+1","Devotion","Prostrate","Prostrate","ThirdEye","CurseOfTheBell","CrushJoints","FollowUp","MentalFortress","CutThroughFate","ForeignInfluence+1","Devotion+1","CutThroughFate","WindmillStrike+1","Study+1","FearNoEvil","ReachHeaven+1","Weave+1"],"relics":["PureWater","EVO:Axolotl","Bag of Preparation","Bird Faced Urn","Damaru","Sling","Pen Nib","Bottled Lightning","Shovel","Calling Bell","Toy Ornithopter","Gremlin Horn","Mango","Happy Flower","Nloth\u0027s Gift","FaceOfCleric","Oddly Smooth Stone","HornCleat","SlaversCollar","Potion Belt","TungstenRod","Pear","Art of War","Mummified Hand","Medical Kit","White Beast Statue"],"acts_visited":["Exordium","TheCity","TheBeyond","TheEnding"],"potions_floor_usage":[16,22,50,54,54,55],"damage_taken":[{"damage":0,"enemies":"Cultist","floor":1,"turns":3},{"damage":0,"enemies":"Jaw Worm","floor":5,"turns":1},{"damage":11,"enemies":"Lagavulin","floor":6,"turns":3},{"damage":0,"enemies":"Gremlin Nob","floor":10,"turns":1},{"damage":0,"enemies":"2 Louse","floor":11,"turns":1},{"damage":8,"enemies":"3 Sentries","floor":12,"turns":2},{"damage":0,"enemies":"Red Slaver","floor":14,"turns":2},{"damage":0,"enemies":"Slime Boss","floor":16,"turns":8},{"damage":0,"enemies":"Chosen","floor":18,"turns":4},{"damage":28,"enemies":"3 Byrds","floor":21,"turns":4},{"damage":15,"enemies":"Sentry and Sphere","floor":22,"turns":4},{"damage":0,"enemies":"Snake Plant","floor":27,"turns":2},{"damage":0,"enemies":"Centurion and Healer","floor":30,"turns":3},{"damage":16,"enemies":"Automaton","floor":33,"turns":6},{"damage":2,"enemies":"3 Shapes","floor":35,"turns":3},{"damage":0,"enemies":"Orb Walker","floor":36,"turns":3},{"damage":5,"enemies":"Jaw Worm Horde","floor":39,"turns":3},{"damage":0,"enemies":"Reptomancer","floor":42,"turns":2},{"damage":13,"enemies":"Spire Growth","floor":44,"turns":4},{"damage":0,"enemies":"3 Darklings","floor":45,"turns":2},{"damage":33,"enemies":"Writhing Mass","floor":46,"turns":3},{"damage":15,"enemies":"Donu and Deca","floor":50,"turns":6},{"damage":32,"enemies":"Shield and Spear","floor":54,"turns":4},{"damage":92,"enemies":"The Heart","floor":55,"turns":6}],"seed_played":"-8135280459670637870","potions_obtained":[{"floor":10,"key":"Explosive Potion"},{"floor":11,"key":"Fire Potion"},{"floor":12,"key":"Fire Potion"},{"floor":14,"key":"ColorlessPotion"},{"floor":16,"key":"SkillPotion"},{"floor":22,"key":"Swift Potion"},{"floor":27,"key":"Energy Potion"},{"floor":36,"key":"ColorlessPotion"},{"floor":44,"key":"SpeedPotion"},{"floor":46,"key":"Weak Potion"}],"is_trial":false,"path_per_floor":["M","$","?","T","M","E","R","$","T","E","M","E","?","M","R","B",null,"M","$","?","M","M","?","R","?","T","M","T","R","M","$","R","B",null,"M","M","?","?","M","R","$","E","T","M","M","M","T","?","R","B",null,"R","$","E","B"],"character_chosen":"WATCHER","items_purchased":["BowlingBash","Prostrate","Bag of Preparation","Violence","Damaru","Sling","Pen Nib","Finesse","Happy Flower","FollowUp","MentalFortress","SignatureMove","FearNoEvil","Medical Kit"],"campfire_rested":2,"item_purchase_floors":[2,2,2,2,8,8,8,8,19,19,19,31,41,53],"current_hp_per_floor":[72,72,72,72,72,61,61,61,61,61,61,53,72,72,72,72,86,86,86,86,58,52,52,52,52,52,57,57,83,88,88,88,73,89,88,91,91,91,89,89,89,93,103,91,96,72,72,72,103,96,107,107,107,78,0,0],"gold":98,"neow_bonus":"UPGRADE_CARD","is_daily":false,"chose_seed":false,"campfire_upgraded":3,"win_rate":0.0,"timestamp":1613602516,"path_taken":["M","$","?","?","M","E","R","$","T","E","M","E","?","M","R","BOSS","M","$","?","M","M","?","R","?","T","?","?","R","M","?","R","BOSS","M","M","?","?","M","R","$","E","T","M","M","?","?","?","R","BOSS","R","$","E","BOSS"],"items_purchased_type":["Card","Card","Relic","Card","Relic","Relic","Relic","Card","Relic","Card","Card","Card","Card","Relic"],"build_version":"2020-12-22","purchased_purges":0,"victory":false,"max_hp_per_floor":[72,72,72,72,72,72,72,72,72,72,72,72,72,72,72,72,86,86,86,86,86,86,86,86,86,86,87,87,87,88,88,88,89,89,90,91,91,91,92,92,92,93,103,104,105,106,106,106,106,107,107,107,107,108,108,108],"card_choices":[{"not_picked":["ClearTheMind","SashWhip"],"picked":"FollowUp","floor":1},{"not_picked":["ClearTheMind","Fasting2"],"picked":"JustLucky","floor":5},{"not_picked":["SashWhip","Prostrate"],"picked":"SandsOfTime","floor":6},{"not_picked":["SignatureMove","Pray"],"picked":"Devotion","floor":10},{"not_picked":["PathToVictory","Protect"],"picked":"Prostrate","floor":11},{"not_picked":["Consecrate","Blasphemy"],"picked":"Prostrate","floor":12},{"not_picked":["SignatureMove","WaveOfTheHand"],"picked":"ThirdEye","floor":14},{"not_picked":["Sanctity","ClearTheMind"],"picked":"CrushJoints","floor":18},{"not_picked":["Vengeance","FlyingSleeves"],"picked":"CutThroughFate","floor":21},{"not_picked":["FlyingSleeves","Evaluate"],"picked":"ForeignInfluence","floor":22},{"not_picked":["Nirvana","Evaluate"],"picked":"CutThroughFate","floor":27},{"not_picked":["WreathOfFlame","CarveReality"],"picked":"ReachHeaven","floor":30},{"not_picked":["Protect","CarveReality"],"picked":"WindmillStrike+1","floor":35},{"not_picked":["Halt","PathToVictory+1","Adaptation+1"],"picked":"SKIP","floor":36},{"not_picked":["ThirdEye","CutThroughFate+1"],"picked":"Study+1","floor":39},{"not_picked":["EmptyMind+1","Omniscience","EmptyFist"],"picked":"SKIP","floor":42},{"not_picked":["ThirdEye","FlyingSleeves"],"picked":"ReachHeaven+1","floor":44},{"not_picked":["FollowUp+1","MentalFortress","InnerPeace+1"],"picked":"SKIP","floor":45},{"not_picked":["Protect+1","ThirdEye+1","Wish"],"picked":"SKIP","floor":46},{"not_picked":["WindmillStrike","Wireheading+1"],"picked":"Weave+1","floor":54}],"player_experience":98389,"relics_obtained":[{"floor":6,"key":"Bird Faced Urn"},{"floor":9,"key":"Bottled Lightning"},{"floor":10,"key":"War Paint"},{"floor":12,"key":"Shovel"},{"floor":17,"key":"Toy Ornithopter"},{"floor":17,"key":"Gremlin Horn"},{"floor":17,"key":"Mango"},{"floor":26,"key":"Oddly Smooth Stone"},{"floor":28,"key":"HornCleat"},{"floor":40,"key":"Potion Belt"},{"floor":42,"key":"TungstenRod"},{"floor":43,"key":"Pear"},{"floor":47,"key":"Art of War"},{"floor":52,"key":"Mummified Hand"},{"floor":54,"key":"White Beast Statue"}],"event_choices":[{"damage_healed":0,"gold_gain":0,"player_choice":"Grow","damage_taken":0,"max_hp_gain":0,"max_hp_loss":0,"event_name":"Living Wall","floor":3,"gold_loss":0,"cards_upgraded":["SashWhip"]},{"cards_removed":["SandsOfTime"],"damage_healed":19,"gold_gain":0,"player_choice":"Offered Uncommon","damage_taken":0,"max_hp_gain":0,"max_hp_loss":0,"event_name":"Bonfire Elementals","floor":13,"gold_loss":0},{"damage_healed":0,"gold_gain":0,"player_choice":"Traded Relic","damage_taken":0,"relics_obtained":["Nloth\u0027s Gift"],"max_hp_gain":0,"max_hp_loss":0,"event_name":"N\u0027loth","floor":20,"relics_lost":["War Paint"],"gold_loss":0},{"damage_healed":0,"gold_gain":0,"player_choice":"Copied","damage_taken":0,"max_hp_gain":0,"max_hp_loss":0,"event_name":"Duplicator","floor":23,"gold_loss":0,"cards_obtained":["Devotion"]},{"damage_healed":0,"gold_gain":0,"player_choice":"Trade","damage_taken":0,"relics_obtained":["FaceOfCleric"],"max_hp_gain":0,"max_hp_loss":0,"event_name":"FaceTrader","floor":25,"gold_loss":0},{"cards_removed":["ReachHeaven"],"damage_healed":0,"gold_gain":0,"player_choice":"Removed Attack","damage_taken":0,"max_hp_gain":0,"max_hp_loss":0,"event_name":"Falling","floor":37,"gold_loss":0},{"cards_removed":["SignatureMove"],"damage_healed":0,"gold_gain":0,"player_choice":"Upgrade and Remove","damage_taken":0,"max_hp_gain":0,"max_hp_loss":0,"event_name":"Designer","floor":38,"gold_loss":90,"cards_upgraded":["SashWhip"]},{"damage_healed":0,"gold_gain":0,"player_choice":"Ignored","damage_taken":0,"max_hp_gain":0,"max_hp_loss":0,"event_name":"Tomb of Lord Red Mask","floor":48,"gold_loss":0}],"is_beta":false,"boss_relics":[{"not_picked":["Runic Dome","Black Star"],"picked":"Calling Bell"},{"not_picked":["HolyWater","VioletLotus"],"picked":"SlaversCollar"}],"items_purged_floors":[],"is_endless":false,"potions_floor_spawned":[10,11,12,14,16,18,22,27,36,39,44,46],"killed_by":"The Heart","ascension_level":0}}