{"host":"5h6e4l6hpn0p5lap","time":1613530980,"event":{"mods":["AchievementEnabler","BaseMod","Better Altar","Better Match","Better Sensory Stone","Better Skull","Better Third Choice","Colored Map","Filter the Spire","Minty Spire (QoL Compilation)","StSLib"],"gold_per_floor":[112,112,122,122,141,171,136,163,163,163,163,36,36,68,68,167,167,177,188,207,207,52,52,65,91,140,140,157,188,188,188,188,286,286,303,319,117,117,467,498,498,516,569,569,569,587,587,604,604,604],"floor_reached":51,"language":"ENG","playtime":2463,"items_purged":["Strike_R","Strike_R"],"score":960,"play_id":"da39fffd-7484-40b8-b832-48c0430310b3","local_time":"20210216220300","is_ascension_mode":true,"campfire_choices":[{"data":"Whirlwind","floor":10,"key":"SMITH"},{"data":"Sword Boomerang","floor":13,"key":"SMITH"},{"floor":15,"key":"REST"},{"data":"Intimidate","floor":23,"key":"SMITH"},{"floor":27,"key":"REST"},{"floor":30,"key":"REST"},{"data":"Flex","floor":32,"key":"SMITH"},{"floor":44,"key":"REST"},{"floor":47,"key":"REST"},{"floor":49,"key":"REST"}],"circlet_count":0,"master_deck":["Strike_R","Strike_R","Strike_R","Defend_R","Defend_R","Defend_R","Bash","Clash","Bloodletting","Whirlwind+1","Intimidate+1","Flex+1","Disarm","Burning Pact","Sword Boomerang+1","Brutality","Flex+1","Infernal Blade","Shrug It Off","Shame","Sentinel+1","Feel No Pain+1","Hemokinesis+1","Feed","Ghostly Armor","True Grit+1","Clothesline+1","Feel No Pain+1","Corruption","Armaments+1"],"relics":["Burning Blood","StrikeDummy","Blue Candle","InkBottle","Oddly Smooth Stone","Runic Cube","Blood Vial","Lee\u0027s Waffle","Bag of Preparation","Regal Pillow","FossilizedHelix","MealTicket","Fusion Hammer","Old Coin","Shuriken","Smiling Mask","Paper Frog"],"acts_visited":["Exordium","TheCity","TheBeyond"],"potions_floor_usage":[6,8,8,24,24,25,36,40,48,50,50],"damage_taken":[{"damage":2,"enemies":"Small Slimes","floor":1,"turns":3},{"damage":0,"enemies":"2 Louse","floor":3,"turns":1},{"damage":6,"enemies":"Cultist","floor":5,"turns":3},{"damage":34,"enemies":"Gremlin Nob","floor":6,"turns":4},{"damage":20,"enemies":"Lagavulin","floor":8,"turns":6},{"damage":23,"enemies":"3 Sentries","floor":14,"turns":3},{"damage":28,"enemies":"Slime Boss","floor":16,"turns":8},{"damage":20,"enemies":"Spheric Guardian","floor":18,"turns":4},{"damage":25,"enemies":"Shell Parasite","floor":19,"turns":4},{"damage":13,"enemies":"Snecko","floor":20,"turns":3},{"damage":40,"enemies":"Snake Plant","floor":24,"turns":3},{"damage":30,"enemies":"Slavers","floor":25,"turns":3},{"damage":11,"enemies":"Centurion and Healer","floor":28,"turns":3},{"damage":39,"enemies":"Gremlin Leader","floor":29,"turns":5},{"damage":67,"enemies":"Collector","floor":33,"turns":8},{"damage":1,"enemies":"Orb Walker","floor":35,"turns":3},{"damage":28,"enemies":"3 Darklings","floor":36,"turns":5},{"damage":30,"enemies":"Mind Bloom Boss Battle","floor":39,"turns":7},{"damage":38,"enemies":"Nemesis","floor":40,"turns":7},{"damage":36,"enemies":"4 Shapes","floor":42,"turns":4},{"damage":10,"enemies":"Maw","floor":46,"turns":6},{"damage":26,"enemies":"Writhing Mass","floor":48,"turns":7},{"damage":60,"enemies":"Time Eater","floor":50,"turns":11}],"seed_played":"1084743943164296285","potions_obtained":[{"floor":3,"key":"Weak Potion"},{"floor":5,"key":"ColorlessPotion"},{"floor":6,"key":"EssenceOfSteel"},{"floor":14,"key":"BlessingOfTheForge"},{"floor":20,"key":"Explosive Potion"},{"floor":24,"key":"Explosive Potion"},{"floor":29,"key":"LiquidBronze"},{"floor":35,"key":"Regen Potion"},{"floor":46,"key":"SteroidPotion"},{"floor":48,"key":"Weak Potion"}],"is_trial":false,"path_per_floor":["M","?","M","?","M","E","?","E","T","R","?","$","R","E","R","B",null,"M","M","M","?","$","R","M","E","T","R","M","E","R","?","R","B",null,"M","M","$","?","?","E","?","M","T","R","T","M","R","M","R","B",null],"character_chosen":"IRONCLAD","items_purchased":["Sword Boomerang","Lee\u0027s Waffle","True Grit","Strength Potion"],"campfire_rested":6,"item_purchase_floors":[12,22,37,37],"current_hp_per_floor":[76,76,80,80,80,52,72,58,58,58,58,58,58,41,65,43,71,57,38,31,31,87,87,53,31,31,72,69,38,79,79,79,20,70,77,69,84,84,65,35,35,7,7,49,49,47,89,73,93,39],"gold":604,"neow_bonus":"THREE_CARDS","is_daily":false,"chose_seed":false,"campfire_upgraded":4,"win_rate":0.0,"timestamp":1613530980,"path_taken":["M","?","M","?","M","E","?","E","T","R","?","$","R","E","R","BOSS","M","M","?","?","$","R","M","E","T","R","M","E","R","?","R","BOSS","M","M","$","?","?","E","?","?","T","R","?","M","R","M","R","BOSS"],"items_purchased_type":["Card","Relic","Card","Potion"],"build_version":"2020-12-22","purchased_purges":2,"victory":true,"max_hp_per_floor":[80,80,80,80,80,80,80,80,80,80,80,80,80,80,80,80,80,80,80,80,80,87,87,87,87,87,87,87,87,87,87,87,87,87,87,87,87,87,90,90,90,90,90,90,90,90,90,93,93,93],"card_choices":[{"not_picked":["Intimidate","Sword Boomerang"],"picked":"Clash","floor":0},{"not_picked":["Headbutt","Wild Strike"],"picked":"Bloodletting","floor":1},{"not_picked":["Whirlwind","Havoc"],"picked":"Intimidate","floor":3},{"not_picked":["Pommel Strike","Clothesline"],"picked":"Flex","floor":5},{"not_picked":["Armaments","Infernal Blade"],"picked":"Disarm","floor":6},{"not_picked":["Entrench","Whirlwind"],"picked":"Burning Pact","floor":8},{"not_picked":["Blood for Blood","Warcry","Metallicize"],"picked":"SKIP","floor":14},{"not_picked":["Impervious","Double Tap"],"picked":"Brutality","floor":16},{"not_picked":["Dual Wield","Sword Boomerang+1"],"picked":"Flex","floor":18},{"not_picked":["Heavy Blade","Power Through"],"picked":"Infernal Blade","floor":19},{"not_picked":["Sentinel","Bloodletting+1"],"picked":"Shrug It Off","floor":20},{"not_picked":["Shrug It Off","Armaments"],"picked":"Sentinel+1","floor":24},{"not_picked":["Iron Wave+1","Thunderclap"],"picked":"Feel No Pain+1","floor":25},{"not_picked":["Intimidate","Perfected Strike"],"picked":"Hemokinesis+1","floor":28},{"not_picked":["Shockwave","Havoc","Entrench"],"picked":"SKIP","floor":29},{"not_picked":["Juggernaut","Exhume"],"picked":"Feed","floor":33},{"not_picked":["Headbutt","Cleave+1","Shockwave"],"picked":"SKIP","floor":35},{"not_picked":["Intimidate+1","Flex"],"picked":"Ghostly Armor","floor":36},{"not_picked":["Flex","Anger+1"],"picked":"Clothesline+1","floor":39},{"not_picked":["Blood for Blood","Twin Strike+1"],"picked":"Feel No Pain+1","floor":40},{"not_picked":["Combust","Sentinel"],"picked":"Corruption","floor":42},{"not_picked":["Anger+1","Havoc","Cleave+1"],"picked":"SKIP","floor":46},{"not_picked":["Sword Boomerang+1","Perfected Strike"],"picked":"Armaments+1","floor":48}],"player_experience":1124766,"relics_obtained":[{"floor":6,"key":"StrikeDummy"},{"floor":8,"key":"Blue Candle"},{"floor":9,"key":"InkBottle"},{"floor":14,"key":"Oddly Smooth Stone"},{"floor":25,"key":"Bag of Preparation"},{"floor":26,"key":"Regal Pillow"},{"floor":29,"key":"FossilizedHelix"},{"floor":31,"key":"MealTicket"},{"floor":39,"key":"Old Coin"},{"floor":40,"key":"Shuriken"},{"floor":43,"key":"Smiling Mask"},{"floor":45,"key":"Paper Frog"}],"event_choices":[{"damage_healed":0,"gold_gain":0,"cards_transformed":["Defend_R"],"player_choice":"Change","damage_taken":0,"max_hp_gain":0,"max_hp_loss":0,"event_name":"Living Wall","floor":2,"gold_loss":0,"cards_obtained":["Whirlwind"]},{"damage_healed":0,"gold_gain":1,"player_choice":"1","damage_taken":0,"max_hp_gain":0,"max_hp_loss":0,"event_name":"betterStone:BetterStone","floor":4,"gold_loss":0},{"damage_healed":20,"gold_gain":0,"player_choice":"Healed","damage_taken":0,"max_hp_gain":0,"max_hp_loss":0,"event_name":"The Cleric","floor":7,"gold_loss":35},{"damage_healed":0,"gold_gain":0,"player_choice":"Upgraded","damage_taken":0,"max_hp_gain":0,"max_hp_loss":0,"event_name":"Upgrade Shrine","floor":11,"gold_loss":0,"cards_upgraded":["Flex"]},{"damage_healed":0,"gold_gain":0,"player_choice":"Stole Relic","damage_taken":0,"relics_obtained":["Blood Vial"],"max_hp_gain":0,"max_hp_loss":0,"event_name":"Addict","floor":21,"gold_loss":0,"cards_obtained":["Shame"]},{"damage_healed":0,"gold_gain":0,"player_choice":"Relic","damage_taken":0,"max_hp_gain":0,"max_hp_loss":0,"event_name":"Wheel of Change","floor":31,"gold_loss":0},{"damage_healed":0,"gold_gain":0,"player_choice":"Ignored","damage_taken":0,"max_hp_gain":0,"max_hp_loss":0,"event_name":"Tomb of Lord Red Mask","floor":38,"gold_loss":0},{"damage_healed":0,"gold_gain":0,"player_choice":"Fight","damage_taken":0,"max_hp_gain":0,"max_hp_loss":0,"event_name":"MindBloom","floor":39,"gold_loss":0},{"damage_healed":0,"gold_gain":0,"player_choice":"Upgraded","damage_taken":0,"max_hp_gain":0,"max_hp_loss":0,"event_name":"Upgrade Shrine","floor":41,"gold_loss":0,"cards_upgraded":["True Grit"]}],"is_beta":false,"boss_relics":[{"not_picked":["Runic Pyramid","Pandora\u0027s Box"],"picked":"Runic Cube"},{"not_picked":["Coffee Dripper","Snecko Eye"],"picked":"Fusion Hammer"}],"items_purged_floors":[12,37],"is_endless":false,"potions_floor_spawned":[3,5,6,14,20,24,29,33,35,46,48],"ascension_level":6}}