{"host":"9czo1ewqehy3yunx","time":1613565281,"event":{"mods":["AchievementEnabler","Act Like it!","BaseMod","CapriCore","Colored Powertips","DeckTracker","GifTheSpireLib","GungeonMod","Hermit","Keyboard Shortcuts","Koishi","Lobotomy","Marisa£¨Ùöéë¡¡Øª×âÞÞ£©","Minty Spire (QoL Compilation)","Permanent Neow","Quick Restart","StSLib","SuperFastMode","Td1madao Mod","The Bug Knight","The Cursed","The Hierophant","The Immortal","The Jungle","The Poker Player","The Runesmith"],"gold_per_floor":[114,131,16,30,205,205,216,216,216,216,229,240,240,283,283,379,379,395,422,17,17,17,17,17],"floor_reached":23,"language":"KOR","playtime":934,"items_purged":[],"score":233,"play_id":"0734c8fb-1b7b-4403-bfbc-0798070b4537","local_time":"20210217213441","is_ascension_mode":false,"campfire_choices":[{"data":"DemoMod:PotionOfGunFriendShip","floor":6,"key":"SMITH"},{"data":"DemoMod:GunstockTap","floor":8,"key":"SMITH"},{"data":"DemoMod:ManualReload","floor":10,"key":"SMITH"},{"data":"DemoMod:Unity","floor":13,"key":"SMITH"},{"floor":15,"key":"REST"}],"circlet_count":0,"master_deck":["DemoMod:Strike_Huntress","DemoMod:Strike_Huntress","DemoMod:Strike_Huntress","DemoMod:Defend_Huntress","DemoMod:Defend_Huntress","DemoMod:Defend_Huntress","DemoMod:Defend_Huntress","DemoMod:Roll","DemoMod:ManualReload+1","DemoMod:RustySidearm","DemoMod:CrossBow","Scorched","DemoMod:DirectionalPad","GreedKing","DemoMod:GunstockTap+1","DemoMod:PotionOfGunFriendShip+1","BigBird","DemoMod:BoxingGlove","WhitesApple","DemoMod:JK47","GalaxyChild","DemoMod:Unity+1","Parasite","OldLady","DemoMod:TeaPot","Rudolta","DemoMod:ZorGun","Parasite","WallGazer","DemoMod:DoubleVision","SingingMachine","DemoMod:DirectionalPad+1","Parasite","NakedNest","DemoMod:ZorGun+1","DemoMod:Unity","DemoMod:EasyReloadBullets","DemoMod:StickyCrossBow","Ghostly","Ghostly","Ghostly","Ghostly","Ghostly","Defend_B"],"relics":["DemoMod:Dog","CogitoBucket","DemoMod:GnawedKey","Happy Flower","SkinProphecy","Cursed Key","HollowMod:StagPassRelic"],"acts_visited":["Exordium","TheCity"],"potions_floor_usage":[16,23],"damage_taken":[{"damage":0,"enemies":"Cultist","floor":1,"turns":3},{"damage":0,"enemies":"2 Louse","floor":2,"turns":2},{"damage":0,"enemies":"Small Slimes","floor":4,"turns":2},{"damage":8,"enemies":"Red Slaver","floor":7,"turns":3},{"damage":9,"enemies":"Looter","floor":11,"turns":2},{"damage":17,"enemies":"Lots of Slimes","floor":12,"turns":5},{"damage":12,"enemies":"Red Slaver","floor":14,"turns":2},{"damage":22,"enemies":"Hexaghost","floor":16,"turns":7},{"damage":33,"enemies":"2 Thieves","floor":18,"turns":3},{"damage":25,"enemies":"Shell Parasite","floor":19,"turns":3},{"damage":2,"enemies":"3 Cultists","floor":23,"turns":1}],"seed_played":"-6615822944062415205","potions_obtained":[{"floor":4,"key":"Block Potion"},{"floor":11,"key":"GamblersBrew"},{"floor":14,"key":"GamblersBrew"}],"is_trial":false,"path_per_floor":["M","M","$","M","?","R","M","R","T","R","M","M","R","M","R","B",null,"M","M","$","?","?","M"],"character_chosen":"HUNTRESS","items_purchased":["DemoMod:GnawedKey","DemoMod:Unity","HollowMod:StagPassRelic","DemoMod:EasyReloadBullets","DemoMod:StickyCrossBow"],"campfire_rested":1,"item_purchase_floors":[3,20,20,20,20],"current_hp_per_floor":[70,70,70,70,70,70,62,62,62,62,53,36,36,20,41,15,74,37,8,8,8,8,0,0],"gold":17,"neow_bonus":"","is_daily":false,"chose_seed":false,"campfire_upgraded":4,"win_rate":0.0,"timestamp":1613565281,"path_taken":["M","M","$","?","?","R","M","R","T","R","M","M","R","M","R","BOSS","M","M","?","?","?","?"],"items_purchased_type":["Relic","Card","Relic","Card","Card"],"build_version":"2020-12-22","purchased_purges":0,"victory":false,"max_hp_per_floor":[70,70,70,70,70,70,70,70,70,70,70,70,70,72,72,74,74,76,78,78,39,39,43,43],"card_choices":[{"not_picked":["Murderer","Wellcheers"],"picked":"Scorched","floor":1},{"not_picked":["DemoMod:CombinedRifle","DemoMod:Ejector"],"picked":"DemoMod:DirectionalPad","floor":1},{"not_picked":["Bloodbath","VoidDream","CrumblingArmor"],"picked":"Singing Bowl","floor":2},{"not_picked":["ShyLook","WallGazer"],"picked":"GreedKing","floor":2},{"not_picked":["DemoMod:AC15","DemoMod:HardPowerCard"],"picked":"DemoMod:GunstockTap","floor":2},{"not_picked":["DemoMod:MachoBrace","DemoMod:StickyCrossBow"],"picked":"DemoMod:PotionOfGunFriendShip","floor":4},{"not_picked":["Porccubus","SpiderBud"],"picked":"BigBird","floor":4},{"not_picked":["DemoMod:LifeOrb","DemoMod:CombinedRifle"],"picked":"DemoMod:BoxingGlove","floor":4},{"not_picked":["BeautyBeast","UniverseFragment"],"picked":"WhitesApple","floor":7},{"not_picked":["DemoMod:PotionOfGunFriendShip","DemoMod:FeignSurrender"],"picked":"DemoMod:JK47","floor":7},{"not_picked":["PunishingBird","OldLady"],"picked":"GalaxyChild","floor":11},{"not_picked":["DemoMod:EasyReloadBullets","DemoMod:SniperShot"],"picked":"DemoMod:Unity","floor":11},{"not_picked":["CrumblingArmor","UniverseFragment"],"picked":"OldLady","floor":12},{"not_picked":["DemoMod:PotionOfGunFriendShip","DemoMod:StickyCrossBow"],"picked":"DemoMod:TeaPot","floor":12},{"not_picked":["Wellcheers","MeatLantern"],"picked":"Rudolta","floor":14},{"not_picked":["DemoMod:SniperShot","DemoMod:FullFirepower"],"picked":"DemoMod:ZorGun","floor":14},{"not_picked":["MHz","CherryBlossoms"],"picked":"WallGazer","floor":16},{"not_picked":["DemoMod:Desperate","DemoMod:Slinger"],"picked":"DemoMod:DoubleVision","floor":16},{"not_picked":["OSAHOGD","LaLuna"],"picked":"SingingMachine","floor":18},{"not_picked":["DemoMod:MachoBrace","DemoMod:AC15"],"picked":"DemoMod:DirectionalPad+1","floor":18},{"not_picked":["Freischutz","BeautyBeast"],"picked":"NakedNest","floor":19},{"not_picked":["DemoMod:CombinedRifle","DemoMod:BoxingGlove"],"picked":"DemoMod:ZorGun+1","floor":19}],"player_experience":241160,"relics_obtained":[{"floor":9,"key":"Happy Flower"}],"event_choices":[{"damage_healed":0,"gold_gain":175,"player_choice":"AGREE","damage_taken":0,"max_hp_gain":0,"max_hp_loss":0,"event_name":"Liars Game","floor":5,"gold_loss":0,"cards_obtained":["Doubt"]},{"damage_healed":0,"gold_gain":0,"player_choice":"Became a Ghost","damage_taken":0,"max_hp_gain":0,"max_hp_loss":39,"event_name":"Ghosts","floor":21,"gold_loss":0,"cards_obtained":["Ghostly","Ghostly","Ghostly","Ghostly","Ghostly"]},{"cards_removed":["Doubt"],"damage_healed":0,"gold_gain":0,"player_choice":"Took Card","damage_taken":0,"max_hp_gain":0,"max_hp_loss":0,"event_name":"NoteForYourself","floor":22,"gold_loss":0,"cards_obtained":["Defend_B"]}],"is_beta":false,"boss_relics":[{"not_picked":["Snecko Eye","Sozu"],"picked":"Cursed Key"}],"items_purged_floors":[],"is_endless":false,"potions_floor_spawned":[4,11,14],"killed_by":"3 Cultists","ascension_level":0}}