{"host":"vyjryxuuuxkt43k4","time":1613545160,"event":{"mods":["AchievementEnabler","BaseMod","Colored Map","DeckTracker","Keyboard Shortcuts","Minty Spire (QoL Compilation)","Permanent Neow","Quick Restart","StSLib","SuperFastMode","everything is the same but u backflip on backflip"],"gold_per_floor":[13,27,27,27,42,78,78,96,96,96,96],"floor_reached":10,"language":"KOR","playtime":359,"items_purged":[],"score":136,"play_id":"a8d96021-a8eb-4240-bb3e-e28d11e9d7cc","local_time":"20210217155920","is_ascension_mode":true,"campfire_choices":[{"data":"Fire Breathing","floor":7,"key":"SMITH"}],"circlet_count":0,"master_deck":["AscendersBane","Strike_R","Strike_R","Strike_R","Strike_R","Strike_R","Defend_R","Defend_R","Defend_R","Defend_R","Bash","Violence","Power Through","Fire Breathing+1","Cleave","Ghostly Armor","Flame Barrier"],"relics":["Burning Blood","Golden Idol","Nunchaku","White Beast Statue"],"acts_visited":["Exordium"],"potions_floor_usage":[6,6],"damage_taken":[{"damage":7,"enemies":"2 Louse","floor":1,"turns":3},{"damage":0,"enemies":"Small Slimes","floor":2,"turns":4},{"damage":0,"enemies":"Cultist","floor":5,"turns":3},{"damage":30,"enemies":"Lagavulin","floor":6,"turns":7},{"damage":7,"enemies":"Exordium Thugs","floor":8,"turns":5},{"damage":53,"enemies":"Gremlin Nob","floor":10,"turns":4}],"seed_played":"7655299356578934605","potions_obtained":[{"floor":1,"key":"ColorlessPotion"},{"floor":5,"key":"DistilledChaos"}],"is_trial":false,"path_per_floor":["M","M","?","?","M","E","R","M","T","E"],"character_chosen":"IRONCLAD","items_purchased":[],"campfire_rested":0,"item_purchase_floors":[],"current_hp_per_floor":[67,73,47,72,75,51,51,50,50,0,0],"gold":96,"neow_bonus":"RANDOM_COLORLESS_2","is_daily":false,"chose_seed":false,"campfire_upgraded":1,"win_rate":0.0,"timestamp":1613545160,"path_taken":["M","M","?","?","M","E","R","M","T","E"],"items_purchased_type":[],"build_version":"2020-12-22","purchased_purges":0,"victory":false,"max_hp_per_floor":[75,75,75,75,75,75,75,75,75,75,75],"card_choices":[{"not_picked":["Secret Weapon","Magnetism"],"picked":"Violence","floor":0},{"not_picked":["Heavy Blade","Bloodletting"],"picked":"Power Through","floor":1},{"not_picked":["Thunderclap","Hemokinesis"],"picked":"Fire Breathing","floor":2},{"not_picked":["Twin Strike","Flex"],"picked":"Cleave","floor":5},{"not_picked":["Clothesline","Clash"],"picked":"Ghostly Armor","floor":6},{"not_picked":["Headbutt","Dual Wield"],"picked":"Flame Barrier","floor":8}],"player_experience":1010723,"relics_obtained":[{"floor":6,"key":"Nunchaku"},{"floor":9,"key":"White Beast Statue"}],"event_choices":[{"damage_healed":0,"gold_gain":0,"player_choice":"Take Damage","damage_taken":26,"relics_obtained":["Golden Idol"],"max_hp_gain":0,"max_hp_loss":0,"event_name":"Golden Idol","floor":3,"gold_loss":0},{"damage_healed":25,"gold_gain":0,"player_choice":"Banana","damage_taken":0,"max_hp_gain":0,"max_hp_loss":0,"event_name":"Big Fish","floor":4,"gold_loss":0}],"is_beta":false,"boss_relics":[],"items_purged_floors":[],"is_endless":false,"potions_floor_spawned":[1,5],"killed_by":"Gremlin Nob","ascension_level":20}}