{"host":"ufhw4cf0hh51lveu","time":1613560178,"event":{"mods":["BaseMod","DeckTracker","Minty Spire (QoL Compilation)","SuperFastMode"],"gold_per_floor":[114,114,289,300,300,300,98,98,122,137,148,148,148,162,162,266,266,286,246,93,73,0,0,19,19,19,30,47,47,47,47,47,47,47],"floor_reached":33,"language":"KOR","playtime":969,"items_purged":["Strike_G","Strike_G"],"score":235,"play_id":"ef976b4f-f01b-49b9-9299-aaa8703944bc","local_time":"20210217200938","is_ascension_mode":false,"campfire_choices":[{"data":"Dagger Throw","floor":6,"key":"SMITH"},{"data":"Neutralize","floor":8,"key":"SMITH"},{"data":"Poisoned Stab","floor":13,"key":"SMITH"},{"floor":15,"key":"REST"},{"floor":23,"key":"REST"},{"data":"Catalyst","floor":25,"key":"SMITH"},{"floor":32,"key":"REST"}],"circlet_count":0,"master_deck":["Defend_G","Defend_G","Defend_G","Defend_G","Survivor","Neutralize+1","Dagger Throw+1","Noxious Fumes","Dagger Throw+1","Terror","Poisoned Stab+1","Deflect","Poisoned Stab","Acrobatics","Catalyst+1","Backflip","Poisoned Stab","Footwork","Escape Plan","Shame"],"relics":["Ring of the Snake","NeowsBlessing","Bag of Preparation","Empty Cage","Gremlin Horn","StoneCalendar"],"acts_visited":["Exordium","TheCity"],"potions_floor_usage":[16,21,27,33],"damage_taken":[{"damage":0,"enemies":"Jaw Worm","floor":1,"turns":1},{"damage":0,"enemies":"Small Slimes","floor":4,"turns":1},{"damage":0,"enemies":"2 Louse","floor":10,"turns":1},{"damage":3,"enemies":"Exordium Wildlife","floor":11,"turns":5},{"damage":22,"enemies":"Gremlin Gang","floor":14,"turns":4},{"damage":19,"enemies":"The Guardian","floor":16,"turns":8},{"damage":8,"enemies":"Shell Parasite","floor":18,"turns":8},{"damage":7,"enemies":"2 Thieves","floor":21,"turns":4},{"damage":25,"enemies":"Chosen and Byrds","floor":24,"turns":8},{"damage":10,"enemies":"Centurion and Healer","floor":27,"turns":7},{"damage":17,"enemies":"Shelled Parasite and Fungi","floor":28,"turns":8},{"damage":39,"enemies":"Champ","floor":33,"turns":9}],"seed_played":"271436696983292057","potions_obtained":[{"floor":4,"key":"SteroidPotion"},{"floor":11,"key":"CultistPotion"},{"floor":21,"key":"SpeedPotion"},{"floor":24,"key":"GamblersBrew"}],"is_trial":false,"path_per_floor":["M","?","?","M","?","R","$","R","T","M","M","?","R","M","R","B",null,"M","?","$","M","$","R","M","R","T","M","M","?","$","?","R","B"],"character_chosen":"THE_SILENT","items_purchased":["Noxious Fumes","Dagger Throw","Poisoned Stab","Catalyst"],"campfire_rested":3,"item_purchase_floors":[7,7,20,22],"current_hp_per_floor":[70,70,70,70,63,63,63,63,63,63,60,70,70,48,69,50,70,62,62,62,55,55,70,45,45,45,35,18,18,18,18,39,0,0],"gold":47,"neow_bonus":"THREE_ENEMY_KILL","is_daily":false,"chose_seed":false,"campfire_upgraded":4,"win_rate":0.0,"timestamp":1613560178,"path_taken":["M","?","?","M","?","R","$","R","T","M","M","?","R","M","R","BOSS","M","?","$","M","$","R","M","R","T","M","?","?","$","?","R","BOSS"],"items_purchased_type":["Card","Card","Card","Card"],"build_version":"2020-12-22","purchased_purges":2,"victory":false,"max_hp_per_floor":[70,70,70,70,70,70,70,70,70,70,70,70,70,70,70,70,70,70,70,70,70,70,70,70,70,70,70,70,70,70,70,70,70,70],"card_choices":[{"not_picked":["Bane","Reflex","Heel Hook"],"picked":"SKIP","floor":1},{"not_picked":["Underhanded Strike","Blade Dance"],"picked":"Dagger Throw","floor":4},{"not_picked":["Dagger Spray","Deflect"],"picked":"Terror","floor":10},{"not_picked":["Deflect","Calculated Gamble"],"picked":"Poisoned Stab","floor":11},{"not_picked":["Blur","Escape Plan","Masterful Stab"],"picked":"SKIP","floor":14},{"not_picked":["Bane","Underhanded Strike+1"],"picked":"Deflect","floor":18},{"not_picked":["Deflect","Blade Dance"],"picked":"Acrobatics","floor":21},{"not_picked":["Slice","Infinite Blades"],"picked":"Backflip","floor":24},{"not_picked":["Outmaneuver","Doppelganger"],"picked":"Poisoned Stab","floor":27},{"not_picked":["Predator","Choke","Deflect"],"picked":"SKIP","floor":28}],"player_experience":29251,"relics_obtained":[{"floor":9,"key":"Bag of Preparation"},{"floor":26,"key":"Gremlin Horn"}],"event_choices":[{"damage_healed":0,"gold_gain":0,"player_choice":"Ignored","damage_taken":0,"max_hp_gain":0,"max_hp_loss":0,"event_name":"Shining Light","floor":2,"gold_loss":0},{"damage_healed":0,"gold_gain":175,"player_choice":"AGREE","damage_taken":0,"max_hp_gain":0,"max_hp_loss":0,"event_name":"Liars Game","floor":3,"gold_loss":0,"cards_obtained":["Doubt"]},{"cards_removed":["Doubt"],"damage_healed":0,"gold_gain":0,"player_choice":"Card Removal","damage_taken":7,"max_hp_gain":0,"max_hp_loss":0,"event_name":"Golden Wing","floor":5,"gold_loss":0},{"damage_healed":23,"gold_gain":0,"player_choice":"Banana","damage_taken":0,"max_hp_gain":0,"max_hp_loss":0,"event_name":"Big Fish","floor":12,"gold_loss":0},{"damage_healed":0,"gold_gain":0,"player_choice":"Upgrade","damage_taken":0,"max_hp_gain":0,"max_hp_loss":0,"event_name":"Designer","floor":19,"gold_loss":40,"cards_upgraded":["Dagger Throw"]},{"damage_healed":0,"gold_gain":0,"cards_transformed":["Defend_G","Strike_G"],"player_choice":"Became Test Subject","damage_taken":0,"max_hp_gain":0,"max_hp_loss":0,"event_name":"Drug Dealer","floor":29,"gold_loss":0,"cards_obtained":["Footwork","Escape Plan"]},{"damage_healed":0,"gold_gain":0,"player_choice":"Stole Relic","damage_taken":0,"relics_obtained":["StoneCalendar"],"max_hp_gain":0,"max_hp_loss":0,"event_name":"Addict","floor":31,"gold_loss":0,"cards_obtained":["Shame"]}],"is_beta":false,"boss_relics":[{"not_picked":["Fusion Hammer","Runic Dome"],"picked":"Empty Cage"}],"items_purged_floors":[7,20],"is_endless":false,"potions_floor_spawned":[4,11,21,24],"killed_by":"Champ","ascension_level":0}}