{"host":"s24sb66hw4a4sfft","time":1613535123,"event":{"mods":["AchievementEnabler","BaseMod","Colored Map","Colored Powertips","Googly Eyes","Hermit","Hubris","Minty Spire (QoL Compilation)","Quick Restart","Shop Mod","StSLib"],"gold_per_floor":[116,116,132,132,132,166,183,210,210,210,224,224,253,269,269,347,347,357,370,388,388,414,414,414],"floor_reached":23,"language":"ENG","playtime":952,"items_purged":[],"score":401,"play_id":"d13ef068-e58e-45ac-9af0-63800efb36bd","local_time":"20210216231203","is_ascension_mode":true,"campfire_choices":[{"floor":10.0,"key":"REST"},{"floor":12.0,"key":"REST"},{"floor":15.0,"key":"REST"}],"circlet_count":0,"master_deck":["AscendersBane","Strike_G","Strike_G","Strike_G","Strike_G","Defend_G+1","Defend_G","Defend_G","Defend_G","Defend_G","Survivor","Neutralize+1","Backstab","Blade Dance","Sucker Punch","Backstab","Tactician","Cloak And Dagger","Flying Knee","Glass Knife","Deadly Poison","Poisoned Stab","Deadly Poison"],"relics":["Ring of the Snake","NeowsBlessing","Blood Vial","Question Card","hubris:ToyBattleship","Oddly Smooth Stone","HornCleat","Velvet Choker","hubris:BottledHeart"],"acts_visited":["Exordium","TheCity"],"potions_floor_usage":[20,23],"damage_taken":[{"damage":0.0,"enemies":"Small Slimes","floor":1.0,"turns":1.0},{"damage":0.0,"enemies":"2 Louse","floor":3.0,"turns":1.0},{"damage":0.0,"enemies":"Lagavulin","floor":6.0,"turns":1.0},{"damage":0.0,"enemies":"Cultist","floor":7.0,"turns":3.0},{"damage":18.0,"enemies":"Gremlin Nob","floor":8.0,"turns":3.0},{"damage":0.0,"enemies":"2 Fungi Beasts","floor":11.0,"turns":2.0},{"damage":20.0,"enemies":"3 Sentries","floor":13.0,"turns":11.0},{"damage":14.0,"enemies":"Exordium Wildlife","floor":14.0,"turns":5.0},{"damage":12.0,"enemies":"The Guardian","floor":16.0,"turns":14.0},{"damage":18.0,"enemies":"Chosen","floor":18.0,"turns":5.0},{"damage":16.0,"enemies":"Spheric Guardian","floor":19.0,"turns":4.0},{"damage":2,"enemies":"Snecko","floor":20,"turns":5},{"damage":1,"enemies":"Book of Stabbing","floor":23,"turns":5}],"seed_played":"713884274807392391","potions_obtained":[{"floor":6.0,"key":"SteroidPotion"},{"floor":11.0,"key":"FearPotion"},{"floor":13.0,"key":"Regen Potion"},{"floor":14.0,"key":"Strength Potion"},{"floor":16.0,"key":"Weak Potion"},{"floor":19,"key":"Fruit Juice"}],"is_trial":false,"path_per_floor":["M","?","M","?","?","E","M","E","T","R","M","R","E","M","R","B",null,"M","M","M","?","T","E"],"character_chosen":"THE_SILENT","items_purchased":[],"campfire_rested":3,"item_purchase_floors":[],"current_hp_per_floor":[59,34,36,23,23,25,27,11,11,30,32,51,33,21,40,45,61,45,31,36,1,1,0,0],"gold":414,"neow_bonus":"THREE_ENEMY_KILL","is_daily":false,"chose_seed":false,"campfire_upgraded":0,"win_rate":0.0,"timestamp":1613535123,"path_taken":["M","?","M","?","?","E","M","E","T","R","?","R","E","M","R","BOSS","M","M","M","?","?","E"],"items_purchased_type":[],"build_version":"2020-12-22","purchased_purges":0,"victory":false,"max_hp_per_floor":[66,66,66,66,66,66,66,66,66,66,66,66,66,66,66,66,66,66,66,71,1,1,1,1],"card_choices":[{"not_picked":["Prepared","Deadly Poison"],"picked":"Backstab","floor":1.0},{"not_picked":["hubris:SlightOfHand","hubris:Counter","Expertise"],"picked":"SKIP","floor":3.0},{"not_picked":["Well Laid Plans","Slice"],"picked":"Blade Dance","floor":6.0},{"not_picked":["Dodge and Roll","Underhanded Strike","Acrobatics"],"picked":"Sucker Punch","floor":7.0},{"not_picked":["Distraction","Backflip","Skewer"],"picked":"Backstab","floor":8.0},{"not_picked":["Quick Slash","Bane","Backflip"],"picked":"Tactician","floor":11.0},{"not_picked":["Skewer","Slice","Dash"],"picked":"Cloak And Dagger","floor":13.0},{"not_picked":["hubris:SlightOfHand","Venomology","Slice"],"picked":"Flying Knee","floor":14.0},{"not_picked":["Wraith Form v2","Unload","Storm of Steel"],"picked":"Glass Knife","floor":16.0},{"not_picked":["Escape Plan","Underhanded Strike","Terror"],"picked":"Deadly Poison","floor":18.0},{"not_picked":["Deflect","Sucker Punch","Dagger Spray"],"picked":"Poisoned Stab","floor":19},{"not_picked":["PiercingWail","Flying Knee","Cloak And Dagger"],"picked":"Deadly Poison","floor":20}],"player_experience":645723,"relics_obtained":[{"floor":6.0,"key":"Question Card"},{"floor":8.0,"key":"hubris:ToyBattleship"},{"floor":9.0,"key":"Oddly Smooth Stone"},{"floor":13.0,"key":"HornCleat"}],"event_choices":[{"damage_healed":0.0,"max_hp_gain":0.0,"max_hp_loss":0.0,"gold_gain":0.0,"event_name":"Scrap Ooze","player_choice":"Success","floor":2.0,"gold_loss":0.0,"damage_taken":25.0,"relics_obtained":["Blood Vial"]},{"damage_healed":0.0,"max_hp_gain":0.0,"max_hp_loss":0.0,"gold_gain":0.0,"event_name":"Shining Light","player_choice":"Entered Light","floor":4.0,"gold_loss":0.0,"damage_taken":13.0,"cards_upgraded":["Defend_G","Neutralize"]},{"cards_removed":["Strike_G"],"damage_healed":0.0,"max_hp_gain":0.0,"max_hp_loss":0.0,"gold_gain":0.0,"event_name":"Purifier","player_choice":"Purged","floor":5.0,"gold_loss":0.0,"damage_taken":0.0}],"is_beta":false,"boss_relics":[{"not_picked":["hubris:Stopwatch","hubris:BlackHole"],"picked":"Velvet Choker"}],"items_purged_floors":[],"is_endless":false,"potions_floor_spawned":[6,11,13,14,16,19],"killed_by":"Book of Stabbing","ascension_level":14}}