{"host":"6he3f0ic6yesrium","time":1613574138,"event":{"mods":["BaseMod","Better Altar","Better Match","Better Note","Better Sensory Stone","Better Skull","Better Third Choice","Colored Map","Conspire","Duelist Mod","Hermit","Hubris","Marisa????????","Mimic Mod","Minty Spire (QoL Compilation)","Replay The Spire","Shade Mod","Somnambulant","Spire Arcade","Spire Birthday Party","StSLib","The Alterego","The Disciple","The Forsaken","The Hierophant","The Mystic","The Necromancer","The Runesmith","The Servant 0.9.4","The Valiant","TheVacant"],"gold_per_floor":[118,129,147,161,179,179,189,204,243,243,243,21,52,70,70,173,173,184,36,52,327,342,342,376,376,376,392,392,406,171,204,204,301,301,316,166,211,211,60,71,71,88,124,144,144,144],"floor_reached":45,"language":"ENG","playtime":2571,"items_purged":["hermit:Strike_Hermit","hermit:Strike_Hermit","hermit:Strike_Hermit","hermit:Strike_Hermit"],"score":639,"play_id":"fe721bcb-e0b0-40c8-8c17-cc0272cd77c9","local_time":"20210217100218","is_ascension_mode":true,"campfire_choices":[{"data":"hermit:Deadeye","floor":6,"key":"SMITH"},{"data":"hermit:Glare","floor":10,"key":"SMITH"},{"data":"hermit:FlashPowder","floor":15,"key":"SMITH"},{"data":"hermit:WideOpen","floor":23,"key":"SMITH"},{"floor":25,"key":"REST"},{"floor":28,"key":"REST"},{"floor":32,"key":"REST"},{"data":"hermit:Reprieve","floor":41,"key":"SMITH"}],"circlet_count":0,"master_deck":["hermit:Defend_Hermit","hermit:Defend_Hermit","hermit:Defend_Hermit","hermit:Defend_Hermit","hermit:Snapshot+1","hermit:Covet","hermit:Desperado","hermit:Misfire","hermit:Desperado","hermit:Deadeye+1","hermit:Misfire","hermit:Glare+1","hermit:WideOpen+1","Regret","hermit:FlashPowder+1","hermit:Misfire","hermit:SprayPray","Regret","Pot Of Greed","Pot Of Greed","hermit:Virtue+1","hermit:Deadeye","hermit:HoleUp+1","hermit:Reprieve+1","Pot Of Greed","hermit:LowProfile+1","Writhe","hermit:CalledShot+1"],"relics":["hermit:Momento","Oddly Smooth Stone","Vajra","hubris:SlimyHat","ReplayTheSpireMod:Lightbulb","ReplayTheSpireMod:DimensionalGlitch","Grinning Jar","Matryoshka","BargainBundle","Dead Branch","hubris:ScarierMask","hubris:64BitClover","HandDrill","FossilizedHelix","theForsaken:Lifeblossom"],"acts_visited":["Exordium","TheCity","TheBeyond"],"potions_floor_usage":[7,9,16,16,16,24,24,27,29,31,33,33,35,43,43,43,44,45,45,45],"damage_taken":[{"damage":2.0,"enemies":"conspire:RoseBush","floor":1.0,"turns":3.0},{"damage":0.0,"enemies":"2 Louse","floor":2.0,"turns":2.0},{"damage":0.0,"enemies":"Cultist","floor":3.0,"turns":2.0},{"damage":0.0,"enemies":"Large Slime","floor":4.0,"turns":2.0},{"damage":5,"enemies":"Looter","floor":5,"turns":2},{"damage":2,"enemies":"Blue Slaver","floor":7,"turns":2},{"damage":7,"enemies":"3 Louse","floor":8,"turns":2},{"damage":4,"enemies":"Red Slaver","floor":9,"turns":4},{"damage":6,"enemies":"Gremlin Nob","floor":13,"turns":3},{"damage":1,"enemies":"Red Slaver","floor":14,"turns":2},{"damage":14,"enemies":"Hexaghost","floor":16,"turns":6},{"damage":10,"enemies":"2 Thieves","floor":18,"turns":2},{"damage":2,"enemies":"Chosen","floor":20,"turns":2},{"damage":13,"enemies":"Centurion and Healer","floor":22,"turns":5},{"damage":39,"enemies":"Slavers","floor":24,"turns":4},{"damage":10,"enemies":"Cultist and Chosen","floor":27,"turns":3},{"damage":0,"enemies":"Snake Plant","floor":29,"turns":2},{"damage":19,"enemies":"conspire:Head Lice","floor":31,"turns":3},{"damage":46,"enemies":"Pondfish","floor":33,"turns":11},{"damage":0,"enemies":"3 Darklings","floor":35,"turns":3},{"damage":7,"enemies":"Orb Walker","floor":40,"turns":3},{"damage":25,"enemies":"Sphere and 2 Shapes","floor":42,"turns":3},{"damage":9,"enemies":"4 Shapes","floor":43,"turns":5},{"damage":22,"enemies":"4 Shapes","floor":44,"turns":5},{"damage":49,"enemies":"Giant Head","floor":45,"turns":8}],"seed_played":"7678353186835435389","potions_obtained":[{"floor":2.0,"key":"Swift Potion"},{"floor":5,"key":"DuplicationPotion"},{"floor":7,"key":"SteroidPotion"},{"floor":8,"key":"Elixir"},{"floor":14,"key":"Block Potion"},{"floor":16,"key":"Languid Potion"},{"floor":20,"key":"Venom Potion"},{"floor":27,"key":"DuplicationPotion"},{"floor":31,"key":"FearPotion"},{"floor":33,"key":"Fire Potion"},{"floor":35,"key":"ColorlessPotion"},{"floor":37,"key":"EntropicBrew"},{"floor":37,"key":"Flashbang"},{"floor":44,"key":"Languid Potion"}],"is_trial":false,"path_per_floor":["M","M","M","M","M","R","M","M","MIM","R","?","$","E","M","R","B",null,"M","$","M","?","M","R","E","R","T","M","R","M","$","E","R","B",null,"M","$","?","?","$","M","R","M","MIM","M","E"],"character_chosen":"HERMIT","items_purchased":["hubris:SlimyHat","Strength Potion","BargainBundle","Fire Potion","Elixir","Venom Potion","hermit:Deadeye","hermit:HoleUp+1","HandDrill"],"campfire_rested":3,"item_purchase_floors":[12,19,30,30,30,30,30,30,39],"current_hp_per_floor":[73,73,73,73,68,68,66,59,55,55,55,55,49,48,48,34,75,65,65,63,63,50,50,11,33,33,23,45,45,45,26,48,2,75,75,75,57,75,75,68,68,43,40,26,0,0],"gold":144,"neow_bonus":"UPGRADE_CARD","is_daily":false,"chose_seed":false,"campfire_upgraded":5,"win_rate":0.0,"timestamp":1613574138,"path_taken":["M","M","M","M","M","R","M","M","MIM","R","?","$","E","M","R","BOSS","M","$","M","?","M","R","E","R","T","?","R","M","$","E","R","BOSS","M","$","?","?","$","M","R","M","MIM","?","E"],"items_purchased_type":["Relic","Potion","Relic","Potion","Potion","Potion","Card","Card","Relic"],"build_version":"2020-12-22","purchased_purges":4,"victory":false,"max_hp_per_floor":[75,75,75,75,75,75,75,75,75,75,75,75,75,75,75,75,75,75,75,75,75,75,75,75,75,75,75,75,75,75,75,75,75,75,75,75,75,75,75,75,75,75,75,75,75,75],"card_choices":[{"not_picked":["hermit:GoldenBullet","hermit:Coalescence"],"picked":"hermit:Desperado","floor":1.0},{"not_picked":["hermit:Virtue","hermit:Roulette"],"picked":"hermit:Misfire","floor":2.0},{"not_picked":["hermit:Headshot","hermit:Roulette"],"picked":"hermit:Desperado","floor":3.0},{"not_picked":["hermit:Midnight","hermit:Maintenance","hermit:PistolWhip"],"picked":"SKIP","floor":4.0},{"not_picked":["hermit:Gestalt","hermit:Cheat"],"picked":"hermit:Deadeye","floor":5},{"not_picked":["hermit:HoleUp","hermit:LuckOfTheDraw"],"picked":"hermit:Misfire","floor":7},{"not_picked":["hermit:LoneWolf","hermit:Roulette"],"picked":"hermit:Glare","floor":8},{"not_picked":["hermit:HighCaliber","hermit:Coalescence"],"picked":"hermit:WideOpen","floor":9},{"not_picked":["hermit:Determination","hermit:HeroicBravado"],"picked":"hermit:FlashPowder","floor":13},{"not_picked":["hermit:BodyArmor","hermit:Determination"],"picked":"hermit:Misfire","floor":14},{"not_picked":["hermit:Glare","hermit:Coalescence"],"picked":"hermit:SprayPray","floor":18},{"not_picked":["hermit:Ricochet","hermit:Headshot","hermit:CursedWeapon"],"picked":"SKIP","floor":20},{"not_picked":["hermit:Cheat+1","hermit:Spite","hermit:Brawl+1"],"picked":"SKIP","floor":22},{"not_picked":["hermit:LowProfile","hermit:SprayPray+1"],"picked":"hermit:Virtue+1","floor":24},{"not_picked":["hermit:Quickdraw","hermit:TakeCover","hermit:Feint"],"picked":"SKIP","floor":27},{"not_picked":["hermit:WideOpen","hermit:Manifest","hermit:SprayPray"],"picked":"SKIP","floor":29},{"not_picked":["hermit:Manifest","hermit:BodyArmor","hermit:CursedWeapon+1"],"picked":"SKIP","floor":31},{"not_picked":["hermit:HighNoon","hermit:Gambit"],"picked":"hermit:Reprieve","floor":33},{"not_picked":["hermit:TrackingShot+1","hermit:HighCaliber+1","hermit:Glare"],"picked":"SKIP","floor":35},{"not_picked":["hermit:Roulette","hermit:Coalescence"],"picked":"hermit:LowProfile+1","floor":37},{"not_picked":["hermit:Enervate","hermit:Combo+1","hermit:Roulette"],"picked":"SKIP","floor":40},{"not_picked":["hermit:Malice+1","hermit:Scavenge","hermit:Combo"],"picked":"SKIP","floor":42},{"not_picked":["hermit:CursedWeapon+1","hermit:Gestalt+1"],"picked":"hermit:CalledShot+1","floor":44}],"player_experience":400559,"relics_obtained":[{"floor":9,"key":"Oddly Smooth Stone"},{"floor":13,"key":"ReplayTheSpireMod:Lightbulb"},{"floor":24,"key":"Grinning Jar"},{"floor":26,"key":"Matryoshka"},{"floor":31,"key":"Dead Branch"},{"floor":37,"key":"hubris:64BitClover"},{"floor":43,"key":"FossilizedHelix"},{"floor":43,"key":"theForsaken:Lifeblossom"}],"event_choices":[{"damage_healed":0,"gold_gain":0,"player_choice":"Box","damage_taken":0,"relics_obtained":["Vajra"],"max_hp_gain":0,"max_hp_loss":0,"event_name":"Big Fish","floor":11,"gold_loss":0,"cards_obtained":["Regret"]},{"damage_healed":0,"gold_gain":275,"player_choice":"Desecrate","damage_taken":0,"max_hp_gain":0,"max_hp_loss":0,"event_name":"Golden Shrine","floor":21,"gold_loss":0,"cards_obtained":["Regret"]},{"damage_healed":19,"gold_gain":0,"player_choice":"Writhe","damage_taken":0,"max_hp_gain":0,"max_hp_loss":0,"event_name":"Winding Halls","floor":38,"gold_loss":0,"cards_obtained":["Writhe"]}],"is_beta":false,"boss_relics":[{"not_picked":["hermit:DentedPlate","Empty Cage"],"picked":"ReplayTheSpireMod:DimensionalGlitch"},{"not_picked":["conspire:RunicOctahedron","Ring of Chaos"],"picked":"hubris:ScarierMask"}],"items_purged_floors":[12,19,30,36],"is_endless":false,"potions_floor_spawned":[2,5,7,8,14,16,20,27,31,33,35,42,44],"killed_by":"Giant Head","ascension_level":1}}