{"host":"tf5skwcwe0vlu2md","time":1613570545,"event":{"mods":["BaseMod","Downfall","Highlight Path","Minty Spire (QoL Compilation)","Quick Restart","StSLib","The Hierophant"],"gold_per_floor":[11,11,31,50,50,50,86,86,86,126,140,165,209,209,209,337,337,360,375,20,39,59,90,114,153,153,153,178,178,178,216,216,340,340,364,388,32,0,0,36,60,91,139,139,154,188,203,216,216,216,216,216,22,62,62],"floor_reached":56,"playtime":5826,"items_purged":["Injury","True Grit"],"score":1749,"play_id":"6cb006fc-ab85-4a21-9f57-d430c6e18d7b","local_time":"20210218010225","is_ascension_mode":true,"campfire_choices":[{"data":"Seeing Red","floor":6,"key":"SMITH"},{"floor":8,"key":"REST"},{"floor":15,"key":"REST"},{"data":"Fiend Fire","floor":27,"key":"SMITH"},{"data":"Seeing Red","floor":30,"key":"SMITH"},{"data":"Corruption","floor":32,"key":"SMITH"},{"floor":44,"key":"RECALL"},{"data":"Demon Form","floor":49,"key":"SMITH"},{"data":"Rupture","floor":52,"key":"SMITH"}],"circlet_count":0,"master_deck":["Strike_R","Strike_R+1","Strike_R","Strike_R","Strike_R","Defend_R","Defend_R","Defend_R","Defend_R","Bash+1","Burning Pact","Seeing Red+1","Pummel","Corruption+1","Flex","Ghostly Armor","Havoc+1","Fiend Fire+1","Reckless Charge+1","Pummel","Infernal Blade","Double Tap","Heavy Blade+1","Brutality","Warcry","Seeing Red+1","Fire Breathing","Exhume","Shrug It Off+1","Disarm+1","Dark Embrace+1","Warcry","Seeing Red","Parasite","Demon Form+1","Rupture+1"],"relics":["Burning Blood","Dead Branch","Golden Idol","Paper Frog","Sundial","Mummified Hand","Meat on the Bone","Coffee Dripper","Gremlin Horn","Happy Flower","Oddly Smooth Stone","Pear","Pantograph","Black Star","Singing Bowl","Red Mask","Letter Opener","Eternal Feather","InkBottle","Bird Faced Urn","Shuriken","Molten Egg 2","Vajra","Bottled Tornado","Kunai"],"acts_visited":["Exordium","TheCity","TheBeyond","TheEnding"],"potions_floor_usage":[3,23,23,33,33,50,55],"damage_taken":[{"damage":14,"enemies":"Small Slimes","floor":1,"turns":4},{"damage":25,"enemies":"Jaw Worm","floor":3,"turns":6},{"damage":11,"enemies":"2 Louse","floor":4,"turns":3},{"damage":40,"enemies":"3 Sentries","floor":7,"turns":8},{"damage":10,"enemies":"Lagavulin","floor":10,"turns":5},{"damage":18,"enemies":"Large Slime","floor":11,"turns":2},{"damage":1,"enemies":"Exordium Wildlife","floor":12,"turns":4},{"damage":15,"enemies":"Gremlin Nob","floor":13,"turns":4},{"damage":0,"enemies":"Slime Boss","floor":16,"turns":3},{"damage":0,"enemies":"Spheric Guardian","floor":18,"turns":3},{"damage":2,"enemies":"Shell Parasite","floor":19,"turns":3},{"damage":6,"enemies":"Cultist and Chosen","floor":21,"turns":1},{"damage":11,"enemies":"3 Cultists","floor":22,"turns":4},{"damage":13,"enemies":"Slavers","floor":23,"turns":2},{"damage":1,"enemies":"Snecko","floor":24,"turns":2},{"damage":6,"enemies":"Gremlin Leader","floor":25,"turns":2},{"damage":2,"enemies":"Snake Plant","floor":28,"turns":3},{"damage":16,"enemies":"Slavers","floor":31,"turns":5},{"damage":14,"enemies":"Champ","floor":33,"turns":3},{"damage":20,"enemies":"3 Shapes","floor":35,"turns":2},{"damage":20,"enemies":"Orb Walker","floor":36,"turns":3},{"damage":9,"enemies":"Reptomancer","floor":40,"turns":4},{"damage":8,"enemies":"Jaw Worm Horde","floor":41,"turns":3},{"damage":15,"enemies":"Nemesis","floor":42,"turns":5},{"damage":2,"enemies":"Writhing Mass","floor":45,"turns":2},{"damage":8,"enemies":"Giant Head","floor":46,"turns":3},{"damage":3,"enemies":"Spire Growth","floor":47,"turns":3},{"damage":0,"enemies":"3 Darklings","floor":48,"turns":2},{"damage":18,"enemies":"Donu and Deca","floor":50,"turns":2},{"damage":45,"enemies":"Shield and Spear","floor":54,"turns":3},{"damage":30,"enemies":"The Heart","floor":55,"turns":4}],"seed_played":"-4673759824274914623","potions_obtained":[{"floor":1,"key":"PowerPotion"},{"floor":11,"key":"champ:CounterPotion"},{"floor":13,"key":"LiquidMemories"},{"floor":16,"key":"Ancient Potion"},{"floor":22,"key":"LiquidMemories"},{"floor":24,"key":"Energy Potion"},{"floor":28,"key":"EssenceOfSteel"},{"floor":36,"key":"champ:CounterPotion"},{"floor":40,"key":"ElixirPotion"},{"floor":48,"key":"Swift Potion"}],"is_trial":false,"path_per_floor":["M","?","M","M","?","R","E","R","T","E","M","M","E","?","R","B",null,"M","M","$","M","M","E","M","E","T","R","M","?","R","E","R","B",null,"M","M","$","?","?","E","M","E","T","R","M","E","M","M","R","B",null,"R","$","E","B",null],"character_chosen":"IRONCLAD","items_purchased":["Gremlin Horn","Infernal Blade","Singing Bowl","Vajra","Dexterity Potion"],"campfire_rested":2,"item_purchase_floors":[20,20,37,53,53],"current_hp_per_floor":[72,72,53,48,48,48,14,38,38,34,22,27,18,2,26,44,71,77,80,80,80,75,68,73,73,83,83,87,87,87,77,77,82,88,74,60,60,60,60,57,55,58,58,76,92,94,94,94,94,92,94,94,94,73,84],"gold":62,"neow_bonus":"ONE_RARE_RELIC","is_daily":false,"chose_seed":false,"campfire_upgraded":6,"win_rate":0.0,"timestamp":1613570545,"path_taken":["M","?","M","M","?","R","E","R","T","E","M","M","E","?","R","BOSS","M","M","$","M","M","E","M","E","T","R","M","?","R","E","R","BOSS","M","M","$","?","?","E","M","E","T","R","?","E","M","?","R","BOSS","R","$","E","BOSS"],"items_purchased_type":["Relic","Card","Relic","Relic","Potion"],"build_version":"2020-12-13","purchased_purges":2,"victory":true,"max_hp_per_floor":[80,80,80,80,80,80,80,80,80,80,80,80,80,80,80,80,80,80,80,80,80,80,80,80,80,90,90,90,90,90,90,90,90,90,90,90,90,90,90,90,90,90,90,90,92,94,94,94,94,94,94,94,94,96,96],"card_choices":[{"not_picked":["Headbutt","Iron Wave"],"picked":"Burning Pact","floor":1},{"not_picked":["Iron Wave","Wild Strike"],"picked":"Seeing Red","floor":3},{"not_picked":["Perfected Strike","Cleave"],"picked":"Pummel","floor":4},{"not_picked":["Uppercut","Heavy Blade"],"picked":"Corruption","floor":7},{"not_picked":["Thunderclap","Armaments"],"picked":"True Grit","floor":10},{"not_picked":["Hemokinesis","Body Slam"],"picked":"Flex","floor":11},{"not_picked":["Headbutt","Anger"],"picked":"Ghostly Armor","floor":12},{"not_picked":["Anger","Shrug It Off"],"picked":"Havoc","floor":13},{"not_picked":["Corruption","Bludgeon"],"picked":"Fiend Fire","floor":16},{"not_picked":["Clash","Fire Breathing"],"picked":"Reckless Charge+1","floor":18},{"not_picked":["Heavy Blade+1","Iron Wave"],"picked":"Pummel","floor":19},{"not_picked":["Clothesline","Heavy Blade"],"picked":"Double Tap","floor":21},{"not_picked":["Clothesline","True Grit"],"picked":"Heavy Blade+1","floor":22},{"not_picked":["Warcry","Pommel Strike"],"picked":"Brutality","floor":23},{"not_picked":["Cleave+1","Armaments"],"picked":"Warcry","floor":24},{"not_picked":["Juggernaut","Power Through","Heavy Blade"],"picked":"SKIP","floor":25},{"not_picked":["True Grit","Clash","Headbutt"],"picked":"SKIP","floor":28},{"not_picked":["Blood for Blood","Offering"],"picked":"Fire Breathing","floor":31},{"not_picked":["Brutality","Fiend Fire"],"picked":"Exhume","floor":33},{"not_picked":["Body Slam","True Grit+1"],"picked":"Shrug It Off+1","floor":35},{"not_picked":["Flex","Headbutt+1"],"picked":"Disarm+1","floor":36},{"not_picked":["Havoc+1","True Grit+1"],"picked":"Dark Embrace+1","floor":40},{"not_picked":["Double Tap","True Grit"],"picked":"Warcry","floor":41},{"not_picked":["Anger+1","Combust"],"picked":"Seeing Red","floor":42},{"not_picked":["Clash+1","Clothesline","Body Slam"],"picked":"Singing Bowl","floor":45},{"not_picked":["Perfected Strike+1","Clothesline+1","Power Through+1"],"picked":"Singing Bowl","floor":46},{"not_picked":["Sword Boomerang+1","Searing Blow+1"],"picked":"Demon Form","floor":47},{"not_picked":["Headbutt+1","Iron Wave+1"],"picked":"Rupture","floor":48},{"not_picked":["Shrug It Off","True Grit+1","Feed+1"],"picked":"Singing Bowl","floor":54}],"player_experience":264763,"relics_obtained":[{"floor":7,"key":"Paper Frog"},{"floor":9,"key":"Sundial"},{"floor":10,"key":"Mummified Hand"},{"floor":13,"key":"Meat on the Bone"},{"floor":23,"key":"Happy Flower"},{"floor":25,"key":"Oddly Smooth Stone"},{"floor":26,"key":"Pear"},{"floor":31,"key":"Pantograph"},{"floor":40,"key":"Letter Opener"},{"floor":40,"key":"Eternal Feather"},{"floor":42,"key":"InkBottle"},{"floor":42,"key":"Bird Faced Urn"},{"floor":46,"key":"Shuriken"},{"floor":46,"key":"Molten Egg 2"},{"floor":54,"key":"Bottled Tornado"},{"floor":54,"key":"Kunai"}],"event_choices":[{"damage_healed":0,"gold_gain":0,"player_choice":"Grow","damage_taken":0,"max_hp_gain":0,"max_hp_loss":0,"event_name":"Living Wall","floor":2,"gold_loss":0,"cards_upgraded":["Bash"]},{"damage_healed":0,"gold_gain":0,"player_choice":"Take Wound","damage_taken":0,"relics_obtained":["Golden Idol"],"max_hp_gain":0,"max_hp_loss":0,"event_name":"Golden Idol","floor":5,"gold_loss":0,"cards_obtained":["Injury"]},{"damage_healed":0,"gold_gain":0,"player_choice":"Entered Light","damage_taken":16,"max_hp_gain":0,"max_hp_loss":0,"event_name":"Shining Light","floor":14,"gold_loss":0,"cards_upgraded":["Havoc","Strike_R"]},{"damage_healed":0,"gold_gain":0,"player_choice":"Read","damage_taken":0,"max_hp_gain":0,"max_hp_loss":0,"event_name":"The Library","floor":29,"gold_loss":0,"cards_obtained":["Seeing Red"]},{"damage_healed":0,"gold_gain":0,"player_choice":"Paid","damage_taken":0,"relics_obtained":["Red Mask"],"max_hp_gain":0,"max_hp_loss":0,"event_name":"Tomb of Lord Red Mask","floor":38,"gold_loss":32},{"damage_healed":0,"gold_gain":0,"player_choice":"Ignored","damage_taken":0,"max_hp_gain":0,"max_hp_loss":0,"event_name":"Transmorgrifier","floor":39,"gold_loss":0}],"is_beta":false,"boss_relics":[{"not_picked":["Ectoplasm","Fusion Hammer"],"picked":"Coffee Dripper"},{"not_picked":["Velvet Choker","Empty Cage"],"picked":"Black Star"}],"items_purged_floors":[20,37],"is_endless":false,"potions_floor_spawned":[1,11,13,16,19,22,24,28,36,40,46,47,48],"ascension_level":5}}