{"host":"jvrojcijqdlksu05","time":1613544464,"event":{"mods":["BaseMod","Highlight Path","Minty Spire (QoL Compilation)","Relic Stats","StSLib"],"gold_per_floor":[210,229,179,26,26,26,41,41,64,81,116,131,146,174,174,274,274,285,142,142,156,156,190,207,236,262,292,292,304,304,322,322,421,421,436,446,457,470,481,506,216,250,250,250,270,270,270,295,295,295,295,295,20,51,51],"floor_reached":56,"language":"ENG","playtime":3738,"items_purged":["Grand Finale"],"score":1439,"play_id":"cd942459-f1a4-4441-ac6b-3bab5316b0c4","local_time":"20210216224744","is_ascension_mode":true,"campfire_choices":[{"data":"Skewer","floor":6.0,"key":"SMITH"},{"data":"Neutralize","floor":8.0,"key":"SMITH"},{"data":"Finisher","floor":15,"key":"SMITH"},{"data":"A Thousand Cuts","floor":28,"key":"SMITH"},{"data":"Predator","floor":30,"key":"SMITH"},{"data":"Dagger Throw","floor":32,"key":"SMITH"},{"data":"A Thousand Cuts","floor":47,"key":"SMITH"},{"floor":49,"key":"RECALL"},{"data":"Leg Sweep","floor":52,"key":"SMITH"}],"circlet_count":0,"master_deck":["Survivor+1","Neutralize+1","Skewer+1","Finisher+1","Masterful Stab","Dagger Throw+1","Heel Hook","Die Die Die","Predator+1","A Thousand Cuts+1","Cloak And Dagger+1","Leg Sweep+1","Night Terror","Well Laid Plans+1","Cloak And Dagger+1","Cloak And Dagger+1","Blur","Crippling Poison+1","PiercingWail+1","Night Terror","Terror","A Thousand Cuts+1","Noxious Fumes","Flechettes","Die Die Die","Predator","Eviscerate","Well Laid Plans","Blur","Quick Slash+1","Leg Sweep+1","Night Terror","Phantasmal Killer","Leg Sweep+1","Dash+1","Predator","Endless Agony","Mayhem"],"relics":["Ring of the Snake","ClockworkSouvenir","StoneCalendar","War Paint","Ornamental Fan","Pantograph","Snecko Eye","Orrery","Sundial","Tiny Chest","Bag of Marbles","Centennial Puzzle","Pandora\u0027s Box","TungstenRod","Potion Belt","Lantern","Kunai","Vajra"],"acts_visited":["TheCity","TheBeyond","TheEnding"],"potions_floor_usage":[11,16,23,25,27,40,48,48,50,54,55,55],"damage_taken":[{"damage":0.0,"enemies":"Cultist","floor":1.0,"turns":5.0},{"damage":0.0,"enemies":"2 Louse","floor":2.0,"turns":3.0},{"damage":3.0,"enemies":"Small Slimes","floor":7.0,"turns":4.0},{"damage":2.0,"enemies":"Gremlin Gang","floor":10.0,"turns":4.0},{"damage":4,"enemies":"Gremlin Nob","floor":11,"turns":3},{"damage":0,"enemies":"Looter","floor":12,"turns":1},{"damage":0,"enemies":"3 Louse","floor":13,"turns":3},{"damage":13,"enemies":"Lagavulin","floor":14,"turns":7},{"damage":15,"enemies":"Hexaghost","floor":16,"turns":7},{"damage":0,"enemies":"Chosen","floor":18,"turns":2},{"damage":0,"enemies":"Shell Parasite","floor":21,"turns":4},{"damage":0,"enemies":"Gremlin Leader","floor":23,"turns":6},{"damage":0,"enemies":"Cultist and Chosen","floor":24,"turns":3},{"damage":0,"enemies":"Book of Stabbing","floor":25,"turns":5},{"damage":0,"enemies":"Slavers","floor":27,"turns":4},{"damage":0,"enemies":"Sentry and Sphere","floor":29,"turns":3},{"damage":0,"enemies":"3 Cultists","floor":31,"turns":3},{"damage":23,"enemies":"Automaton","floor":33,"turns":7},{"damage":0,"enemies":"Orb Walker","floor":35,"turns":2},{"damage":5,"enemies":"3 Shapes","floor":36,"turns":5},{"damage":33,"enemies":"Maw","floor":37,"turns":5},{"damage":0,"enemies":"Sphere and 2 Shapes","floor":38,"turns":3},{"damage":17,"enemies":"Writhing Mass","floor":39,"turns":6},{"damage":0,"enemies":"Reptomancer","floor":40,"turns":6},{"damage":0,"enemies":"Giant Head","floor":42,"turns":3},{"damage":0,"enemies":"3 Darklings","floor":45,"turns":2},{"damage":17,"enemies":"Reptomancer","floor":48,"turns":5},{"damage":7,"enemies":"Awakened One","floor":50,"turns":8},{"damage":19,"enemies":"Shield and Spear","floor":54,"turns":5},{"damage":71,"enemies":"The Heart","floor":55,"turns":6}],"seed_played":"6824476493052204094","potions_obtained":[{"floor":2.0,"key":"FearPotion"},{"floor":10.0,"key":"BlessingOfTheForge"},{"floor":12,"key":"BlessingOfTheForge"},{"floor":13,"key":"Strength Potion"},{"floor":16,"key":"CultistPotion"},{"floor":21,"key":"DuplicationPotion"},{"floor":23,"key":"SpeedPotion"},{"floor":25,"key":"Swift Potion"},{"floor":38,"key":"FairyPotion"},{"floor":39,"key":"CultistPotion"},{"floor":40,"key":"SkillPotion"},{"floor":45,"key":"AttackPotion"},{"floor":48,"key":"GamblersBrew"}],"is_trial":false,"path_per_floor":["M","M","?","$","?","R","M","R","T","M","E","M","M","E","R","B",null,"M","$","?","M","?","E","M","E","T","E","R","M","R","M","R","B",null,"M","M","M","M","M","E","$","E","T","?","M","?","R","E","R","B",null,"R","$","E","B",null],"character_chosen":"THE_SILENT","items_purchased":["ClockworkSouvenir","Orrery","Potion Belt","Leg Sweep","Mayhem","SteroidPotion","SkillPotion"],"campfire_rested":0,"item_purchase_floors":[4,19,41,41,53,53,53],"current_hp_per_floor":[70,70,70,70,70,70,67,67,67,65,61,61,61,48,48,55,70,70,70,57,57,57,57,57,57,57,57,57,57,57,57,57,52,75,75,70,37,37,20,20,20,20,20,20,20,20,20,3,3,21,75,75,75,56,4],"gold":51,"neow_bonus":"HUNDRED_GOLD","is_daily":false,"chose_seed":false,"campfire_upgraded":8,"win_rate":0.0,"timestamp":1613544464,"path_taken":["M","M","?","$","?","R","?","R","T","M","E","M","M","E","R","BOSS","M","$","?","M","?","E","?","E","T","E","R","?","R","M","R","BOSS","M","M","M","M","M","E","$","E","T","?","M","?","R","E","R","BOSS","R","$","E","BOSS"],"items_purchased_type":["Relic","Relic","Relic","Card","Card","Potion","Potion"],"build_version":"2020-12-22","purchased_purges":1,"victory":true,"max_hp_per_floor":[70,70,70,70,70,70,70,70,70,70,70,70,70,70,70,70,70,70,70,75,75,75,75,75,75,75,75,75,75,75,75,75,75,75,75,75,75,75,75,75,75,75,75,75,75,75,75,75,75,75,75,75,75,75,75],"relic_stats":{"counters":[26,114],"StoneCalendar":[100],"War Paint":[],"Centennial Puzzle":[25],"Ornamental Fan":[304],"Sundial":[8],"Pantograph":84,"Snecko Eye":[201,159,182,178],"Tiny Chest":0,"Pandora\u0027s Box":["Unload","Noxious Fumes","Flechettes","Die Die Die","Predator","Eviscerate","Well Laid Plans","Concentrate","Grand Finale"],"Kunai":[15],"obtain_stats":[{"Potion Belt":41,"Lantern":42,"Vajra":54,"StoneCalendar":0,"War Paint":0,"ClockworkSouvenir":0,"Centennial Puzzle":27,"Ornamental Fan":11,"Sundial":23,"Pantograph":14,"Snecko Eye":17,"Orrery":19,"Tiny Chest":25,"Pandora\u0027s Box":34,"Bag of Marbles":26,"Kunai":48,"TungstenRod":40,"Ring of the Snake":0},{"Potion Belt":20,"Lantern":21,"Vajra":25,"StoneCalendar":0,"War Paint":0,"ClockworkSouvenir":0,"Centennial Puzzle":11,"Ornamental Fan":1,"Sundial":8,"Pantograph":4,"Snecko Eye":5,"Orrery":6,"Tiny Chest":10,"Pandora\u0027s Box":14,"Bag of Marbles":10,"Kunai":23,"TungstenRod":20,"Ring of the Snake":0},{"Potion Belt":85,"Lantern":88,"Vajra":108,"StoneCalendar":0,"War Paint":0,"ClockworkSouvenir":0,"Centennial Puzzle":45,"Ornamental Fan":3,"Sundial":33,"Pantograph":14,"Snecko Eye":21,"Orrery":23,"Tiny Chest":41,"Pandora\u0027s Box":58,"Bag of Marbles":41,"Kunai":95,"TungstenRod":85,"Ring of the Snake":0}],"TungstenRod":17,"Ring of the Snake":[52]},"card_choices":[{"not_picked":["Underhanded Strike","Flechettes"],"picked":"Skewer","floor":1.0},{"not_picked":["Outmaneuver","Sucker Punch"],"picked":"Finisher","floor":2.0},{"not_picked":["PiercingWail","Heel Hook"],"picked":"Masterful Stab","floor":7.0},{"not_picked":["Bane","Sucker Punch"],"picked":"Dagger Throw","floor":10.0},{"not_picked":["Crippling Poison","Poisoned Stab"],"picked":"Heel Hook","floor":11},{"not_picked":["Eviscerate","Quick Slash","Prepared"],"picked":"SKIP","floor":12},{"not_picked":["Underhanded Strike","Dodge and Roll"],"picked":"Die Die Die","floor":13},{"not_picked":["Masterful Stab","Calculated Gamble"],"picked":"Predator","floor":14},{"not_picked":["Grand Finale","Doppelganger"],"picked":"A Thousand Cuts","floor":16},{"not_picked":["Terror","Finisher"],"picked":"Cloak And Dagger+1","floor":18},{"not_picked":["Poisoned Stab","Deadly Poison"],"picked":"Leg Sweep+1","floor":19},{"not_picked":["Bane+1","Deadly Poison"],"picked":"Night Terror","floor":19},{"not_picked":["Blade Dance","Expertise+1"],"picked":"Well Laid Plans+1","floor":19},{"not_picked":["Dagger Spray+1","Endless Agony"],"picked":"Cloak And Dagger+1","floor":19},{"not_picked":["Underhanded Strike","Deflect"],"picked":"Cloak And Dagger+1","floor":19},{"not_picked":["Underhanded Strike","PiercingWail"],"picked":"Blur","floor":21},{"not_picked":["Poisoned Stab+1","Outmaneuver"],"picked":"Crippling Poison+1","floor":23},{"not_picked":["Setup","Poisoned Stab+1"],"picked":"PiercingWail+1","floor":24},{"not_picked":["Unload","Sucker Punch","Escape Plan+1"],"picked":"SKIP","floor":25},{"not_picked":["Dagger Spray","Dash"],"picked":"Night Terror","floor":27},{"not_picked":["Well Laid Plans","Flying Knee"],"picked":"Terror","floor":29},{"not_picked":["Skewer","Acrobatics","Dodge and Roll"],"picked":"SKIP","floor":31},{"not_picked":["Tools of the Trade","Grand Finale"],"picked":"A Thousand Cuts","floor":33},{"not_picked":["Dodge and Roll+1","Sucker Punch"],"picked":"Blur","floor":35},{"not_picked":["Bouncing Flask","Prepared+1"],"picked":"Quick Slash+1","floor":36},{"not_picked":["Poisoned Stab","Deflect+1"],"picked":"Leg Sweep+1","floor":37},{"not_picked":["Dagger Spray","Slice+1"],"picked":"Night Terror","floor":38},{"not_picked":["Riddle With Holes","Reflex+1","Poisoned Stab"],"picked":"SKIP","floor":39},{"not_picked":["Poisoned Stab","Tactician+1"],"picked":"Phantasmal Killer","floor":40},{"not_picked":["Reflex","Cloak And Dagger"],"picked":"Dash+1","floor":42},{"not_picked":["Blade Dance+1","Deflect"],"picked":"Predator","floor":45},{"not_picked":["Masterful Stab+1","Deadly Poison","Underhanded Strike+1"],"picked":"SKIP","floor":48},{"not_picked":["Prepared","Tactician+1","All Out Attack"],"picked":"SKIP","floor":54}],"player_experience":1338331,"relics_obtained":[{"floor":9.0,"key":"War Paint"},{"floor":11,"key":"Ornamental Fan"},{"floor":14,"key":"Pantograph"},{"floor":23,"key":"Sundial"},{"floor":25,"key":"Tiny Chest"},{"floor":26,"key":"Bag of Marbles"},{"floor":27,"key":"Centennial Puzzle"},{"floor":40,"key":"TungstenRod"},{"floor":42,"key":"Lantern"},{"floor":48,"key":"Kunai"},{"floor":54,"key":"Vajra"}],"event_choices":[{"cards_removed":["Defend_G"],"damage_healed":0.0,"max_hp_gain":0.0,"max_hp_loss":0.0,"gold_gain":0.0,"event_name":"The Cleric","player_choice":"Card Removal","floor":3.0,"gold_loss":50.0,"damage_taken":0.0},{"damage_healed":0.0,"max_hp_gain":0.0,"max_hp_loss":0.0,"gold_gain":0.0,"event_name":"WeMeetAgain","player_choice":"Gave Potion","floor":5.0,"gold_loss":0.0,"damage_taken":0.0,"relics_obtained":["StoneCalendar"]},{"damage_healed":0,"gold_gain":0,"player_choice":"Shed Blood","damage_taken":18,"max_hp_gain":5,"max_hp_loss":0,"event_name":"Forgotten Altar","floor":20,"gold_loss":0},{"damage_healed":0,"gold_gain":0,"player_choice":"Bought 0 Potions","damage_taken":0,"max_hp_gain":0,"max_hp_loss":0,"event_name":"The Woman in Blue","floor":22,"gold_loss":0},{"cards_removed":["Unload"],"damage_healed":0,"gold_gain":0,"player_choice":"Removed Attack","damage_taken":0,"max_hp_gain":0,"max_hp_loss":0,"event_name":"Falling","floor":44,"gold_loss":0},{"damage_healed":0,"gold_gain":0,"cards_transformed":["Concentrate"],"player_choice":"Transformed","damage_taken":0,"max_hp_gain":0,"max_hp_loss":0,"event_name":"Transmorgrifier","floor":46,"gold_loss":0,"cards_obtained":["Endless Agony"]}],"is_beta":false,"boss_relics":[{"not_picked":["Fusion Hammer","Runic Dome"],"picked":"Snecko Eye"},{"not_picked":["SlaversCollar","Calling Bell"],"picked":"Pandora\u0027s Box"}],"items_purged_floors":[41],"is_endless":false,"potions_floor_spawned":[2,10,12,13,16,21,23,25,38,39,40,45,48],"ascension_level":1}}