{"host":"eya4veotfj2c6je8","time":1613593126,"event":{"mods":["2.2 Compatiblity","AchievementEnabler","BaseMod","BetterRewards","Colored Map","Downfall","Hermit","Hubris","Infinite Spire","Jorbs\u0027s Wanderer Trilogy","Koishi","Marisa????????","Minty Spire (QoL Compilation)","Replay The Spire","Shop Mod","StSLib","Td1madao Mod","The Animator","The Construct","The Cursed","The Disciple","The Hierophant","The Mystic","The Runesmith","The Servant 0.9.4"],"gold_per_floor":[99,99,133,163,194,221,247,274,74,74,105,130,157,187,187,305,305,305,339,371,371,22,150,150,194,214,214,247,269,269,46,73,180,180,180,209,209,243,268,11,11,11,49,81,36,36,36,73,116,132],"floor_reached":51,"language":"ENG","playtime":10279,"items_purged":["downfall:Bewildered"],"score":753,"play_id":"a9368e0c-a510-4dc2-b521-a13ff70ba4fe","local_time":"20210217141846","is_ascension_mode":false,"campfire_choices":[{"floor":1,"key":"RECALL"},{"floor":9,"key":"REST"},{"floor":18,"key":"DIG"},{"floor":30,"key":"REST"},{"floor":35,"key":"DIG"},{"floor":42,"key":"DIG"},{"floor":47,"key":"DIG"}],"circlet_count":0,"master_deck":["Guardian:Strike_Guardian","Guardian:Strike_Guardian","Guardian:Strike_Guardian","Guardian:Strike_Guardian","Guardian:Defend_Guardian","Guardian:Defend_Guardian","Guardian:Defend_Guardian","Guardian:Defend_Guardian","Guardian:CurlUp","Guardian:TwinSlam","Guardian:FloatingOrbs","Guardian:CrystalBeam","Guardian:FierceBash","Guardian:ChargeCore","Guardian:ChargeCore","Guardian:TimeBomb","Guardian:Incinerate","Guardian:ShieldCharger","Guardian:ConstructionForm","Guardian:SpikerProtocol","Guardian:PrimingBeam","Guardian:TimeBomb","Guardian:WalkerClaw+1","Guardian:GuardianWhirl","Guardian:Reroute+1","Guardian:SentryBeam","Guardian:StasisStrike","Guardian:SpikerProtocol","Guardian:BronzeOrb","Replay:Sssssssssshield","Guardian:Emergency","Guardian:Emergency","Guardian:TimeCapacitor","Guardian:RollAttack","Guardian:PiercingHide","Guardian:TimeSifter","Guardian:TemporalStrike","infinitespire:Starlight","ReplayTheSpireMod:Chaos Vortex","infinitespire:TheBestDefense","Guardian:ConstructionForm","Guardian:Recover+1","Guardian:SphericShield","Parasite","Guardian:Planning+1","Guardian:EvasiveProtocol","expansioncontent:DashGenerateEvil","Guardian:WalkerClaw+1","Replay:SS_fish_1","Guardian:Gem_Purple","Guardian:ArmoredProtocol"],"relics":["Guardian:ModeShifter","Replay:Bandana","downfall:HeartBlessingRed","downfall:HeartBlessingBlue","Boot","Anchor","Painkiller Herb","sneckomod:BabySnecko","MerchantsRug","Shovel","Mercury Hourglass","Nloth\u0027s Gift","Velvet Choker","Strawberry","Kunai","Kunai","hubris:BottledRain","Blood Vial","hubris:Towel","Runesmith:AutoHammer"],"acts_visited":["Exordium","TheCity","TheBeyond"],"potions_floor_usage":[15,16,23,33,33,40,50,50],"damage_taken":[{"damage":1,"enemies":"Cultist","floor":3,"turns":5},{"damage":23,"enemies":"infinitespire:Voidling","floor":4,"turns":5},{"damage":6,"enemies":"Jaw Worm","floor":5,"turns":3},{"damage":7,"enemies":"Blue Slaver","floor":6,"turns":5},{"damage":22,"enemies":"Large Slime","floor":8,"turns":6},{"damage":16,"enemies":"Lots of Slimes","floor":11,"turns":4},{"damage":5,"enemies":"Exordium Thugs","floor":12,"turns":4},{"damage":7,"enemies":"Blue Slaver","floor":13,"turns":3},{"damage":0,"enemies":"2 Fungi Beasts","floor":14,"turns":3},{"damage":0,"enemies":"Exordium Wildlife","floor":15,"turns":1},{"damage":3,"enemies":"SI_SHIV_ARCHETYPE","floor":16,"turns":9},{"damage":2,"enemies":"Shell Parasite","floor":19,"turns":5},{"damage":0,"enemies":"3 Byrds","floor":20,"turns":3},{"damage":5,"enemies":"downfall:FleeingMerchant","floor":22,"turns":4},{"damage":36,"enemies":"DF_ARCHETYPE_STREAMLINE","floor":23,"turns":4},{"damage":12,"enemies":"3 Cultists","floor":25,"turns":4},{"damage":0,"enemies":"Shelled Parasite and Fungi","floor":26,"turns":4},{"damage":23,"enemies":"Centurion and Healer","floor":28,"turns":4},{"damage":0,"enemies":"Chosen and Byrds","floor":29,"turns":4},{"damage":2,"enemies":"downfall:FleeingMerchant","floor":31,"turns":4},{"damage":7,"enemies":"Snake Plant","floor":32,"turns":4},{"damage":0,"enemies":"IC_MUSHROOM_ARCHETYPE","floor":33,"turns":6},{"damage":14,"enemies":"3 Shapes","floor":36,"turns":3},{"damage":6,"enemies":"3 Darklings","floor":38,"turns":5},{"damage":23,"enemies":"Maw","floor":39,"turns":8},{"damage":0,"enemies":"downfall:FleeingMerchant","floor":40,"turns":4},{"damage":14,"enemies":"Writhing Mass","floor":43,"turns":4},{"damage":0,"enemies":"Spire Growth","floor":44,"turns":4},{"damage":2,"enemies":"downfall:FleeingMerchant","floor":45,"turns":3},{"damage":0,"enemies":"Maw","floor":48,"turns":8},{"damage":18,"enemies":"4 Shapes","floor":49,"turns":4},{"damage":30,"enemies":"DF_ARCHETYPE_ORBS","floor":50,"turns":11}],"seed_played":"-3851860708160197992","potions_obtained":[{"floor":2,"key":"SmokeBomb"},{"floor":2,"key":"Doom Potion"},{"floor":2,"key":"SteroidPotion"},{"floor":5,"key":"EssenceOfSteel"},{"floor":19,"key":"Death Potion"},{"floor":25,"key":"SkillPotion"},{"floor":29,"key":"Doom Potion"},{"floor":32,"key":"Guardian:DefensiveModePotion"},{"floor":39,"key":"Fire Potion"},{"floor":48,"key":"LiquidBronze"},{"floor":49,"key":"SteroidPotion"}],"is_trial":false,"path_per_floor":["R","?","M","M","M","M","T","M","R","$","M","M","M","M","M","B",null,"T","?","?","?","T","?","T","?","?","?","?","?","T","T","?","B",null,"T","?","AVR","?","?","T","T","T","?","?","T","?","T","?","?","B",null],"character_chosen":"GUARDIAN","items_purchased":["Boot","Anchor","MerchantsRug","Guardian:WalkerClaw+1","Guardian:Gem_Blue","Guardian:GuardianWhirl","Replay:Sssssssssshield","Guardian:Emergency","Guardian:TimeCapacitor","Guardian:RollAttack","Kunai","expansioncontent:DashGenerateEvil","Guardian:WalkerClaw+1","Replay:SS_fish_1","Guardian:Gem_Blue"],"campfire_rested":2,"item_purchase_floors":[10,10,22,22,22,22,31,31,31,31,40,45,45,45,45],"current_hp_per_floor":[80,80,79,63,57,50,50,28,65,45,29,24,17,17,17,14,90,90,88,88,88,83,47,47,35,35,35,12,12,39,37,30,30,90,97,83,83,87,74,84,84,84,82,84,84,84,84,96,88,70],"gold":132,"neow_bonus":"RANDOM_COMMON_RELIC","is_daily":false,"chose_seed":false,"campfire_upgraded":0,"win_rate":0.0,"timestamp":1613593126,"path_taken":["R","?","M","M","?","M","T","M","R","?","M","M","M","M","M","BOSS","T","?","?","?","T","?","T","?","?","?","?","?","T","T","?","BOSS","T","?","AVR","?","?","T","T","T","?","?","T","?","T","?","?","BOSS"],"items_purchased_type":["Relic","Relic","Relic","Card","Card","Card","Card","Card","Card","Card","Relic","Card","Card","Card","Card"],"build_version":"2020-12-22","purchased_purges":1,"victory":true,"max_hp_per_floor":[80,80,80,80,80,80,80,80,90,90,90,90,90,90,90,90,90,90,90,90,90,90,90,90,90,90,90,90,90,90,90,90,90,90,97,97,97,97,97,97,97,97,97,97,97,97,97,97,97,97],"card_choices":[{"not_picked":["Guardian:Gem_White","Guardian:TemporalShield"],"picked":"Guardian:Gem_Red","floor":3},{"not_picked":["Guardian:Gem_Green","Guardian:Recover"],"picked":"Guardian:FloatingOrbs","floor":4},{"not_picked":["Guardian:Gem_Cyan","Guardian:Gem_Red"],"picked":"Guardian:CrystalBeam","floor":5},{"not_picked":["Guardian:Reroute","Guardian:TemporalStrike"],"picked":"Guardian:FierceBash","floor":6},{"not_picked":["Guardian:Gem_Fragmented","Guardian:Gem_White"],"picked":"Guardian:ChargeCore","floor":8},{"not_picked":["Guardian:Gem_Lightblue","Guardian:TemporalShield"],"picked":"Guardian:ChargeCore","floor":11},{"not_picked":["Guardian:Repulse","Guardian:Gem_Green"],"picked":"Guardian:TimeBomb","floor":12},{"not_picked":["Guardian:PolyBeam","Guardian:GemFinder"],"picked":"Guardian:Incinerate","floor":13},{"not_picked":["Guardian:CrystalBeam","Guardian:ChargeCore"],"picked":"Guardian:ShieldCharger","floor":14},{"not_picked":["Guardian:GemFinder","Guardian:ExploitGems"],"picked":"Guardian:ConstructionForm","floor":16},{"not_picked":["Guardian:RollAttack","Guardian:Gem_Lightblue"],"picked":"Guardian:SpikerProtocol","floor":19},{"not_picked":["Guardian:ArmoredProtocol","Guardian:WalkerClaw+1"],"picked":"Guardian:PrimingBeam","floor":20},{"not_picked":["Guardian:DonusPower","Guardian:TimeCapacitor+1"],"picked":"Guardian:TimeBomb","floor":22},{"not_picked":["Guardian:Planning","Guardian:RollAttack"],"picked":"Guardian:Reroute+1","floor":23},{"not_picked":["Guardian:CrystalBeam","Guardian:Incinerate"],"picked":"Guardian:SentryBeam","floor":25},{"not_picked":["Guardian:PolyBeam","Guardian:Incinerate"],"picked":"Guardian:StasisStrike","floor":26},{"not_picked":["Guardian:Gem_Crimson","Guardian:Recover+1"],"picked":"Guardian:SpikerProtocol","floor":28},{"not_picked":["Guardian:Reroute","Guardian:TemporalShield"],"picked":"Guardian:BronzeOrb","floor":29},{"not_picked":["Guardian:PrismaticBeam+1","Guardian:ArmoredProtocol"],"picked":"Guardian:Gem_Yellow","floor":31},{"not_picked":["Guardian:TemporalShield","Guardian:Incinerate"],"picked":"Guardian:PiercingHide","floor":32},{"not_picked":["Guardian:ExploitGems","Guardian:GemFinder"],"picked":"Guardian:TimeSifter","floor":33},{"not_picked":["Guardian:BronzeArmor","Guardian:Gem_Cyan"],"picked":"Guardian:TemporalStrike","floor":36},{"not_picked":["Guardian:ChargeCore","Guardian:CrystalBeam+1"],"picked":"Guardian:ConstructionForm","floor":38},{"not_picked":["Guardian:ShieldCharger","Guardian:FloatingOrbs+1"],"picked":"Guardian:Recover+1","floor":39},{"not_picked":["Guardian:TemporalStrike","Guardian:Gem_Lightblue"],"picked":"Guardian:SphericShield","floor":40},{"not_picked":["Guardian:Emergency","Guardian:Repulse+1"],"picked":"Guardian:Gem_Green","floor":43},{"not_picked":["Guardian:CrystalBeam","Guardian:Preprogram"],"picked":"Guardian:Planning+1","floor":44},{"not_picked":["Guardian:VentSteam+1","Guardian:Gem_Purple"],"picked":"Guardian:EvasiveProtocol","floor":45},{"not_picked":["Guardian:PrimingBeam+1","Guardian:Planning"],"picked":"Guardian:Gem_Purple","floor":48},{"not_picked":["Guardian:PiercingHide","Guardian:Reroute"],"picked":"Guardian:ArmoredProtocol","floor":49}],"player_experience":312793,"relics_obtained":[{"floor":18,"key":"hubris:DeckOfHolding"},{"floor":23,"key":"Shovel"},{"floor":23,"key":"Mercury Hourglass"},{"floor":24,"key":"CaptainsWheel"},{"floor":35,"key":"Strawberry"},{"floor":41,"key":"hubris:BottledRain"},{"floor":42,"key":"Blood Vial"},{"floor":47,"key":"Runesmith:AutoHammer"}],"event_choices":[{"damage_healed":0,"gold_gain":0,"player_choice":"Got Potions","damage_taken":0,"max_hp_gain":0,"max_hp_loss":0,"event_name":"Lab","floor":2,"gold_loss":0}],"is_beta":false,"boss_relics":[{"not_picked":["Ring of Chaos","Coffee Dripper"],"picked":"Painkiller Herb"},{"not_picked":["Philosopher\u0027s Stone","hubris:CrackedHourglass"],"picked":"Velvet Choker"}],"items_purged_floors":[22],"is_endless":false,"potions_floor_spawned":[4,5,8,11,13,14,19,25,29,32,39,48,49],"ascension_level":0}}