{"host":"wq0pzln9h9r005f2","time":1613589347,"event":{"mods":["AchievementEnabler","BaseMod","BetterRewards","Googly Eyes","Highlight Path","Minty Spire (QoL Compilation)","Permanent Neow","Quick Restart","Rare Cards Sparkle","Relic Stats","StSLib","SuperFastMode","The Hierophant","The IronCluck","egg"],"gold_per_floor":[113,38,56,69,89,117,117,143,166,166,189,189,217,237,237,309,309,320,320,332,21,37,37,37,69,122,22,22,22],"floor_reached":28,"language":"ENG","playtime":765,"items_purged":["Strike_R","Decay"],"score":435,"play_id":"d506790c-b7fa-4b9b-819d-acab8812b48c","local_time":"20210217121547","is_ascension_mode":true,"campfire_choices":[{"floor":7,"key":"REST"},{"floor":10,"key":"REST"},{"floor":12,"key":"REST"},{"data":"Whirlwind","floor":15,"key":"SMITH"},{"floor":23,"key":"REST"}],"circlet_count":0,"master_deck":["AscendersBane","Strike_R","Strike_R","Strike_R","Strike_R","Defend_R","Defend_R","Defend_R","Defend_R","Bash","CurseOfTheBell","Whirlwind+1","Flex","Double Tap","Armaments","Battle Trance","Flex","Juggernaut","Flame Barrier","Secret Technique"],"relics":["Calling Bell","Red Skull","Ornamental Fan","TungstenRod","Bag of Marbles","Pen Nib","Vajra","Orichalcum","Potion Belt","Sozu","Enchiridion","Tiny Chest","Bag of Preparation","Blood Vial"],"acts_visited":["Exordium","TheCity"],"potions_floor_usage":[8,16,28],"damage_taken":[{"damage":4,"enemies":"Cultist","floor":1,"turns":4},{"damage":7,"enemies":"2 Louse","floor":3,"turns":3},{"damage":6,"enemies":"Jaw Worm","floor":4,"turns":3},{"damage":13,"enemies":"Red Slaver","floor":5,"turns":4},{"damage":35,"enemies":"3 Sentries","floor":6,"turns":7},{"damage":23,"enemies":"Lagavulin","floor":8,"turns":7},{"damage":9,"enemies":"3 Sentries","floor":13,"turns":5},{"damage":5,"enemies":"Looter","floor":14,"turns":2},{"damage":13,"enemies":"Hexaghost","floor":16,"turns":8},{"damage":0,"enemies":"2 Thieves","floor":18,"turns":1},{"damage":5,"enemies":"Chosen","floor":20,"turns":4},{"damage":25,"enemies":"Snecko","floor":22,"turns":4},{"damage":31,"enemies":"Gremlin Leader","floor":25,"turns":5},{"damage":12,"enemies":"Snake Plant","floor":28,"turns":3}],"seed_played":"3991562589018372121","potions_obtained":[{"floor":3,"key":"EssenceOfSteel"},{"floor":4,"key":"Ancient Potion"},{"floor":5,"key":"Fire Potion"},{"floor":6,"key":"SteroidPotion"},{"floor":16,"key":"ColorlessPotion"}],"is_trial":false,"path_per_floor":["M","$","M","M","M","E","R","E","T","R","T","R","E","M","R","B",null,"M","?","M","$","M","R","?","E","T","$","M"],"character_chosen":"IRONCLAD","items_purchased":["Secret Technique","Tiny Chest"],"campfire_rested":4,"item_purchase_floors":[21,21],"current_hp_per_floor":[64,64,57,51,38,3,25,2,2,24,24,46,37,32,32,19,61,61,49,44,44,19,41,41,10,10,10,0,0],"gold":22,"neow_bonus":"BOSS_RELIC","is_daily":false,"chose_seed":false,"campfire_upgraded":1,"win_rate":0.0,"timestamp":1613589347,"path_taken":["M","?","?","M","M","E","R","E","T","R","?","R","E","M","R","BOSS","M","?","M","$","M","R","?","E","T","$","?"],"items_purchased_type":["Card","Relic"],"build_version":"2020-12-22","purchased_purges":2,"victory":false,"max_hp_per_floor":[75,75,75,75,75,75,75,75,75,75,75,75,75,75,75,75,75,75,75,75,75,75,75,75,75,75,75,75,75],"relic_stats":{"Sozu":2,"Blood Vial":2,"counters":[14,60],"Ornamental Fan":[16],"Tiny Chest":0,"Pen Nib":[4],"Bag of Preparation":[2],"Orichalcum":[42],"obtain_stats":[{"Potion Belt":13,"Vajra":9,"Enchiridion":19,"Pen Nib":8,"Bag of Preparation":25,"Orichalcum":11,"Burning Blood":0,"Calling Bell":0,"Sozu":17,"Blood Vial":26,"Ornamental Fan":0,"Tiny Chest":21,"Bag of Marbles":6,"Red Skull":0,"TungstenRod":0},{"Potion Belt":7,"Vajra":6,"Enchiridion":10,"Pen Nib":6,"Bag of Preparation":13,"Orichalcum":6,"Burning Blood":0,"Calling Bell":0,"Sozu":9,"Blood Vial":13,"Ornamental Fan":0,"Tiny Chest":11,"Bag of Marbles":5,"Red Skull":0,"TungstenRod":0},{"Potion Belt":33,"Vajra":28,"Enchiridion":44,"Pen Nib":28,"Bag of Preparation":57,"Orichalcum":28,"Burning Blood":0,"Calling Bell":0,"Sozu":43,"Blood Vial":57,"Ornamental Fan":0,"Tiny Chest":48,"Bag of Marbles":21,"Red Skull":0,"TungstenRod":0}],"TungstenRod":37},"card_choices":[{"not_picked":["Evolve","Twin Strike"],"picked":"Whirlwind","floor":1},{"not_picked":["Twin Strike","Pummel"],"picked":"Flex","floor":3},{"not_picked":["Body Slam","Combust"],"picked":"Double Tap","floor":4},{"not_picked":["Rupture","Dropkick"],"picked":"Armaments","floor":5},{"not_picked":["Pommel Strike","Ghostly Armor"],"picked":"Battle Trance","floor":6},{"not_picked":["True Grit","Juggernaut"],"picked":"Flex","floor":8},{"not_picked":["Pommel Strike","Havoc","Rupture"],"picked":"SKIP","floor":13},{"not_picked":["Iron Wave","Pommel Strike","Havoc"],"picked":"SKIP","floor":14},{"not_picked":["Offering","Exhume"],"picked":"Juggernaut","floor":16},{"not_picked":["Body Slam","Dropkick"],"picked":"Flame Barrier","floor":18},{"not_picked":["Rampage","Havoc+1","Iron Wave"],"picked":"SKIP","floor":20},{"not_picked":["Pummel+1","Combust","Havoc"],"picked":"SKIP","floor":22},{"not_picked":["Ghostly Armor","Searing Blow","Havoc"],"picked":"SKIP","floor":25}],"player_experience":118204,"relics_obtained":[{"floor":0,"key":"Red Skull"},{"floor":0,"key":"Ornamental Fan"},{"floor":0,"key":"TungstenRod"},{"floor":6,"key":"Bag of Marbles"},{"floor":8,"key":"Pen Nib"},{"floor":9,"key":"Vajra"},{"floor":11,"key":"Orichalcum"},{"floor":13,"key":"Potion Belt"},{"floor":19,"key":"Enchiridion"},{"floor":25,"key":"Bag of Preparation"},{"floor":26,"key":"Blood Vial"}],"event_choices":[{"damage_healed":0,"gold_gain":0,"player_choice":"Obtained Book","damage_taken":16,"max_hp_gain":0,"max_hp_loss":0,"event_name":"Cursed Tome","floor":19,"gold_loss":0},{"damage_healed":0,"gold_gain":0,"player_choice":"Cursed","damage_taken":0,"max_hp_gain":0,"max_hp_loss":0,"event_name":"Wheel of Change","floor":24,"gold_loss":0,"cards_obtained":["Decay"]}],"is_beta":false,"boss_relics":[{"not_picked":["Ectoplasm","Black Star"],"picked":"Sozu"}],"items_purged_floors":[2,27],"is_endless":false,"potions_floor_spawned":[3,4,5,6,16,18,25],"killed_by":"Snake Plant","ascension_level":14}}