{"host":"j2zti408atcvju3x","time":1613539059,"event":{"mods":["BaseMod","Minty Spire (QoL Compilation)","Quick Restart","StSLib"],"gold_per_floor":[114,114,114,114,134,134,145,163,231,231,251,271,50,0,0,101,101,115,115,90,101,121,121,147,147,174,74,91,91,91,91,91,188,188,205,221,96,106,106,106,118,138,163,163,163,163,163,178,178,178],"floor_reached":51,"language":"ZHS","playtime":2377,"items_purged":["Strike_B","Defend_B","Writhe"],"score":784,"play_id":"aa3862f9-0a5f-4f96-a28b-187acaec0859","local_time":"20210217131739","is_ascension_mode":false,"campfire_choices":[{"data":"Defragment","floor":6.0,"key":"SMITH"},{"data":"Coolheaded","floor":10.0,"key":"SMITH"},{"data":"Loop","floor":15.0,"key":"SMITH"},{"data":"Dualcast","floor":23.0,"key":"SMITH"},{"data":"Steam","floor":25.0,"key":"SMITH"},{"floor":32.0,"key":"REST"},{"data":"Capacitor","floor":40.0,"key":"SMITH"},{"floor":44,"key":"REST"},{"data":"Seek","floor":47,"key":"SMITH"},{"data":"Chill","floor":49,"key":"SMITH"}],"circlet_count":0,"master_deck":["Defend_B","Defend_B","Zap+1","Dualcast+1","Defragment+1","Steam+1","Coolheaded+1","Chill+1","Loop+1","Lockon","Seek+1","Capacitor+1","Glacier","Storm+1","Thunder Strike+1","Writhe"],"relics":["Cracked Core","Bronze Scales","Sundial","Lee\u0027s Waffle","Sozu","Girya","Regal Pillow","Molten Egg 2","Philosopher\u0027s Stone","Juzu Bracelet"],"acts_visited":["Exordium","TheCity","TheBeyond"],"potions_floor_usage":[50],"damage_taken":[{"damage":6.0,"enemies":"Jaw Worm","floor":1.0,"turns":3.0},{"damage":8.0,"enemies":"2 Louse","floor":5.0,"turns":2.0},{"damage":6.0,"enemies":"Cultist","floor":7.0,"turns":3.0},{"damage":5.0,"enemies":"Looter","floor":8.0,"turns":3.0},{"damage":8.0,"enemies":"Gremlin Gang","floor":11.0,"turns":6.0},{"damage":0.0,"enemies":"Large Slime","floor":12.0,"turns":4.0},{"damage":20.0,"enemies":"The Guardian","floor":16.0,"turns":11.0},{"damage":0.0,"enemies":"Shell Parasite","floor":18.0,"turns":4.0},{"damage":6.0,"enemies":"2 Thieves","floor":20.0,"turns":5.0},{"damage":6.0,"enemies":"Centurion and Healer","floor":21.0,"turns":9.0},{"damage":1.0,"enemies":"Cultist and Chosen","floor":22.0,"turns":7.0},{"damage":26.0,"enemies":"Slavers","floor":24.0,"turns":7.0},{"damage":6.0,"enemies":"Shelled Parasite and Fungi","floor":28.0,"turns":4.0},{"damage":26.0,"enemies":"Champ","floor":33.0,"turns":13.0},{"damage":23.0,"enemies":"3 Darklings","floor":35.0,"turns":6.0},{"damage":6.0,"enemies":"Orb Walker","floor":36.0,"turns":3.0},{"damage":2.0,"enemies":"Transient","floor":38.0,"turns":5.0},{"damage":9.0,"enemies":"Maw","floor":41.0,"turns":8.0},{"damage":7,"enemies":"3 Darklings","floor":42,"turns":7},{"damage":24,"enemies":"Sphere and 2 Shapes","floor":48,"turns":4},{"damage":58,"enemies":"Time Eater","floor":50,"turns":12}],"seed_played":"-9197987434198684501","potions_obtained":[{"floor":1.0,"key":"EntropicBrew"},{"floor":7.0,"key":"AttackPotion"},{"floor":11.0,"key":"Fire Potion"},{"floor":12.0,"key":"FocusPotion"}],"is_trial":false,"path_per_floor":["M","?","?","?","M","R","M","M","T","R","M","M","$","?","R","B",null,"M","?","M","M","M","R","E","R","T","$","M","$","?","?","R","B",null,"M","M","$","M","?","R","M","M","T","R","?","?","R","M","R","B",null],"character_chosen":"DEFECT","items_purchased":["Lee\u0027s Waffle"],"campfire_rested":2,"item_purchase_floors":[13],"current_hp_per_floor":[76,69,69,69,61,61,55,50,50,50,42,42,89,89,89,69,89,89,89,83,77,76,76,50,50,50,50,44,44,44,27,70,44,94,71,65,65,63,63,63,54,47,47,90,94,94,94,70,70,12],"gold":178,"neow_bonus":"TEN_PERCENT_HP_BONUS","is_daily":false,"chose_seed":false,"campfire_upgraded":8,"win_rate":0.0,"timestamp":1613539059,"path_taken":["M","?","?","?","M","R","M","M","T","R","M","?","$","?","R","BOSS","M","?","M","?","M","R","E","R","T","$","M","$","?","?","R","BOSS","M","M","$","M","?","R","M","M","T","R","?","?","R","M","R","BOSS"],"items_purchased_type":["Relic"],"build_version":"2020-12-22","purchased_purges":3,"victory":true,"max_hp_per_floor":[82,82,82,82,82,82,82,82,82,82,82,82,89,89,89,89,89,89,89,89,89,89,89,89,89,89,89,89,89,89,94,94,94,94,94,94,94,94,94,94,94,94,94,94,94,94,94,94,94,94],"card_choices":[{"not_picked":["Chaos","Streamline","Compile Driver"],"picked":"SKIP","floor":1.0},{"not_picked":["Barrage","Skim"],"picked":"Defragment","floor":5.0},{"not_picked":["Melter","Rebound"],"picked":"Steam","floor":7.0},{"not_picked":["Hologram","Loop"],"picked":"Coolheaded","floor":8.0},{"not_picked":["Conserve Battery","Gash"],"picked":"Chill","floor":11.0},{"not_picked":["Stack","Ball Lightning"],"picked":"Loop","floor":12.0},{"not_picked":["Rebound","Heatsinks","Reprogram"],"picked":"SKIP","floor":18.0},{"not_picked":["Rip and Tear","Steam Power","Conserve Battery"],"picked":"SKIP","floor":20.0},{"not_picked":["Auto Shields","Leap"],"picked":"Lockon","floor":21.0},{"not_picked":["Ball Lightning","Stack+1","Sweeping Beam"],"picked":"SKIP","floor":22.0},{"not_picked":["Force Field+1","Conserve Battery","Go for the Eyes"],"picked":"SKIP","floor":24.0},{"not_picked":["Coolheaded","Sweeping Beam","Ball Lightning"],"picked":"SKIP","floor":28.0},{"not_picked":["Reboot","Creative AI"],"picked":"Seek","floor":33.0},{"not_picked":["Ball Lightning+1","Fusion"],"picked":"Capacitor","floor":35.0},{"not_picked":["Hologram","Rebound+1"],"picked":"Glacier","floor":36.0},{"not_picked":["Coolheaded+1","Auto Shields+1"],"picked":"Storm+1","floor":38.0},{"not_picked":["Redo","Go for the Eyes+1","Cold Snap+1"],"picked":"SKIP","floor":41},{"not_picked":["Cold Snap+1","Steam"],"picked":"Thunder Strike+1","floor":42},{"not_picked":["Compile Driver+1","Beam Cell+1","Stack+1"],"picked":"SKIP","floor":48}],"player_experience":21221,"relics_obtained":[{"floor":9.0,"key":"Sundial"},{"floor":24.0,"key":"Girya"},{"floor":26.0,"key":"Regal Pillow"},{"floor":43,"key":"Juzu Bracelet"}],"event_choices":[{"cards_removed":["Strike_B"],"damage_healed":0.0,"max_hp_gain":0.0,"max_hp_loss":0.0,"gold_gain":0.0,"event_name":"Golden Wing","player_choice":"Card Removal","floor":2.0,"gold_loss":0.0,"damage_taken":7.0},{"cards_removed":["Defend_B"],"damage_healed":0.0,"max_hp_gain":0.0,"max_hp_loss":0.0,"gold_gain":0.0,"event_name":"Living Wall","player_choice":"Forget","floor":3.0,"gold_loss":0.0,"damage_taken":0.0},{"damage_healed":0.0,"max_hp_gain":0.0,"max_hp_loss":0.0,"gold_gain":0.0,"event_name":"WeMeetAgain","player_choice":"Gave Potion","floor":4.0,"gold_loss":0.0,"damage_taken":0.0,"relics_obtained":["Bronze Scales"]},{"cards_removed":["Strike_B"],"damage_healed":0.0,"max_hp_gain":0.0,"max_hp_loss":0.0,"gold_gain":0.0,"event_name":"The Cleric","player_choice":"Card Removal","floor":14.0,"gold_loss":50.0,"damage_taken":0.0},{"damage_healed":0.0,"max_hp_gain":0.0,"max_hp_loss":0.0,"gold_gain":0.0,"event_name":"Accursed Blacksmith","player_choice":"Forge","floor":19.0,"gold_loss":0.0,"damage_taken":0.0,"cards_upgraded":["Zap"]},{"damage_healed":0.0,"max_hp_gain":0.0,"max_hp_loss":0.0,"gold_gain":0.0,"event_name":"The Mausoleum","player_choice":"Opened","floor":30.0,"gold_loss":0.0,"damage_taken":0.0,"relics_obtained":["Molten Egg 2"],"cards_obtained":["Writhe"]},{"damage_healed":0.0,"max_hp_gain":5.0,"max_hp_loss":0.0,"gold_gain":0.0,"event_name":"Forgotten Altar","player_choice":"Shed Blood","floor":31.0,"gold_loss":0.0,"damage_taken":22.0},{"cards_removed":["Strike_B"],"damage_healed":0.0,"max_hp_gain":0.0,"max_hp_loss":0.0,"gold_gain":0.0,"event_name":"Falling","player_choice":"Removed Attack","floor":39.0,"gold_loss":0.0,"damage_taken":0.0},{"damage_healed":24,"gold_gain":0,"player_choice":"Writhe","damage_taken":0,"max_hp_gain":0,"max_hp_loss":0,"event_name":"Winding Halls","floor":45,"gold_loss":0,"cards_obtained":["Writhe"]},{"damage_healed":0,"gold_gain":0,"player_choice":"Ignored","damage_taken":0,"max_hp_gain":0,"max_hp_loss":0,"event_name":"NoteForYourself","floor":46,"gold_loss":0}],"is_beta":false,"boss_relics":[{"not_picked":["Empty Cage","Runic Pyramid"],"picked":"Sozu"},{"not_picked":["Coffee Dripper","Cursed Key"],"picked":"Philosopher\u0027s Stone"}],"items_purged_floors":[13,27,37],"is_endless":false,"potions_floor_spawned":[1,7,11,12,22,24,33,35,36,41],"ascension_level":0}}