{"host":"os9owiyb0rak6c8n","time":1613573026,"event":{"mods":["AchievementEnabler","Astrologer","BaseMod","Beaked The Cultist","Better Third Choice","Block Reminder","Colored Map","Colored Powertips","Curses Come First","Dio Mod","Minty Spire (QoL Compilation)","Robot Space Explorer","Spicy Shops","StSLib","The Death Knight","The Necromancer"],"gold_per_floor":[113,113,39,39,52,86,100,100,100,113,73,73,73,85,85,158,158,172,1,16,16,16,45,45,65,117,117,143,242,242,242,242],"floor_reached":31,"language":"ENG","playtime":1121,"items_purged":[],"score":447,"play_id":"d55fa351-84a4-461f-b23e-aa1a5923a06a","local_time":"20210217154346","is_ascension_mode":true,"campfire_choices":[{"floor":8,"key":"REST"},{"data":"Accuracy","floor":12,"key":"SMITH"},{"data":"Blade Dance","floor":15,"key":"SMITH"},{"floor":24,"key":"REST"},{"floor":27,"key":"REST"}],"circlet_count":0,"master_deck":["AscendersBane","Strike_G","Strike_G","Strike_G","Strike_G","Strike_G+1","Defend_G+1","Defend_G","Defend_G","Defend_G","Defend_G","Survivor","Neutralize","Blade Dance+1","Poisoned Stab","Infinite Blades+1","Slice","Dodge and Roll","Dagger Spray","Accuracy+1","Malaise","Doubt","Noxious Fumes","Prepared+1","Decay"],"relics":["Ring of the Snake","Unceasing Top","Tingsha","Busted Crown","Mummified Hand","Enchiridion","StrikeDummy","Snake Skull","Vajra"],"acts_visited":["Exordium","TheCity"],"potions_floor_usage":[6,23,23,31],"damage_taken":[{"damage":2,"enemies":"Jaw Worm","floor":1,"turns":4},{"damage":8,"enemies":"Small Slimes","floor":5,"turns":3},{"damage":26,"enemies":"Gremlin Nob","floor":6,"turns":4},{"damage":2,"enemies":"Cultist","floor":7,"turns":3},{"damage":0,"enemies":"2 Fungi Beasts","floor":10,"turns":3},{"damage":1,"enemies":"Large Slime","floor":14,"turns":5},{"damage":37,"enemies":"Hexaghost","floor":16,"turns":8},{"damage":4,"enemies":"Chosen","floor":18,"turns":4},{"damage":14,"enemies":"2 Thieves","floor":20,"turns":5},{"damage":33,"enemies":"Gremlin Leader","floor":23,"turns":8},{"damage":5,"enemies":"Shelled Parasite and Fungi","floor":25,"turns":3},{"damage":48,"enemies":"Slavers","floor":28,"turns":6},{"damage":1,"enemies":"Centurion and Healer","floor":31,"turns":3}],"seed_played":"8563891306178789598","potions_obtained":[{"floor":5,"key":"Regen Potion"},{"floor":16,"key":"BlessingOfTheForge"},{"floor":20,"key":"Weak Potion"},{"floor":28,"key":"AttackPotion"}],"is_trial":false,"path_per_floor":["M","?","$","?","M","E","M","R","T","M","$","R","?","M","R","B",null,"M","$","M","?","?","E","R","M","T","R","E","?","?","M"],"character_chosen":"THE_SILENT","items_purchased":["Infinite Blades","Accuracy","Mummified Hand","Noxious Fumes"],"campfire_rested":3,"item_purchase_floors":[3,11,19,19],"current_hp_per_floor":[61,47,47,47,39,25,23,44,44,44,44,44,67,66,66,29,60,56,56,42,65,49,16,35,30,30,49,1,1,1,0,0],"gold":242,"neow_bonus":"THREE_CARDS","is_daily":false,"chose_seed":false,"campfire_upgraded":2,"win_rate":0.0,"timestamp":1613573026,"path_taken":["M","?","$","?","?","E","M","R","T","M","$","R","?","M","R","BOSS","M","$","M","?","?","E","R","M","T","R","E","?","?","M"],"items_purchased_type":["Card","Card","Relic","Card"],"build_version":"2020-12-22","purchased_purges":0,"victory":false,"max_hp_per_floor":[70,70,70,70,70,70,70,70,70,70,70,70,70,70,70,70,70,70,70,70,65,65,65,65,65,65,65,65,65,65,65,65],"card_choices":[{"not_picked":["Acrobatics","Escape Plan"],"picked":"Blade Dance","floor":0},{"not_picked":["Quick Slash","Outmaneuver"],"picked":"Poisoned Stab","floor":1},{"not_picked":["Endless Agony","Catalyst"],"picked":"Slice","floor":5},{"not_picked":["Caltrops","Concentrate"],"picked":"Dodge and Roll","floor":6},{"not_picked":["Outmaneuver","Skewer"],"picked":"Dagger Spray","floor":7},{"not_picked":["Quick Slash","Deflect","Flechettes"],"picked":"SKIP","floor":10},{"not_picked":["Sucker Punch","Riddle With Holes","Deflect"],"picked":"SKIP","floor":14},{"not_picked":["Envenom","Unload"],"picked":"Malaise","floor":16},{"not_picked":["Backstab"],"picked":"SKIP","floor":18},{"not_picked":["Acrobatics"],"picked":"SKIP","floor":20},{"not_picked":["Dagger Throw"],"picked":"SKIP","floor":23},{"not_picked":[],"picked":"Prepared+1","floor":25},{"not_picked":["Concentrate+1"],"picked":"SKIP","floor":28}],"player_experience":615012,"relics_obtained":[{"floor":6,"key":"Unceasing Top"},{"floor":9,"key":"Tingsha"},{"floor":22,"key":"Enchiridion"},{"floor":23,"key":"StrikeDummy"},{"floor":26,"key":"Snake Skull"},{"floor":28,"key":"Vajra"}],"event_choices":[{"damage_healed":61,"gold_gain":0,"player_choice":"Upgrade","damage_taken":14,"max_hp_gain":0,"max_hp_loss":70,"event_name":"betterThird:BetterShining","floor":2,"gold_loss":0,"cards_upgraded":["Strike_G","Defend_G"]},{"damage_healed":0,"gold_gain":0,"player_choice":"Grow","damage_taken":0,"max_hp_gain":0,"max_hp_loss":0,"event_name":"Living Wall","floor":4,"gold_loss":0,"cards_upgraded":["Infinite Blades"]},{"damage_healed":23,"gold_gain":0,"player_choice":"Banana","damage_taken":0,"max_hp_gain":0,"max_hp_loss":0,"event_name":"Big Fish","floor":13,"gold_loss":0},{"damage_healed":0,"gold_gain":0,"player_choice":"Obtained Book","damage_taken":16,"max_hp_gain":0,"max_hp_loss":0,"event_name":"Cursed Tome","floor":22,"gold_loss":0},{"damage_healed":0,"gold_gain":99,"player_choice":"Steal","damage_taken":0,"max_hp_gain":0,"max_hp_loss":0,"event_name":"betterThird:BetterNest","floor":29,"gold_loss":0},{"damage_healed":0,"gold_gain":0,"player_choice":"Smashed Altar","damage_taken":0,"max_hp_gain":0,"max_hp_loss":0,"event_name":"Forgotten Altar","floor":30,"gold_loss":0,"cards_obtained":["Decay"]}],"is_beta":false,"boss_relics":[{"not_picked":["Fusion Hammer","Astrolabe"],"picked":"Busted Crown"}],"items_purged_floors":[],"is_endless":false,"potions_floor_spawned":[5,16,20,28],"killed_by":"Centurion and Healer","ascension_level":13}}