{"host":"bxyl4n8onrqni51y","time":1613573196,"event":{"mods":["BaseMod","BetterRewards","Colored Map","Downfall","Hubris","Marisa????????","Minty Spire (QoL Compilation)","Replay The Spire","StSLib","Td1madao Mod","The Animator","The Cursed","The Jungle","The Necromancer","The Servant 0.9.4"],"gold_per_floor":[113,123,123,139,40,70,70,152,183,183,9,36,36,36,137,137,151,169,20,20,20,20,20,43,43,143,158,158,158,291,291,324,367,55,92,44,44,44,44,44,44,44,83,83,158,158,170,170],"floor_reached":52,"language":"ENG","playtime":3562,"items_purged":["Defend_S","Defend_S","Pain","Parasite"],"score":560,"play_id":"fd3c5f10-c672-45dc-88e2-9c89a8e086b6","local_time":"20210217154636","is_ascension_mode":false,"campfire_choices":[{"floor":8,"key":"REST"},{"floor":11,"key":"REST"},{"floor":24,"key":"DIG"},{"floor":27,"key":"DIG"},{"floor":32,"key":"DIG"},{"floor":40,"key":"DIG"},{"floor":46,"key":"RECALL"},{"floor":49,"key":"DIG"},{"floor":51,"key":"DIG"}],"circlet_count":0,"master_deck":["Strike_S","Strike_S","Defend_S+1","KidneyShot","Exchange+1","Snipe","Rearm","WasteNot+1","Defy","GearUp","Advance+1","Ricochet","ShatteredReality","Ricochet+1","FanOfKnives","ReplayTheSpireMod:Necrogeddon+1","Deep Breath","FastForward","TheWorld","Purity","Vampiric_Strike+1","Mind Blast+1","Writhe","Adrenaline","Melter+1","animator:YachiyoNanami+1","Blind+1","Parasite","Pray+1","animator:ChaikaBohdan","Havoc+1"],"relics":["Uniform","Blue Doll","Membership Card","ReplayTheSpireMod:TigerMarble","WingedGreaves","Potion Belt","War Paint","hubris:Teleporter","Vajra","Bronze Scales","Replay:Bottled Flurry","Replay:Mystery Machine","BargainBundle","hubris:ToyBattleship","Bottled Flame","hubris:Backtick","PrismaticShard","Replay:WaspNest","theJungle:SpiritDisease","Shovel","Pen Nib","Replay:Baseball","WarpedTongs","Replay:Bandana","Honey Jar","Boot","hubris:TenFootPole","HandDrill","ReplayTheSpireMod:CursedCoin","Nunchaku","Mirror","Blood Vial","Mango","hubris:BottledRain"],"acts_visited":["Exordium","theJungle:Jungle","TheBeyond"],"potions_floor_usage":[0,10,16,16,29,33,33,33,52,52,52,52,52,52,52,52,52,52],"damage_taken":[{"damage":0,"enemies":"2 Louse","floor":1,"turns":3},{"damage":0,"enemies":"Cultist","floor":2,"turns":3},{"damage":9,"enemies":"Jaw Worm","floor":4,"turns":4},{"damage":19,"enemies":"Gremlin Nob","floor":6,"turns":6},{"damage":18,"enemies":"3 Sentries","floor":10,"turns":6},{"damage":9,"enemies":"Lagavulin","floor":13,"turns":5},{"damage":20,"enemies":"The Guardian","floor":16,"turns":10},{"damage":10,"enemies":"theJungle:MUSHROOMGANG","floor":18,"turns":2},{"damage":10,"enemies":"theJungle:5_Spyders","floor":19,"turns":3},{"damage":14,"enemies":"theJungle:SlimyTreeVines","floor":29,"turns":5},{"damage":38,"enemies":"theJungle:TotemBoss","floor":33,"turns":4},{"damage":5,"enemies":"3 Shapes","floor":35,"turns":2},{"damage":23,"enemies":"3 Darklings","floor":36,"turns":2},{"damage":0,"enemies":"Writhing Mass","floor":38,"turns":3},{"damage":7,"enemies":"Maw","floor":48,"turns":7},{"damage":14,"enemies":"2 Orb Walkers","floor":50,"turns":2},{"damage":81,"enemies":"Time Eater","floor":52,"turns":7}],"seed_played":"-7237673756529335931","potions_obtained":[{"floor":4,"key":"Strength Potion"},{"floor":10,"key":"Explosive Potion"},{"floor":13,"key":"Guardian:BlockOnCardUsePotion"},{"floor":16,"key":"ColorlessPotion"},{"floor":19,"key":"sneckomod:MuddlingPotion"},{"floor":29,"key":"AttackPotion"},{"floor":38,"key":"FearPotion"}],"is_trial":false,"path_per_floor":["M","M","?","M","$","E","R","T","E","R","$","E","?","R_BF","B",null,"M","M","$","?","?","?","R","T","R","?","M","?","R","B",null,"M","M","$","M","$","R","?","PTL","PTL","T","R","M","R","?","R","B"],"character_chosen":"THE_SERVANT","items_purchased":["Blue Doll","Membership Card","ReplayTheSpireMod:TigerMarble","Fruit Juice","WasteNot","Vajra","Advance+1","BargainBundle","Ricochet+1","ColorlessPotion","DistilledChaos","SneckoOil","FanOfKnives","ReplayTheSpireMod:Necrogeddon","hubris:ToyBattleship","Deep Breath","FastForward","Replay:WaspNest","Mind Blast+1","Boot","hubris:TenFootPole","Blind+1","HandDrill","ReplayTheSpireMod:CursedCoin","Nunchaku","EntropicBrew"],"campfire_rested":2,"item_purchase_floors":[0,0,0,0,0,5,5,12,12,12,12,12,12,12,12,12,12,20,20,37,37,37,37,39,39,39],"current_hp_per_floor":[39,39,39,30,30,11,32,32,14,35,35,26,26,47,27,70,60,50,50,50,50,50,50,50,50,46,45,45,45,7,70,68,50,50,50,50,50,50,50,50,50,50,51,51,53,53,0,0],"gold":170,"neow_bonus":"","is_daily":false,"chose_seed":false,"campfire_upgraded":0,"win_rate":0.0,"timestamp":1613573196,"path_taken":["M","M","?","?","$","E","R","T","E","R","$","E","?","R_BF","BOSS","M","?","$","?","?","?","R","T","R","?","M","?","R","BOSS","M","?","$","M","$","R","?","PTL","PTL","T","R","M","R","?","R","BOSS"],"items_purchased_type":["Relic","Relic","Relic","Potion","Card","Relic","Card","Relic","Card","Potion","Potion","Potion","Card","Card","Relic","Card","Card","Relic","Card","Relic","Relic","Card","Relic","Relic","Relic","Potion"],"build_version":"2020-12-22","purchased_purges":4,"victory":false,"max_hp_per_floor":[70,70,70,70,70,70,70,70,70,70,70,70,70,70,70,70,70,70,70,70,70,70,70,70,70,70,70,70,70,70,70,70,70,70,70,67,67,67,67,67,67,67,67,67,81,81,81,81],"card_choices":[{"not_picked":["FastForward","BestPractice"],"picked":"Defy","floor":1},{"not_picked":["Sabotage","TimeWarp","DualDimension"],"picked":"SKIP","floor":2},{"not_picked":["Misdirection","MoonPhase"],"picked":"GearUp","floor":4},{"not_picked":["Gouge","Initiator"],"picked":"Ricochet","floor":6},{"not_picked":["WasteNot","Gouge"],"picked":"ShatteredReality","floor":10},{"not_picked":["Spin","Replace","Advance"],"picked":"SKIP","floor":13},{"not_picked":["Dilation","Deny"],"picked":"TheWorld","floor":16},{"not_picked":["True Grit","Wild Strike"],"picked":"Purity","floor":18},{"not_picked":["animator:ElricAlphonse","TheCursedMod:TacticalStrike+1"],"picked":"Vampiric_Strike+1","floor":19},{"not_picked":["ReturningBlade+1","animator:TsurugaMeisai","sneckomod:UnknownClassGUARDIAN"],"picked":"SKIP","floor":29},{"not_picked":["TheCursedMod:DarkBarrier","hexamod:ForkedFlame"],"picked":"Adrenaline","floor":33},{"not_picked":["Guardian:Planning","champ:EnGarde+1","bronze:Boost+1"],"picked":"Melter+1","floor":35},{"not_picked":["sneckomod:MasterEye","animator:AcuraAkari","sneckomod:SnakeSap+1"],"picked":"animator:YachiyoNanami+1","floor":36},{"not_picked":["Slimebound:DivideAndConquer+1","animator:IchigoKurosaki+1","sneckomod:WideSting"],"picked":"Pray+1","floor":38},{"not_picked":["hexamod:AdvancingGuard","SignatureMove","Guardian:TemporalShield+1"],"picked":"animator:ChaikaBohdan","floor":48},{"not_picked":["TheCursedMod:CursedShiv","Brilliance","champ:EnGarde"],"picked":"Havoc+1","floor":50}],"player_experience":59604,"relics_obtained":[{"floor":6,"key":"Bronze Scales"},{"floor":9,"key":"Replay:Bottled Flurry"},{"floor":10,"key":"Replay:Mystery Machine"},{"floor":13,"key":"Bottled Flame"},{"floor":24,"key":"Pen Nib"},{"floor":27,"key":"Replay:Baseball"},{"floor":32,"key":"Replay:Bandana"},{"floor":40,"key":"Mirror"},{"floor":49,"key":"Blood Vial"},{"floor":50,"key":"Mango"},{"floor":51,"key":"hubris:BottledRain"}],"event_choices":[{"cards_removed":["Comet"],"damage_healed":0,"gold_gain":0,"player_choice":"Gave Card","damage_taken":0,"relics_obtained":["hubris:Teleporter"],"max_hp_gain":0,"max_hp_loss":0,"event_name":"WeMeetAgain","floor":3,"gold_loss":0},{"damage_healed":0,"gold_gain":0,"player_choice":"Upgraded","damage_taken":0,"max_hp_gain":0,"max_hp_loss":0,"event_name":"Upgrade Shrine","floor":14,"gold_loss":0,"cards_upgraded":["WasteNot"]},{"damage_healed":0,"gold_gain":0,"player_choice":"Rummage","damage_taken":0,"relics_obtained":["WarpedTongs"],"max_hp_gain":0,"max_hp_loss":0,"event_name":"Accursed Blacksmith","floor":31,"gold_loss":0,"cards_obtained":["Pain"]},{"damage_healed":0,"gold_gain":0,"player_choice":"Fight","damage_taken":0,"max_hp_gain":0,"max_hp_loss":0,"event_name":"Mysterious Sphere","floor":50,"gold_loss":0}],"is_beta":false,"boss_relics":[{"not_picked":["Busted Crown","ChewingGum"],"picked":"hubris:Backtick"},{"not_picked":["Empty Cage","Astrolabe"],"picked":"Honey Jar"}],"items_purged_floors":[0,12,37,39],"is_endless":false,"potions_floor_spawned":[4,10,13,16,19,29,38],"killed_by":"Time Eater","ascension_level":0}}