{"host":"v86vpwf004p2esb7","time":1613534613,"event":{"mods":["AchievementEnabler","BaseMod","BetterRewards","Colored Powertips","Minty Spire (QoL Compilation)","Quick Restart","StSLib","Transform Curses"],"gold_per_floor":[109,121,121,131,150,177,177,209,221,233,271,283,295,326,338,453,765,793,5,18,34,34,34,34],"floor_reached":23,"language":"ENG","playtime":860,"items_purged":[],"score":243,"play_id":"fb83eab0-5f79-459c-9e69-2fad24729da2","local_time":"20210216200333","is_ascension_mode":true,"campfire_choices":[{"data":"Cloak And Dagger","floor":7,"key":"SMITH"},{"floor":10,"key":"REST"},{"data":"1","floor":13,"key":"LIFT"},{"data":"2","floor":15,"key":"LIFT"}],"circlet_count":0,"master_deck":["Strike_G+1","Strike_G","Strike_G","Strike_G","Strike_G","Defend_G","Defend_G","Defend_G","Defend_G","Defend_G","Survivor","Neutralize+1","Footwork","Poisoned Stab","Blade Dance","Bane","Terror","Blade Dance","Dagger Spray","Cloak And Dagger+1","Deflect","Envenom","Bane","Escape Plan","Adrenaline","CurseOfTheBell","Dagger Spray","Accuracy","Footwork","Dagger Spray+1","Infinite Blades"],"relics":["Ring of the Snake","Paper Crane","Girya","Whetstone","MawBank","Orichalcum","Pear","Calling Bell","Smiling Mask","The Courier","Old Coin","TungstenRod","Eternal Feather","Blood Vial","Boot","Enchiridion"],"acts_visited":["Exordium","TheCity"],"potions_floor_usage":[16],"damage_taken":[{"damage":0,"enemies":"2 Louse","floor":1,"turns":2},{"damage":2,"enemies":"Jaw Worm","floor":2,"turns":3},{"damage":0,"enemies":"Cultist","floor":4,"turns":3},{"damage":0,"enemies":"2 Fungi Beasts","floor":5,"turns":3},{"damage":15,"enemies":"Lagavulin","floor":6,"turns":7},{"damage":13,"enemies":"3 Sentries","floor":8,"turns":8},{"damage":4,"enemies":"Gremlin Nob","floor":11,"turns":3},{"damage":2,"enemies":"Blue Slaver","floor":14,"turns":3},{"damage":11,"enemies":"Hexaghost","floor":16,"turns":7},{"damage":12,"enemies":"Spheric Guardian","floor":18,"turns":4},{"damage":1,"enemies":"Chosen","floor":20,"turns":3},{"damage":17,"enemies":"Sentry and Sphere","floor":21,"turns":5},{"damage":46,"enemies":"Slavers","floor":23,"turns":3}],"seed_played":"6190116437889436348","potions_obtained":[{"floor":1,"key":"GamblersBrew"},{"floor":11,"key":"BlessingOfTheForge"},{"floor":12,"key":"Regen Potion"},{"floor":12,"key":"Dexterity Potion"},{"floor":20,"key":"Ancient Potion"}],"is_trial":false,"path_per_floor":["M","M","?","M","M","E","R","E","T","R","E","?","R","M","R","B",null,"M","$","M","M","?","E"],"character_chosen":"THE_SILENT","items_purchased":["Paper Crane","Girya","Footwork","Poisoned Stab","Blade Dance","Bane","Accuracy","TungstenRod","Footwork","Eternal Feather","Blood Vial","Boot"],"campfire_rested":1,"item_purchase_floors":[0,0,0,0,0,0,19,19,19,19,19,19],"current_hp_per_floor":[38,36,36,36,36,21,21,8,8,29,35,35,35,33,33,37,80,68,68,69,54,42,0,0],"gold":34,"neow_bonus":"","is_daily":false,"chose_seed":false,"campfire_upgraded":1,"win_rate":0.0,"timestamp":1613534613,"path_taken":["M","M","?","M","M","E","R","E","T","R","E","?","R","M","R","BOSS","M","$","M","M","?","E"],"items_purchased_type":["Relic","Relic","Card","Card","Card","Card","Card","Relic","Card","Relic","Relic","Relic"],"build_version":"2020-12-22","purchased_purges":0,"victory":false,"max_hp_per_floor":[70,70,70,70,70,70,70,70,70,70,80,80,80,80,80,80,80,80,80,80,80,80,80,80],"card_choices":[{"not_picked":["Dagger Throw","Dodge and Roll"],"picked":"Terror","floor":1},{"not_picked":["Sucker Punch","Prepared"],"picked":"Blade Dance","floor":2},{"not_picked":["Deflect","Tools of the Trade"],"picked":"Dagger Spray","floor":4},{"not_picked":["Deadly Poison","Masterful Stab"],"picked":"Cloak And Dagger","floor":5},{"not_picked":["PiercingWail","Underhanded Strike"],"picked":"Deflect","floor":6},{"not_picked":["Acrobatics","Backflip"],"picked":"Envenom","floor":8},{"not_picked":["Doppelganger","Escape Plan"],"picked":"Bane","floor":11},{"not_picked":["Backflip","Quick Slash"],"picked":"Escape Plan","floor":14},{"not_picked":["Wraith Form v2","Venomology"],"picked":"Adrenaline","floor":16},{"not_picked":["Deadly Poison+1","Dagger Throw"],"picked":"Dagger Spray","floor":18},{"not_picked":["Acrobatics","Deflect"],"picked":"Dagger Spray+1","floor":20},{"not_picked":["Dash","Skewer"],"picked":"Infinite Blades","floor":21}],"player_experience":278664,"relics_obtained":[{"floor":6,"key":"Whetstone"},{"floor":8,"key":"MawBank"},{"floor":9,"key":"Orichalcum"},{"floor":11,"key":"Pear"},{"floor":17,"key":"Smiling Mask"},{"floor":17,"key":"The Courier"},{"floor":17,"key":"Old Coin"},{"floor":22,"key":"Enchiridion"}],"event_choices":[{"damage_healed":0,"gold_gain":0,"player_choice":"Ignored","damage_taken":0,"max_hp_gain":0,"max_hp_loss":0,"event_name":"Golden Wing","floor":3,"gold_loss":0},{"damage_healed":0,"gold_gain":0,"player_choice":"Got Potions","damage_taken":0,"max_hp_gain":0,"max_hp_loss":0,"event_name":"Lab","floor":12,"gold_loss":0},{"damage_healed":0,"gold_gain":0,"player_choice":"Obtained Book","damage_taken":16,"max_hp_gain":0,"max_hp_loss":0,"event_name":"Cursed Tome","floor":22,"gold_loss":0}],"is_beta":false,"boss_relics":[{"not_picked":["Empty Cage","Fusion Hammer"],"picked":"Calling Bell"}],"items_purged_floors":[],"is_endless":false,"potions_floor_spawned":[1,11,14,20],"killed_by":"Slavers","ascension_level":3}}