{"host":"7wi4qgm5yw4j7oz0","time":1613577224,"event":{"mods":["AchievementEnabler","BaseMod","Block Reminder","Colored Map","Colored Powertips","Highlight Path","Minty Spire (QoL Compilation)","Permanent Neow","Random Character Button","StSLib","everything is the same but u backflip on backflip"],"gold_per_floor":[110,122,139,71,71,97,97,111,163,163,173,204,204,215,215,320,320,334,16,36,54,64,64,64,64],"floor_reached":24,"language":"KOR","playtime":1401,"items_purged":["Strike_R"],"score":336,"play_id":"235846b6-3053-49dc-8292-affcda7e3285","local_time":"20210218005344","is_ascension_mode":true,"campfire_choices":[{"data":"Immolate","floor":7.0,"key":"SMITH"},{"floor":10.0,"key":"REST"},{"data":"Dark Embrace","floor":13.0,"key":"SMITH"},{"data":"Body Slam","floor":15.0,"key":"SMITH"},{"floor":23.0,"key":"REST"}],"circlet_count":0,"master_deck":["AscendersBane","Strike_R","Strike_R","Strike_R","Strike_R","Defend_R","Defend_R","Defend_R","Defend_R","Bash","Cleave","Body Slam+1","Second Wind","Immolate+1","Rage","Reckless Charge","Dark Embrace+1","Power Through","Sentinel","Impervious","Shrug It Off","Body Slam"],"relics":["Burning Blood","Akabeko","Singing Bowl","Orichalcum","Anchor","Bottled Tornado","Runic Cube","HornCleat"],"acts_visited":["Exordium","TheCity"],"potions_floor_usage":[],"damage_taken":[{"damage":2.0,"enemies":"Jaw Worm","floor":1.0,"turns":3.0},{"damage":5.0,"enemies":"Cultist","floor":2.0,"turns":4.0},{"damage":3.0,"enemies":"2 Louse","floor":3.0,"turns":2.0},{"damage":50.0,"enemies":"Gremlin Nob","floor":6.0,"turns":5.0},{"damage":4.0,"enemies":"Exordium Thugs","floor":8.0,"turns":3.0},{"damage":3.0,"enemies":"Blue Slaver","floor":11.0,"turns":2.0},{"damage":10.0,"enemies":"3 Sentries","floor":12.0,"turns":4.0},{"damage":4.0,"enemies":"Red Slaver","floor":14.0,"turns":2.0},{"damage":45.0,"enemies":"Hexaghost","floor":16.0,"turns":13.0},{"damage":2.0,"enemies":"3 Byrds","floor":18.0,"turns":5.0},{"damage":5.0,"enemies":"Spheric Guardian","floor":20.0,"turns":4.0},{"damage":37.0,"enemies":"Cultist and Chosen","floor":21.0,"turns":7.0},{"damage":27.0,"enemies":"Snecko","floor":22.0,"turns":7.0},{"damage":61,"enemies":"Gremlin Leader","floor":24,"turns":6}],"seed_played":"5949768603754375093","potions_obtained":[{"floor":2.0,"key":"Dexterity Potion"},{"floor":11.0,"key":"FearPotion"},{"floor":12.0,"key":"BlessingOfTheForge"},{"floor":16.0,"key":"FearPotion"},{"floor":20.0,"key":"Fire Potion"},{"floor":21.0,"key":"SpeedPotion"}],"is_trial":false,"path_per_floor":["M","M","M","$","?","E","R","M","T","R","M","E","R","M","R","B",null,"M","$","M","M","M","R","E"],"character_chosen":"IRONCLAD","items_purchased":["Immolate","HornCleat"],"campfire_rested":2,"item_purchase_floors":[4,19],"current_hp_per_floor":[76,77,80,80,80,36,36,38,38,62,65,61,61,63,63,24,66,70,70,73,44,23,48,0,0],"gold":64,"neow_bonus":"RANDOM_COMMON_RELIC","is_daily":false,"chose_seed":false,"campfire_upgraded":3,"win_rate":0.0,"timestamp":1613577224,"path_taken":["M","M","M","$","?","E","R","M","T","R","M","E","R","M","R","BOSS","M","$","M","M","?","R","E"],"items_purchased_type":["Card","Relic"],"build_version":"2020-12-22","purchased_purges":1,"victory":false,"max_hp_per_floor":[80,80,80,80,80,80,80,80,80,80,80,80,80,80,80,80,80,80,80,82,84,84,84,84,84],"card_choices":[{"not_picked":["Pummel","Power Through"],"picked":"Cleave","floor":1.0},{"not_picked":["Bloodletting","Thunderclap"],"picked":"Body Slam","floor":2.0},{"not_picked":["Perfected Strike","Body Slam"],"picked":"Second Wind","floor":3.0},{"not_picked":["Berserk","Combust"],"picked":"Rage","floor":6.0},{"not_picked":["Second Wind","Iron Wave"],"picked":"Reckless Charge","floor":8.0},{"not_picked":["Body Slam","Pommel Strike"],"picked":"Dark Embrace","floor":11.0},{"not_picked":["Disarm","Armaments"],"picked":"Power Through","floor":12.0},{"not_picked":["Rupture","Entrench"],"picked":"Sentinel","floor":14.0},{"not_picked":["Feed","Exhume"],"picked":"Impervious","floor":16.0},{"not_picked":["Clothesline","Twin Strike"],"picked":"Shrug It Off","floor":18.0},{"not_picked":["True Grit","Blood for Blood","Thunderclap"],"picked":"Singing Bowl","floor":20.0},{"not_picked":["Pummel","Sword Boomerang+1","Metallicize"],"picked":"Singing Bowl","floor":21.0},{"not_picked":["Whirlwind","Rage+1"],"picked":"Body Slam","floor":22.0}],"player_experience":315446,"relics_obtained":[{"floor":6.0,"key":"Orichalcum"},{"floor":9.0,"key":"Anchor"},{"floor":12.0,"key":"Bottled Tornado"}],"event_choices":[{"damage_healed":0.0,"max_hp_gain":0.0,"max_hp_loss":0.0,"gold_gain":0.0,"event_name":"WeMeetAgain","player_choice":"Gave Potion","floor":5.0,"gold_loss":0.0,"damage_taken":0.0,"relics_obtained":["Singing Bowl"]}],"is_beta":false,"boss_relics":[{"not_picked":["Fusion Hammer","Runic Dome"],"picked":"Runic Cube"}],"items_purged_floors":[19],"is_endless":false,"potions_floor_spawned":[2,11,12,16,20,21],"killed_by":"Gremlin Leader","ascension_level":12}}