{"host":"ox77rn1xcurm2t5a","time":1613593281,"event":{"mods":["2.2 Compatiblity","AchievementEnabler","Act Like it!","Aspiration","BaseMod","Best Route Mod","Better Match","Better Note","Better Sensory Stone","Block Reminder","Colored Map","Colored Powertips","Conjunction","Conspire","Custom Start","Energized Spire","GifTheSpireLib","Gold Saver","Gremlin Skip","Halation","Highlight Path","Hubris","Infinite Spire","Minty Spire (QoL Compilation)","Pale of the Ancients","Quick Restart","Replay The Spire","Reworked Bosses","ShortenTheSpire","Spire Exporter","StSLib","Stuff the Spire","Wandering Minibosses"],"gold_per_floor":[119,119,151,167,4,4,36,47,47,74,74,94,126,145,145,243,243,261,261,273,273,273,303,303,218,264,264,264,290,305,334,334,437,437,450,450,470,490,501,501,536,536,536,552,571,571,606,618,618,618,618,618,9,42,42],"floor_reached":56,"language":"ENG","playtime":1454,"items_purged":["Defend_R","Defend_R"],"score":1775,"play_id":"147344c2-38ae-4ef8-b1d7-5227e06e973e","local_time":"20210217222121","is_ascension_mode":true,"campfire_choices":[{"data":"Limit Break","floor":6.0,"key":"SMITH"},{"data":"Spot Weakness","floor":11.0,"key":"SMITH"},{"floor":15.0,"key":"RECALL"},{"data":"infinitespire:Collect","floor":27.0,"key":"SMITH"},{"data":"Flex","floor":32.0,"key":"SMITH"},{"data":"Anger","floor":40.0,"key":"SMITH"},{"floor":42.0,"key":"DIG"},{"floor":46.0,"key":"DIG"},{"data":"1","floor":49.0,"key":"LIFT"},{"data":"2","floor":52.0,"key":"LIFT"}],"circlet_count":0,"master_deck":["Strike_R","Strike_R","Strike_R","Strike_R","Strike_R","Defend_R+1","Defend_R+1","Bash+1","Cleave","Sword Boomerang+1","Perfected Strike","Limit Break+1","Flex+1","Spot Weakness+1","Perfected Strike","Rampage","Anger+1","Perfected Strike","Dropkick+1","infinitespire:Collect+1","Armaments+1","Rampage+1","Anger","Reaper","Sword Boomerang","Clothesline+1","Perfected Strike","Iron Wave+1","Limit Break"],"relics":["Burning Blood","NeowsBlessing","hubris:IronBody","Vajra","hubris:GlazedTorus","Odd Mushroom","King of Hearts","Runic Dome","Pocketwatch","infinitespire:BottledMercury","StuffTheSpire:Expresso","Happy Flower","Replay:Baseball","Whetstone","Sling","Replay:WaspNest","hubris:ToyBattleship","Omamori","Conjunction:WolfMedalion","conspire:DeflatedDodgeball","Turnip","StuffTheSpire:CocoNut","aspiration:Stabinomicon","aspiration:ChemicalBlood","War Paint","ReplayTheSpireMod:EnergyBall","StuffTheSpire:GrapeVine","Strawberry","hubris:DisguiseKit","Bag of Preparation","Girya","Ginger","ReplayFunnel","Pear"],"acts_visited":["Exordium","TheCity","TheBeyond","TheEnding"],"potions_floor_usage":[55],"damage_taken":[{"damage":0.0,"enemies":"Small Slimes","floor":1.0,"turns":1.0},{"damage":0.0,"enemies":"conspire:MimicChest","floor":3.0,"turns":1.0},{"damage":0.0,"enemies":"2 Louse","floor":4.0,"turns":1.0},{"damage":17.0,"enemies":"Lagavulin","floor":7.0,"turns":3.0},{"damage":9.0,"enemies":"Jaw Worm","floor":8.0,"turns":2.0},{"damage":6.0,"enemies":"The Mushroom Lair","floor":10.0,"turns":2.0},{"damage":10.0,"enemies":"Looter","floor":12.0,"turns":2.0},{"damage":0.0,"enemies":"Gremlin Nob","floor":13.0,"turns":2.0},{"damage":0.0,"enemies":"Exordium Wildlife","floor":14.0,"turns":3.0},{"damage":10.0,"enemies":"Fading Forest","floor":16.0,"turns":11.0},{"damage":2.0,"enemies":"Spheric Guardian","floor":18.0,"turns":3.0},{"damage":11.0,"enemies":"Chosen","floor":20.0,"turns":2.0},{"damage":0.0,"enemies":"Gremlin Leader","floor":23.0,"turns":3.0},{"damage":0.0,"enemies":"Slavers","floor":29.0,"turns":1.0},{"damage":4.0,"enemies":"Centurion and Healer","floor":30.0,"turns":2.0},{"damage":17.0,"enemies":"Gremlin Leader","floor":31.0,"turns":3.0},{"damage":12.0,"enemies":"Automaton","floor":33.0,"turns":4.0},{"damage":0.0,"enemies":"3 Darklings","floor":35.0,"turns":3.0},{"damage":8.0,"enemies":"Orb Walker","floor":37.0,"turns":2.0},{"damage":8.0,"enemies":"Maw","floor":38.0,"turns":3.0},{"damage":17.0,"enemies":"Writhing Mass","floor":39.0,"turns":3.0},{"damage":0.0,"enemies":"R_Hoarder","floor":41.0,"turns":3.0},{"damage":9.0,"enemies":"4 Shapes","floor":44.0,"turns":2.0},{"damage":0.0,"enemies":"Jaw Worm Horde","floor":45.0,"turns":3.0},{"damage":9.0,"enemies":"Giant Head","floor":47.0,"turns":4.0},{"damage":31.0,"enemies":"Writhing Mass","floor":48.0,"turns":3.0},{"damage":6.0,"enemies":"bossMod:newAwakened","floor":50.0,"turns":9.0},{"damage":0.0,"enemies":"Shield and Spear","floor":54.0,"turns":3.0},{"damage":69,"enemies":"The Heart","floor":55,"turns":6}],"seed_played":"8888668071934989606","potions_obtained":[{"floor":4.0,"key":"infinitespire:BlackPotion"},{"floor":7.0,"key":"Conjunction:LightningMarble"},{"floor":8.0,"key":"Strength Potion"},{"floor":14.0,"key":"Swift Potion"},{"floor":20.0,"key":"FearPotion"},{"floor":23.0,"key":"FearPotion"},{"floor":31.0,"key":"EntropicBrew"},{"floor":35.0,"key":"Conjunction:LightningMarble"},{"floor":41.0,"key":"BloodPotion"},{"floor":44.0,"key":"SpeedPotion"},{"floor":48.0,"key":"BloodPotion"}],"is_trial":false,"path_per_floor":["M","?","?","M","$","R","E","M","T","?","R","M","E","M","R","B",null,"M","?","M","AVR","$","E","?","?","T","R","?","E","M","E","R","B",null,"M","AVR","M","M","M","R","E","R","T","M","M","R","E","M","R","B",null,"R","$","E","B",null],"character_chosen":"IRONCLAD","items_purchased":["Limit Break","infinitespire:BottledMercury","StuffTheSpire:Expresso","Happy Flower","Replay:Baseball","Whetstone","Sling","Replay:WaspNest","hubris:ToyBattleship","Omamori","Conjunction:WolfMedalion","conspire:DeflatedDodgeball","Turnip","Ginger","ReplayFunnel","Flashbang"],"campfire_rested":0,"item_purchase_floors":[5,22,22,22,22,22,22,22,22,22,22,22,22,53,53,53],"current_hp_per_floor":[80,80,80,80,80,80,69,66,66,66,66,62,68,74,74,78,80,80,80,75,75,69,82,66,66,66,66,66,72,74,63,63,57,80,86,86,84,82,71,71,77,84,84,81,87,87,84,59,59,82,91,91,91,104,61],"gold":42,"neow_bonus":"THREE_ENEMY_KILL","is_daily":false,"chose_seed":false,"campfire_upgraded":5,"win_rate":0.0,"timestamp":1613593281,"path_taken":["M","?","?","M","$","R","E","M","T","?","R","M","E","M","R","BOSS","M","?","M","AVR","?","E","?","?","T","R","?","E","?","E","R","BOSS","M","AVR","M","?","M","R","E","R","T","M","M","R","E","M","R","BOSS","R","$","E","BOSS"],"items_purchased_type":["Card","Relic","Relic","Relic","Relic","Relic","Relic","Relic","Relic","Relic","Relic","Relic","Relic","Relic","Relic","Potion"],"build_version":"2020-12-22","purchased_purges":2,"victory":true,"max_hp_per_floor":[80,80,80,80,80,80,80,80,80,80,80,80,80,80,80,80,80,80,80,80,80,80,87,87,87,87,87,87,87,87,87,87,87,87,87,87,87,87,87,87,87,94,94,94,94,94,94,94,94,94,94,94,94,104,104],"card_choices":[{"not_picked":["Carnage","Defy Death"],"picked":"Cleave","floor":1.0},{"not_picked":["Twin Strike","Wild Strike"],"picked":"Sword Boomerang","floor":3.0},{"not_picked":["Warcry","Impervious"],"picked":"Perfected Strike","floor":4.0},{"not_picked":["Fire Breathing","Rampage"],"picked":"Flex","floor":7.0},{"not_picked":["Pommel Strike","Defy Death"],"picked":"Spot Weakness","floor":8.0},{"not_picked":["Wild Strike","Run Through"],"picked":"Perfected Strike","floor":10.0},{"not_picked":["Sever Soul","Defy Death"],"picked":"Rampage","floor":12.0},{"not_picked":["Ghostly Armor","StuffTheSpire:Slingshot","Life Link"],"picked":"SKIP","floor":13.0},{"not_picked":["Dark Embrace","Blood for Blood"],"picked":"Anger","floor":14.0},{"not_picked":["Clash","Havoc"],"picked":"Perfected Strike","floor":18.0},{"not_picked":["Twin Strike","Armaments"],"picked":"Dropkick","floor":20.0},{"not_picked":["Fire Breathing","Clothesline","Warcry"],"picked":"SKIP","floor":23.0},{"not_picked":["Fire Breathing","True Grit"],"picked":"Armaments+1","floor":29.0},{"not_picked":["Iron Wave","Body Slam+1"],"picked":"Rampage+1","floor":30.0},{"not_picked":["Bludgeon","Intimidate"],"picked":"Anger","floor":31.0},{"not_picked":["Replay:Many Hands","hubris:StunningStrike"],"picked":"Reaper","floor":33.0},{"not_picked":["ReplayTheSpireMod:Limb From Limb","StuffTheSpire:Incineration"],"picked":"Sword Boomerang","floor":35.0},{"not_picked":["Burning Pact+1","StuffTheSpire:RockThrow"],"picked":"Clothesline+1","floor":37.0},{"not_picked":["Intimidate+1","Disarm","Clothesline+1"],"picked":"SKIP","floor":38.0},{"not_picked":["Run Through","hubris:ReadiedAction"],"picked":"Perfected Strike","floor":39.0},{"not_picked":["StuffTheSpire:TitanForm","Heavy Blade","hubris:ReadiedAction+1"],"picked":"SKIP","floor":41.0},{"not_picked":["Shockwave","StuffTheSpire:RockThrow+1","Warcry+1","Sweeping Beam"],"picked":"SKIP","floor":44.0},{"not_picked":["Metallicize","Clothesline","White Noise"],"picked":"Iron Wave+1","floor":45.0},{"not_picked":["conspire:ExplosiveBarrier","Flex","ReplayTheSpireMod:Muscle Training+1","Steam"],"picked":"SKIP","floor":47.0},{"not_picked":["Body Slam+1","Evolve","Sword Boomerang","Compile Driver"],"picked":"SKIP","floor":48.0},{"not_picked":["Clothesline","Anger","Redo"],"picked":"Limit Break","floor":54.0}],"player_experience":3136758,"relics_obtained":[{"floor":3.0,"key":"hubris:IronBody"},{"floor":7.0,"key":"Vajra"},{"floor":9.0,"key":"hubris:GlazedTorus"},{"floor":10.0,"key":"Odd Mushroom"},{"floor":13.0,"key":"King of Hearts"},{"floor":23.0,"key":"StuffTheSpire:CocoNut"},{"floor":24.0,"key":"aspiration:Stabinomicon"},{"floor":31.0,"key":"War Paint"},{"floor":41.0,"key":"StuffTheSpire:GrapeVine"},{"floor":42.0,"key":"Strawberry"},{"floor":43.0,"key":"hubris:DisguiseKit"},{"floor":46.0,"key":"Bag of Preparation"},{"floor":47.0,"key":"Girya"},{"floor":54.0,"key":"Pear"}],"event_choices":[{"damage_healed":0.0,"max_hp_gain":0.0,"max_hp_loss":0.0,"gold_gain":0.0,"event_name":"Mushrooms","player_choice":"Fought Mushrooms","floor":10.0,"gold_loss":0.0,"damage_taken":0.0},{"damage_healed":0.0,"max_hp_gain":0.0,"max_hp_loss":0.0,"gold_gain":0.0,"event_name":"betterNote:BetterNote","player_choice":"Ignored","floor":19.0,"gold_loss":0.0,"damage_taken":0.0,"cards_obtained":["Strike_P"]},{"damage_healed":0.0,"max_hp_gain":0.0,"max_hp_loss":0.0,"gold_gain":0.0,"event_name":"Cursed Tome","player_choice":"Obtained Book","floor":24.0,"gold_loss":0.0,"damage_taken":16.0},{"damage_healed":0.0,"max_hp_gain":0.0,"max_hp_loss":0.0,"gold_gain":0.0,"event_name":"Addict","player_choice":"Obtained Relic","floor":25.0,"gold_loss":85.0,"damage_taken":0.0,"relics_obtained":["aspiration:ChemicalBlood"]}],"is_beta":false,"boss_relics":[{"not_picked":["aspiration:PoetsPen_weak","conspire:SeveredTorchhead"],"picked":"Runic Dome"},{"not_picked":["energizedSpire:StickyHand","halation:MonkeysPaw","aspiration:SilentSkillbook"]}],"items_purged_floors":[21,53],"is_endless":false,"potions_floor_spawned":[4,7,8,14,20,23,31,35,41,44,48,54],"ascension_level":5}}