{"host":"hk3n60c9tb8azi3z","time":1613543333,"event":{"mods":["AchievementEnabler","BaseMod","Minty Spire (QoL Compilation)","Relic Sorter","Relic Stats"],"gold_per_floor":[114,114,11,26,26,26,56,56,56,71,86,101,116,131,131,231,231,246,246,261,31,31,31,61,76,151,1,16,16,31,46,46,146,146,161,206,221,236,251,251,1,1,1,61,61,76,76,91,91,91],"floor_reached":51,"language":"ENG","playtime":4036,"items_purged":[],"score":705,"play_id":"ee04e8b7-3d9d-4174-9ac8-fa7afcd0abea","local_time":"20210217072853","daily_mods":["Chimera","Uncertain Future","Terminal"],"is_ascension_mode":false,"campfire_choices":[{"data":"Eruption","floor":6.0,"key":"SMITH"},{"data":"Bash","floor":8.0,"key":"SMITH"},{"data":"Wireheading","floor":15.0,"key":"SMITH"},{"data":"J.A.X.","floor":23.0,"key":"SMITH"},{"data":"Vault","floor":29.0,"key":"SMITH"},{"data":"Wallop","floor":32.0,"key":"SMITH"},{"data":"Tantrum","floor":40.0,"key":"SMITH"},{"data":"Meditate","floor":42.0,"key":"SMITH"},{"data":"Ragnarok","floor":49,"key":"SMITH"}],"circlet_count":0,"master_deck":["Bash+1","Survivor","Eruption+1","Defend_R+1","Defend_G+1","Defend_P+1","Wallop+1","EmptyFist","BowlingBash","Wireheading+1","FearNoEvil","ClearTheMind","Vengeance","CutThroughFate","Vault+1","Wish+1","Wireheading+1","Crescendo+1","Tantrum+1","J.A.X.+1","DeceiveReality","Weave","Adaptation+1","FlurryOfBlows","J.A.X.+1","Tantrum","Meditate+1","Meditate+1","Ragnarok+1","EmptyBody+1","Protect","CutThroughFate","WheelKick+1","BattleHymn"],"relics":["PureWater","Calipers","Toy Ornithopter","White Beast Statue","Astrolabe","Blood Vial","Kunai","HornCleat","DollysMirror","SlaversCollar","Singing Bowl","Letter Opener","Shovel"],"acts_visited":["Exordium","TheCity","TheBeyond"],"potions_floor_usage":[50,50],"damage_taken":[{"damage":3.0,"enemies":"2 Louse","floor":1.0,"turns":3.0},{"damage":0.0,"enemies":"Small Slimes","floor":4.0,"turns":2.0},{"damage":0.0,"enemies":"3 Sentries","floor":7.0,"turns":7.0},{"damage":0.0,"enemies":"Cultist","floor":10.0,"turns":2.0},{"damage":0.0,"enemies":"Looter","floor":11.0,"turns":2.0},{"damage":0.0,"enemies":"2 Fungi Beasts","floor":12.0,"turns":2.0},{"damage":0.0,"enemies":"Blue Slaver","floor":13.0,"turns":2.0},{"damage":3.0,"enemies":"Red Slaver","floor":14.0,"turns":5.0},{"damage":8.0,"enemies":"Hexaghost","floor":16.0,"turns":7.0},{"damage":0.0,"enemies":"Spheric Guardian","floor":18.0,"turns":4.0},{"damage":5.0,"enemies":"2 Thieves","floor":20.0,"turns":3.0},{"damage":10.0,"enemies":"Book of Stabbing","floor":24.0,"turns":5.0},{"damage":3.0,"enemies":"Cultist and Chosen","floor":25.0,"turns":4.0},{"damage":10.0,"enemies":"Snake Plant","floor":28.0,"turns":2.0},{"damage":3.0,"enemies":"Shelled Parasite and Fungi","floor":30.0,"turns":2.0},{"damage":6.0,"enemies":"Centurion and Healer","floor":31.0,"turns":4.0},{"damage":16.0,"enemies":"Automaton","floor":33.0,"turns":5.0},{"damage":8.0,"enemies":"Orb Walker","floor":35.0,"turns":2.0},{"damage":6.0,"enemies":"3 Shapes","floor":36.0,"turns":6.0},{"damage":6.0,"enemies":"Maw","floor":37.0,"turns":4.0},{"damage":5.0,"enemies":"3 Darklings","floor":38.0,"turns":4.0},{"damage":0.0,"enemies":"Sphere and 2 Shapes","floor":39.0,"turns":4.0},{"damage":3.0,"enemies":"Nemesis","floor":44.0,"turns":4.0},{"damage":6,"enemies":"Maw","floor":46,"turns":6},{"damage":3,"enemies":"Jaw Worm Horde","floor":48,"turns":3},{"damage":22,"enemies":"Donu and Deca","floor":50,"turns":4}],"seed_played":"6706742764168558924","potions_obtained":[{"floor":1.0,"key":"DistilledChaos"},{"floor":10.0,"key":"SpeedPotion"},{"floor":11.0,"key":"DuplicationPotion"},{"floor":13.0,"key":"Block Potion"},{"floor":16.0,"key":"FearPotion"},{"floor":20.0,"key":"Regen Potion"},{"floor":24.0,"key":"SkillPotion"},{"floor":25.0,"key":"Fire Potion"},{"floor":28.0,"key":"Fire Potion"},{"floor":31.0,"key":"Weak Potion"},{"floor":35.0,"key":"PowerPotion"},{"floor":38.0,"key":"ColorlessPotion"},{"floor":39.0,"key":"StancePotion"},{"floor":44.0,"key":"CultistPotion"},{"floor":46,"key":"Ambrosia"},{"floor":48,"key":"Regen Potion"}],"is_trial":false,"path_per_floor":["M","?","$","M","?","R","E","R","T","M","M","M","M","M","R","B",null,"M","?","M","$","?","R","E","M","T","$","M","R","M","M","R","B",null,"M","M","M","M","M","R","$","R","T","E","?","M","?","M","R","B",null],"character_chosen":"WATCHER","items_purchased":["EmptyFist","BowlingBash","Weave","Blood Vial","DollysMirror","Singing Bowl"],"campfire_rested":0,"item_purchase_floors":[3,3,21,21,27,41],"current_hp_per_floor":[68,56,56,56,56,56,56,56,56,56,56,56,56,53,53,48,54,53,52,51,50,49,48,38,46,45,44,39,39,38,34,34,20,37,29,25,21,28,30,30,30,29,28,27,27,24,24,25,25,11],"gold":91,"neow_bonus":"","is_daily":true,"chose_seed":false,"campfire_upgraded":9,"win_rate":0.0,"timestamp":1613543333,"path_taken":["M","?","$","M","?","R","E","R","T","M","M","M","?","M","R","BOSS","M","?","M","$","?","R","E","M","T","?","M","R","M","M","R","BOSS","M","M","M","M","M","R","$","R","T","E","?","?","?","M","R","BOSS"],"items_purchased_type":["Card","Card","Card","Relic","Relic","Relic"],"build_version":"2020-12-22","purchased_purges":0,"victory":true,"max_hp_per_floor":[70,69,68,67,66,65,64,63,62,61,60,59,58,57,56,55,54,53,52,51,50,49,48,47,46,45,44,43,42,41,40,39,38,37,36,35,34,33,32,31,30,29,28,29,28,29,28,29,28,27],"relic_stats":{"Blood Vial":21,"Shovel":0,"Singing Bowl":6,"counters":[26,98],"Astrolabe":["Wish","Wireheading","Crescendo"],"Kunai":[33],"Letter Opener":[40],"obtain_stats":[{"Calipers":2,"Singing Bowl":41,"Astrolabe":17,"Letter Opener":43,"White Beast Statue":9,"Blood Vial":21,"SlaversCollar":34,"HornCleat":26,"Shovel":44,"DollysMirror":27,"Kunai":24,"PureWater":0,"Toy Ornithopter":7},{"Calipers":1,"Singing Bowl":22,"Astrolabe":9,"Letter Opener":22,"White Beast Statue":3,"Blood Vial":11,"SlaversCollar":17,"HornCleat":13,"Shovel":23,"DollysMirror":13,"Kunai":12,"PureWater":0,"Toy Ornithopter":3},{"Calipers":3,"Singing Bowl":81,"Astrolabe":32,"Letter Opener":81,"White Beast Statue":12,"Blood Vial":39,"SlaversCollar":61,"HornCleat":48,"Shovel":85,"DollysMirror":48,"Kunai":44,"PureWater":0,"Toy Ornithopter":12}],"Toy Ornithopter":34},"card_choices":[{"not_picked":["DeceiveReality","Protect"],"picked":"Wallop","floor":1.0},{"not_picked":["BowlingBash","Evaluate"],"picked":"Wireheading","floor":4.0},{"not_picked":["Crescendo","Halt","Nirvana"],"picked":"SKIP","floor":7.0},{"not_picked":["JustLucky","BowlingBash","Pray"],"picked":"SKIP","floor":10.0},{"not_picked":["BowlingBash","JustLucky"],"picked":"FearNoEvil","floor":11.0},{"not_picked":["CarveReality","Weave"],"picked":"ClearTheMind","floor":12.0},{"not_picked":["Brilliance","FlyingSleeves"],"picked":"Vengeance","floor":13.0},{"not_picked":["ThirdEye","ForeignInfluence"],"picked":"CutThroughFate","floor":14.0},{"not_picked":["Scrawl","Devotion"],"picked":"Vault","floor":16.0},{"not_picked":["EmptyFist","BattleHymn+1"],"picked":"Tantrum","floor":18.0},{"not_picked":["Consecrate","Conclude"],"picked":"DeceiveReality","floor":20.0},{"not_picked":["FlurryOfBlows","Fasting2+1"],"picked":"Adaptation+1","floor":24.0},{"not_picked":["Evaluate","DeceiveReality"],"picked":"FlurryOfBlows","floor":25.0},{"not_picked":["Wireheading","JustLucky"],"picked":"Tantrum","floor":28.0},{"not_picked":["WreathOfFlame","Evaluate+1"],"picked":"Meditate","floor":30.0},{"not_picked":["BattleHymn+1","Swivel"],"picked":"Meditate+1","floor":31.0},{"not_picked":["Vault","Alpha"],"picked":"Ragnarok","floor":33.0},{"not_picked":["Meditate","CrushJoints+1"],"picked":"EmptyBody+1","floor":35.0},{"not_picked":["Fasting2","ThirdEye"],"picked":"Protect","floor":36.0},{"not_picked":["FlyingSleeves+1","Indignation"],"picked":"WreathOfFlame","floor":37.0},{"not_picked":["Wallop","FlyingSleeves"],"picked":"CutThroughFate","floor":38.0},{"not_picked":["PathToVictory+1","Evaluate"],"picked":"WheelKick+1","floor":39.0},{"not_picked":["CrushJoints","Halt","ClearTheMind"],"picked":"Singing Bowl","floor":44.0},{"not_picked":["JustLucky","EmptyFist","SignatureMove+1"],"picked":"Singing Bowl","floor":46},{"not_picked":["ThirdEye+1","FollowUp+1","Sanctity+1"],"picked":"Singing Bowl","floor":48}],"player_experience":1728073,"relics_obtained":[{"floor":7.0,"key":"Toy Ornithopter"},{"floor":9.0,"key":"White Beast Statue"},{"floor":24.0,"key":"Kunai"},{"floor":26.0,"key":"HornCleat"},{"floor":43.0,"key":"Letter Opener"},{"floor":44.0,"key":"Shovel"}],"event_choices":[{"damage_healed":0.0,"max_hp_gain":0.0,"max_hp_loss":0.0,"gold_gain":0.0,"event_name":"Scrap Ooze","player_choice":"Success","floor":2.0,"gold_loss":0.0,"damage_taken":12.0,"relics_obtained":["Calipers"]},{"cards_removed":["Strike_B"],"damage_healed":0.0,"max_hp_gain":0.0,"max_hp_loss":0.0,"gold_gain":0.0,"event_name":"Bonfire Elementals","player_choice":"Offered Basic","floor":5.0,"gold_loss":0.0,"damage_taken":0.0},{"damage_healed":0.0,"max_hp_gain":0.0,"max_hp_loss":0.0,"gold_gain":0.0,"event_name":"Drug Dealer","player_choice":"Obtain J.A.X.","floor":19.0,"gold_loss":0.0,"damage_taken":0.0,"cards_obtained":["J.A.X."]},{"damage_healed":0.0,"max_hp_gain":0.0,"max_hp_loss":0.0,"gold_gain":0.0,"event_name":"Back to Basics","player_choice":"Simplicity","floor":22.0,"gold_loss":0.0,"damage_taken":0.0,"cards_upgraded":["Defend_R","Defend_G","Defend_P"]},{"damage_healed":0.0,"max_hp_gain":0.0,"max_hp_loss":0.0,"gold_gain":0.0,"cards_transformed":["WreathOfFlame"],"event_name":"Transmorgrifier","player_choice":"Transformed","floor":45.0,"gold_loss":0.0,"damage_taken":0.0,"cards_obtained":["BattleHymn"]},{"damage_healed":0,"gold_gain":0,"player_choice":"Ignored","damage_taken":0,"max_hp_gain":0,"max_hp_loss":0,"event_name":"Mysterious Sphere","floor":47,"gold_loss":0}],"is_beta":false,"boss_relics":[{"not_picked":["Calling Bell","Snecko Eye"],"picked":"Astrolabe"},{"not_picked":["HolyWater","Runic Dome"],"picked":"SlaversCollar"}],"items_purged_floors":[],"is_endless":false,"potions_floor_spawned":[1,10,11,12,13,14,16,18,20,24,25,28,30,31,33,35,36,37,38,39,44,46,48],"ascension_level":0}}