{"host":"arn2jcql7xd3a3xg","time":1613584388,"event":{"mods":["AchievementEnabler","AlwaysNeverKeys","BaseMod","Better Third Choice","Colored Map","Colored Powertips","Downfall","GifTheSpireLib","Highlight Path","Infinite Spire","Minty Spire (QoL Compilation)","Permanent Neow","Quick Restart","Rare Cards Sparkle","Replay The Spire","StSLib","SuperFastMode"],"gold_per_floor":[99,117,128,128,128,146,172,184,27,55,55,55,66,76,92,189,189,89,103,114,114,130,143,197,197,97,97,397,397,97,125,125,125,125],"floor_reached":32,"language":"ENG","playtime":1523,"items_purged":["Amnesia"],"score":286,"play_id":"e44165e8-bc1b-4df4-b192-35ba1bd44727","local_time":"20210217095308","is_ascension_mode":true,"campfire_choices":[{"data":"Guardian:CurlUp","floor":1.0,"key":"SMITH"},{"floor":8.0,"key":"REST"},{"floor":12.0,"key":"REST"},{"data":"Guardian:Orbwalk","floor":18.0,"key":"SMITH"},{"floor":26,"key":"REST"},{"data":"Guardian:DecasProtection","floor":29,"key":"SMITH"}],"circlet_count":0,"master_deck":["Guardian:Strike_Guardian","Guardian:Strike_Guardian","Guardian:Strike_Guardian","Guardian:Defend_Guardian","Guardian:Defend_Guardian","Guardian:Defend_Guardian","Guardian:Defend_Guardian","Guardian:CurlUp+1","Guardian:TwinSlam","Guardian:DecasProtection+1","Guardian:Incinerate","Guardian:GatlingBeam","Guardian:PrismaticBeam","Guardian:Recover","Guardian:PiercingHide","Guardian:Orbwalk+1","Guardian:TimeCapacitor","Guardian:AncientConstruct","Guardian:Clone","Guardian:TemporalShield","infinitespire:Fortify","Guardian:Recover","Guardian:Reroute+1","Guardian:SphericShield","Guardian:RevengeProtocol","Guardian:EvasiveProtocol"],"relics":["Sozu","Ring of Hypnosis","ReplayTheSpireMod:Ring of Challenge","MawBank","infinitespire:CheckeredPen","Philosopher\u0027s Stone","downfall:HeartBlessingRed","Turnip","infinitespire:Satchel","downfall:HeartBlessingGreen","Old Coin","Eternal Feather"],"acts_visited":["Exordium","TheCity"],"potions_floor_usage":[],"damage_taken":[{"damage":2.0,"enemies":"Jaw Worm","floor":2.0,"turns":4.0},{"damage":0.0,"enemies":"2 Louse","floor":3.0,"turns":4.0},{"damage":5.0,"enemies":"Cultist","floor":6.0,"turns":4.0},{"damage":0.0,"enemies":"downfall:FleeingMerchant","floor":9.0,"turns":4.0},{"damage":47.0,"enemies":"Lagavulin","floor":10.0,"turns":11.0},{"damage":2.0,"enemies":"Exordium Wildlife","floor":13.0,"turns":2.0},{"damage":0.0,"enemies":"Large Slime","floor":14.0,"turns":4.0},{"damage":2.0,"enemies":"Blue Slaver","floor":15.0,"turns":4.0},{"damage":8.0,"enemies":"DF_ARCHETYPE_STREAMLINE","floor":16.0,"turns":10.0},{"damage":8.0,"enemies":"downfall:LooterAlt2","floor":19.0,"turns":5.0},{"damage":7.0,"enemies":"Spheric Guardian","floor":20.0,"turns":4.0},{"damage":20,"enemies":"Chosen and Byrds","floor":22,"turns":7},{"damage":18,"enemies":"Snecko","floor":23,"turns":6},{"damage":22,"enemies":"downfall:FleeingMerchant","floor":30,"turns":4},{"damage":18,"enemies":"Gremlin Leader","floor":31,"turns":6},{"damage":17,"enemies":"3 Cultists","floor":32,"turns":4}],"seed_played":"4530189754945005381","potions_obtained":[],"is_trial":false,"path_per_floor":["R","M","M","?","?","M","T","R","$","E","?","R","M","M","M","B",null,"R_BF","M","M","AVR","M","M","T","?","R","?","T","R","$","E","M"],"character_chosen":"GUARDIAN","items_purchased":["Guardian:Recover","Guardian:Gem_Green","Guardian:SphericShield","Guardian:RevengeProtocol"],"campfire_rested":3,"item_purchase_floors":[9,9,30,30],"current_hp_per_floor":[80,78,78,54,54,49,49,73,73,26,26,50,48,48,46,38,80,80,72,65,65,45,27,27,27,51,51,51,51,29,11,0,0,0],"gold":125,"neow_bonus":"BOSS_RELIC","is_daily":false,"chose_seed":false,"campfire_upgraded":3,"win_rate":0.0,"timestamp":1613584388,"path_taken":["R","M","M","?","?","M","T","R","$","E","?","R","M","?","M","BOSS","R_BF","M","M","AVR","M","M","T","?","R","?","?","R","?","E","M"],"items_purchased_type":["Card","Card","Card","Card"],"build_version":"2020-12-22","purchased_purges":1,"victory":false,"max_hp_per_floor":[80,80,80,80,80,80,80,80,80,80,80,80,80,80,80,80,80,80,80,80,80,80,80,80,80,80,80,80,80,80,80,80,80,80],"card_choices":[{"not_picked":["Guardian:CrystalBeam","Guardian:Suspension"],"picked":"Guardian:DecasProtection","floor":2.0},{"not_picked":["Guardian:PiercingHide","Guardian:Gem_Purple"],"picked":"Guardian:Incinerate","floor":3.0},{"not_picked":["Guardian:Gem_Lightblue","Guardian:TemporalStrike"],"picked":"Guardian:GatlingBeam","floor":6.0},{"not_picked":["Guardian:CrystalBeam","Guardian:Emergency"],"picked":"Guardian:PrismaticBeam","floor":9.0},{"not_picked":["Guardian:TemporalStrike","Guardian:StasisEngine"],"picked":"Guardian:Gem_Green","floor":10.0},{"not_picked":["Guardian:Gem_Purple","Guardian:PolyBeam"],"picked":"Guardian:PiercingHide","floor":13.0},{"not_picked":["Guardian:Gem_Red","Guardian:BronzeArmor"],"picked":"Guardian:Orbwalk","floor":14.0},{"not_picked":["Guardian:Clone","Guardian:Gem_Yellow"],"picked":"Guardian:TimeCapacitor","floor":15.0},{"not_picked":["Guardian:GemFire","Guardian:StasisEngine"],"picked":"Guardian:AncientConstruct","floor":16.0},{"not_picked":["Guardian:PrismaticBarrier+1","Guardian:VentSteam"],"picked":"Guardian:Clone","floor":19.0},{"not_picked":["Guardian:BronzeArmor","Guardian:SpikerProtocol+1"],"picked":"Guardian:TemporalShield","floor":20.0},{"not_picked":["Guardian:Harden","Guardian:TemporalStrike","Guardian:CrystalBeam"],"picked":"SKIP","floor":22},{"not_picked":["Guardian:MultiBeam+1","Guardian:PrimingBeam"],"picked":"Guardian:Recover","floor":23},{"not_picked":["Guardian:MultiBeam","Guardian:CrystalBeam+1"],"picked":"Guardian:Reroute+1","floor":30},{"not_picked":["Guardian:TemporalStrike","Guardian:PrimingBeam"],"picked":"Guardian:EvasiveProtocol","floor":31}],"player_experience":81556,"relics_obtained":[{"floor":5.0,"key":"Ring of Hypnosis"},{"floor":5.0,"key":"ReplayTheSpireMod:Ring of Challenge"},{"floor":7.0,"key":"MawBank"},{"floor":10.0,"key":"infinitespire:CheckeredPen"},{"floor":24,"key":"infinitespire:Satchel"},{"floor":28,"key":"Old Coin"},{"floor":31,"key":"Eternal Feather"}],"event_choices":[],"is_beta":false,"boss_relics":[{"not_picked":["Empty Cage","Runic Pyramid"],"picked":"Philosopher\u0027s Stone"}],"items_purged_floors":[9],"is_endless":false,"potions_floor_spawned":[3,6,10,14,22,23],"killed_by":"3 Cultists","ascension_level":2}}