{"host":"0cm5wy4nhuju7tij","time":1613591655,"event":{"mods":["100% Spire Juice","2.2 Compatiblity","AchievementEnabler","Aspiration","BaseMod","Better Third Choice","BetterRewards","CCEM2","CapriCore","Colored Powertips","Curses Come First","Displayed Cursed Tome","Downfall","Energized Spire","Evolution","Filter the Spire","Fireblade Mod","Highlight Path","Jess\u0027s Bottle","Minty Spire (QoL Compilation)","Permanent Neow","Poor People Problems","Relic Filter Mod","Relic Stats","Shapeshifter Mod","Shop Mod","Spicy Shops","StSLib","The Cursed","The Servant 0.9.4","TheSurvivalist","TheVacant","Weighted Paths"],"gold_per_floor":[111,124,135,149,149,149,176,187,214,60,60,73,90,123,123,221,221,233,244,258,273,273,302,302,334,334,259,259,272,32,48,48,145,145,161,171,23,42,42,42],"floor_reached":39,"language":"ENG","playtime":3066,"items_purged":["StSShapeShifter:ShapeShifter_Strike","StSShapeShifter:ShapeShifter_Strike"],"score":437,"play_id":"079dc3e6-3e52-4c5b-82f2-7f9afcf889c1","local_time":"20210217145415","is_ascension_mode":false,"campfire_choices":[{"data":"StSShapeShifter:FallingLeaves","floor":6.0,"key":"SMITH"},{"data":"StSShapeShifter:SpiritOfTheEarth","floor":11.0,"key":"SMITH"},{"data":"StSShapeShifter:DiverseSpirit","floor":15.0,"key":"SMITH"},{"floor":24,"key":"REST"},{"floor":28,"key":"REST"},{"data":"StSShapeShifter:DiverseSpirit","floor":32,"key":"SMITH"}],"circlet_count":0,"master_deck":["StSShapeShifter:ThornToss+1","StSShapeShifter:ThornToss","StSShapeShifter:ThornToss","StSShapeShifter:ShapeShifter_Defend","StSShapeShifter:ShapeShifter_Defend","StSShapeShifter:ShapeShifter_Defend","StSShapeShifter:ShapeShifter_Defend","StSShapeShifter:ShapeShifter_Defend","StSShapeShifter:Tortoise_Form","StSShapeShifter:Lynx_Form+1","StSShapeShifter:PoisonIvy","StSShapeShifter:SpiritOfTheEarth","StSShapeShifter:FallingLeaves+1","StSShapeShifter:BurstingSpore","StSShapeShifter:BarkSkin","StSShapeShifter:HummingbirdForm+1","StSShapeShifter:SpiritOfTheEarth+1","StSShapeShifter:BurstingSpore","StSShapeShifter:DiverseSpirit+1","StSShapeShifter:BurrBomb","StSShapeShifter:DiverseSpirit+1","StSShapeShifter:BurstingSpore+1","StSShapeShifter:MultiSpiritedStrike","StSShapeShifter:Mystical_Branch+1","StSShapeShifter:EntForm","StSShapeShifter:GoldenBerries","StSShapeShifter:Evolution","StSShapeShifter:BladeOfGrass+1","StSShapeShifter:PowerShifter","StSShapeShifter:FesteringBite+1","StSShapeShifter:FruitBasket+1","StSShapeShifter:VileMushroom","StSShapeShifter:BulwarkOfDiscovery+1"],"relics":["StSShapeShifter:AnimalHeart","StSShapeShifter:TheShapeShiftersMagnolia","EVO:Axolotl","Du-Vu Doll","CCEMRelics:Barrel","StSShapeShifter:BeastkeepersGift","CCEMRelics:DerglesHeadphones","Cursed Key","PreservedInsect","Bronze Scales","OrangePellets","jessBottle:WaterBottleRelic"],"acts_visited":["Exordium","TheCity","TheBeyond"],"potions_floor_usage":[25,29],"damage_taken":[{"damage":0.0,"enemies":"2 Louse","floor":1.0,"turns":1.0},{"damage":0.0,"enemies":"Cultist","floor":2.0,"turns":2.0},{"damage":6.0,"enemies":"Jaw Worm","floor":3.0,"turns":3.0},{"damage":3.0,"enemies":"Exordium Wildlife","floor":4.0,"turns":3.0},{"damage":13.0,"enemies":"3 Sentries","floor":7.0,"turns":9.0},{"damage":0.0,"enemies":"3 Louse","floor":8.0,"turns":2.0},{"damage":0.0,"enemies":"Looter","floor":12.0,"turns":3.0},{"damage":0.0,"enemies":"Red Slaver","floor":13.0,"turns":5.0},{"damage":19.0,"enemies":"Gremlin Nob","floor":14.0,"turns":5.0},{"damage":27.0,"enemies":"Hexaghost","floor":16.0,"turns":12.0},{"damage":7.0,"enemies":"Shell Parasite","floor":18.0,"turns":5.0},{"damage":8.0,"enemies":"3 Byrds","floor":19.0,"turns":4.0},{"damage":7.0,"enemies":"Shelled Parasite and Fungi","floor":20.0,"turns":7.0},{"damage":13,"enemies":"3 Cultists","floor":21,"turns":6},{"damage":27,"enemies":"Slavers","floor":23,"turns":7},{"damage":21,"enemies":"Book of Stabbing","floor":25,"turns":6},{"damage":29,"enemies":"Centurion and Healer","floor":29,"turns":6},{"damage":0,"enemies":"Snake Plant","floor":31,"turns":4},{"damage":49,"enemies":"Collector","floor":33,"turns":12},{"damage":20,"enemies":"3 Shapes","floor":35,"turns":7},{"damage":36,"enemies":"3 Darklings","floor":36,"turns":4},{"damage":26,"enemies":"Spire Growth","floor":38,"turns":7},{"damage":65,"enemies":"4 Shapes","floor":39,"turns":3}],"seed_played":"2217065813356675161","potions_obtained":[{"floor":2.0,"key":"StSShapeShifter:PolyBeastPotion"},{"floor":3.0,"key":"Strength Potion"},{"floor":4.0,"key":"Strength Potion"},{"floor":13.0,"key":"LiquidBronze"},{"floor":23,"key":"Fire Potion"},{"floor":29,"key":"SteroidPotion"},{"floor":35,"key":"Energy Potion"},{"floor":36,"key":"StSShapeShifter:PolyBeastPotion"}],"is_trial":false,"path_per_floor":["M","M","M","M","?","R","E","M","T","$","R","M","M","E","R","B",null,"M","M","M","M","?","E","R","E","T","?","R","M","$","M","R","B",null,"M","M","$","M","M"],"character_chosen":"SHAPESHIFTER","items_purchased":["StSShapeShifter:SpiritOfTheEarth","OrangePellets","StSShapeShifter:Evolution","StSShapeShifter:VileMushroom"],"campfire_rested":2,"item_purchase_floors":[10,30,30,37],"current_hp_per_floor":[78,78,72,69,69,69,56,56,56,56,56,64,64,45,57,30,78,71,63,56,43,43,16,39,18,18,18,41,22,22,34,46,26,78,73,51,51,51,0,0],"gold":42,"neow_bonus":"UPGRADE_CARD","is_daily":false,"chose_seed":false,"campfire_upgraded":4,"win_rate":0.0,"timestamp":1613591655,"path_taken":["M","M","M","M","?","R","E","M","T","$","R","M","M","E","R","BOSS","M","M","?","M","?","E","R","E","T","?","R","M","$","M","R","BOSS","M","M","$","M","M"],"items_purchased_type":["Card","Relic","Card","Card"],"build_version":"2020-12-22","purchased_purges":2,"victory":false,"max_hp_per_floor":[78,78,78,78,78,78,78,78,78,78,78,78,78,78,78,78,78,78,78,78,78,78,78,78,78,78,78,78,78,78,78,78,78,78,78,78,78,78,78,78],"relic_stats":{"OrangePellets":[6],"counters":[23,123],"Bronze Scales":[136],"PreservedInsect":41,"Cursed Key":1,"obtain_stats":[{"StSShapeShifter:TheShapeShiftersMagnolia":0,"Du-Vu Doll":5,"CCEMRelics:Barrel":7,"OrangePellets":30,"StSShapeShifter:AnimalHeart":0,"Bronze Scales":25,"PreservedInsect":23,"EVO:Axolotl":0,"Cursed Key":17,"jessBottle:WaterBottleRelic":34,"StSShapeShifter:BeastkeepersGift":9,"CCEMRelics:DerglesHeadphones":14},{"StSShapeShifter:TheShapeShiftersMagnolia":0,"Du-Vu Doll":4,"CCEMRelics:Barrel":5,"OrangePellets":17,"StSShapeShifter:AnimalHeart":0,"Bronze Scales":16,"PreservedInsect":15,"EVO:Axolotl":0,"Cursed Key":10,"jessBottle:WaterBottleRelic":19,"StSShapeShifter:BeastkeepersGift":6,"CCEMRelics:DerglesHeadphones":9},{"StSShapeShifter:TheShapeShiftersMagnolia":0,"Du-Vu Doll":9,"CCEMRelics:Barrel":18,"OrangePellets":86,"StSShapeShifter:AnimalHeart":0,"Bronze Scales":80,"PreservedInsect":74,"EVO:Axolotl":0,"Cursed Key":45,"jessBottle:WaterBottleRelic":102,"StSShapeShifter:BeastkeepersGift":20,"CCEMRelics:DerglesHeadphones":33}]},"card_choices":[{"not_picked":["StSShapeShifter:SunflowerShuriken","StSShapeShifter:ThornToss"],"picked":"StSShapeShifter:PoisonIvy","floor":1.0},{"not_picked":["StSShapeShifter:FruitBasket","StSShapeShifter:OwlForm"],"picked":"StSShapeShifter:SpiritOfTheEarth","floor":2.0},{"not_picked":["StSShapeShifter:Pounce","StSShapeShifter:MonkeyForm"],"picked":"StSShapeShifter:FallingLeaves","floor":3.0},{"not_picked":["StSShapeShifter:OakBlade","StSShapeShifter:DeepWound"],"picked":"StSShapeShifter:BurstingSpore","floor":4.0},{"not_picked":["StSShapeShifter:FallingLeaves","StSShapeShifter:ShiftingStrike"],"picked":"StSShapeShifter:BarkSkin","floor":7.0},{"not_picked":["StSShapeShifter:FesteringBite","StSShapeShifter:OakBlade"],"picked":"StSShapeShifter:HummingbirdForm","floor":8.0},{"not_picked":["StSShapeShifter:Garden","StSShapeShifter:Maul"],"picked":"StSShapeShifter:BurstingSpore","floor":12.0},{"not_picked":["StSShapeShifter:HippoForm","StSShapeShifter:Rabid","StSShapeShifter:Consume"],"picked":"SKIP","floor":13.0},{"not_picked":["StSShapeShifter:SunflowerShuriken","StSShapeShifter:Earthquake"],"picked":"StSShapeShifter:DiverseSpirit","floor":14.0},{"not_picked":["StSShapeShifter:RhinoCalfForm","StSShapeShifter:Uproot_Redwood"],"picked":"StSShapeShifter:BurrBomb","floor":16.0},{"not_picked":["StSShapeShifter:VineHandcuffs","StSShapeShifter:CosmicShifter"],"picked":"StSShapeShifter:DiverseSpirit","floor":18.0},{"not_picked":["StSShapeShifter:EntForm","StSShapeShifter:IntimidatingAura","StSShapeShifter:SquirrelForm"],"picked":"SKIP","floor":19.0},{"not_picked":["StSShapeShifter:ThornToss","StSShapeShifter:SunflowerShuriken"],"picked":"StSShapeShifter:BurstingSpore+1","floor":20},{"not_picked":["StSShapeShifter:FallingLeaves","StSShapeShifter:Rest"],"picked":"StSShapeShifter:MultiSpiritedStrike","floor":21},{"not_picked":["StSShapeShifter:BladeOfGrass","StSShapeShifter:CosmicShifter+1"],"picked":"StSShapeShifter:Mystical_Branch+1","floor":23},{"not_picked":["StSShapeShifter:MagicMushrooms","StSShapeShifter:SunflowerShuriken"],"picked":"StSShapeShifter:EntForm","floor":25},{"not_picked":["StSShapeShifter:BladeOfGrass","StSShapeShifter:FlowerShield"],"picked":"StSShapeShifter:GoldenBerries","floor":29},{"not_picked":["StSShapeShifter:BurstingSpore","StSShapeShifter:Efflorescence"],"picked":"StSShapeShifter:BladeOfGrass+1","floor":31},{"not_picked":["StSShapeShifter:FullMoon","StSShapeShifter:Sap_Burst"],"picked":"StSShapeShifter:PowerShifter","floor":33},{"not_picked":["StSShapeShifter:DeepWound+1","StSShapeShifter:FlowerShield"],"picked":"StSShapeShifter:FesteringBite+1","floor":35},{"not_picked":["StSShapeShifter:Guard+1","StSShapeShifter:SunflowerShuriken"],"picked":"StSShapeShifter:FruitBasket+1","floor":36},{"not_picked":["StSShapeShifter:FoxForm","StSShapeShifter:Ensconce+1"],"picked":"StSShapeShifter:BulwarkOfDiscovery+1","floor":38}],"player_experience":438890,"relics_obtained":[{"floor":5.0,"key":"Du-Vu Doll"},{"floor":7.0,"key":"CCEMRelics:Barrel"},{"floor":9.0,"key":"StSShapeShifter:BeastkeepersGift"},{"floor":14.0,"key":"CCEMRelics:DerglesHeadphones"},{"floor":23,"key":"PreservedInsect"},{"floor":25,"key":"Bronze Scales"}],"event_choices":[{"damage_healed":0.0,"max_hp_gain":0.0,"max_hp_loss":0.0,"gold_gain":0.0,"event_name":"Wheel of Change","player_choice":"Relic","floor":5.0,"gold_loss":0.0,"damage_taken":0.0},{"cards_removed":["downfall:Malfunctioning"],"damage_healed":0,"gold_gain":0,"player_choice":"Gave Gold","damage_taken":0,"max_hp_gain":0,"max_hp_loss":0,"event_name":"Beggar","floor":27,"gold_loss":75}],"is_beta":false,"boss_relics":[{"not_picked":["Fusion Hammer","Astrolabe"],"picked":"Cursed Key"},{"not_picked":["energizedSpire:NeverEndingSparkler","energizedSpire:SpiderWeb"],"picked":"jessBottle:WaterBottleRelic"}],"items_purged_floors":[10,30],"is_endless":false,"potions_floor_spawned":[2,3,4,7,13,16,18,23,29,33,35,36,38],"killed_by":"4 Shapes","ascension_level":0}}