{"host":"n2sr453jcjz6vvl4","time":1613605652,"event":{"mods":["BaseMod","Colored Map","Minty Spire (QoL Compilation)","Permanent Neow","Relic Stats","StSLib"],"gold_per_floor":[111,111,30,43,56,56,97,115,115,34,34,34,34,34,34,165,165,188,113,13,34,47,47,85,85,110,0,0,0,0,0,0],"floor_reached":31,"language":"ENG","playtime":1159,"items_purged":["Defend_G","Strike_G"],"score":359,"play_id":"1c2c4c81-fb8f-40df-9636-752a624f2b01","local_time":"20210217194732","is_ascension_mode":true,"campfire_choices":[{"data":"Cloak And Dagger","floor":6,"key":"SMITH"},{"data":"Noxious Fumes","floor":11,"key":"SMITH"},{"data":"Blade Dance","floor":13,"key":"SMITH"},{"floor":15,"key":"REST"},{"data":"A Thousand Cuts","floor":23,"key":"SMITH"},{"data":"Cloak And Dagger","floor":25,"key":"SMITH"}],"circlet_count":0,"master_deck":["Strike_G","Strike_G","Strike_G","Strike_G","Defend_G","Defend_G","Defend_G","Defend_G","Survivor","Neutralize","Cloak And Dagger+1","Injury","Accuracy","Accuracy","Dagger Spray","A Thousand Cuts+1","Riddle With Holes","Blade Dance+1","Noxious Fumes+1","Bullet Time","Dodge and Roll","Backflip","Cloak And Dagger+1","J.A.X.","Shame"],"relics":["Ring of the Snake","PreservedInsect","Golden Idol","Orichalcum","MawBank","FaceOfCleric","Philosopher\u0027s Stone","Molten Egg 2","Oddly Smooth Stone","Potion Belt","White Beast Statue"],"acts_visited":["Exordium","TheCity"],"potions_floor_usage":[7,16,21,22],"damage_taken":[{"damage":3,"enemies":"Jaw Worm","floor":1,"turns":5},{"damage":0,"enemies":"2 Louse","floor":4,"turns":3},{"damage":4,"enemies":"Cultist","floor":5,"turns":5},{"damage":25,"enemies":"Gremlin Nob","floor":7,"turns":4},{"damage":4,"enemies":"Large Slime","floor":8,"turns":7},{"damage":0,"enemies":"Slime Boss","floor":16,"turns":6},{"damage":2,"enemies":"3 Byrds","floor":18,"turns":4},{"damage":11,"enemies":"2 Thieves","floor":21,"turns":3},{"damage":29,"enemies":"Snake Plant","floor":22,"turns":4},{"damage":13,"enemies":"Gremlin Leader","floor":24,"turns":4},{"damage":30,"enemies":"3 Cultists","floor":31,"turns":3}],"seed_played":"-4919752315795416942","potions_obtained":[{"floor":4,"key":"SteroidPotion"},{"floor":5,"key":"Poison Potion"},{"floor":18,"key":"Poison Potion"},{"floor":21,"key":"Swift Potion"},{"floor":22,"key":"Poison Potion"}],"is_trial":false,"path_per_floor":["M","?","$","M","M","R","E","M","T","$","R","?","R","$","R","B",null,"M","$","$","M","M","R","E","R","T","?","?","?","T","M"],"character_chosen":"THE_SILENT","items_purchased":["Accuracy","Blade Dance","Noxious Fumes"],"campfire_rested":1,"item_purchase_floors":[3,10,10],"current_hp_per_floor":[67,67,67,67,63,63,38,34,34,34,34,34,34,34,55,56,71,70,70,70,60,32,32,20,20,20,20,20,20,20,0,0],"gold":0,"neow_bonus":"RANDOM_COMMON_RELIC","is_daily":false,"chose_seed":false,"campfire_upgraded":5,"win_rate":0.0,"timestamp":1613605652,"path_taken":["M","?","$","M","M","R","E","M","T","$","R","?","R","$","R","BOSS","M","?","$","M","M","R","E","R","T","?","?","?","?","M"],"items_purchased_type":["Card","Card","Card"],"build_version":"2020-12-22","purchased_purges":2,"victory":false,"max_hp_per_floor":[70,70,70,70,70,70,70,70,70,70,70,70,70,70,70,71,71,72,72,72,73,74,74,75,75,75,75,75,75,75,75,75],"relic_stats":{"FaceOfCleric":5,"counters":[11,48],"Golden Idol":64,"PreservedInsect":70,"Orichalcum":[54],"MawBank":12,"obtain_stats":[{"Potion Belt":29,"FaceOfCleric":12,"Golden Idol":2,"Oddly Smooth Stone":26,"Philosopher\u0027s Stone":17,"Molten Egg 2":24,"PreservedInsect":0,"Orichalcum":7,"MawBank":9,"White Beast Statue":30,"Ring of the Snake":0},{"Potion Belt":10,"FaceOfCleric":5,"Golden Idol":1,"Oddly Smooth Stone":10,"Philosopher\u0027s Stone":6,"Molten Egg 2":10,"PreservedInsect":0,"Orichalcum":4,"MawBank":5,"White Beast Statue":10,"Ring of the Snake":0},{"Potion Belt":45,"FaceOfCleric":24,"Golden Idol":5,"Oddly Smooth Stone":45,"Philosopher\u0027s Stone":30,"Molten Egg 2":45,"PreservedInsect":0,"Orichalcum":17,"MawBank":24,"White Beast Statue":45,"Ring of the Snake":0}],"Ring of the Snake":[22]},"card_choices":[{"not_picked":["Setup","Blade Dance"],"picked":"Cloak And Dagger","floor":1},{"not_picked":["Footwork","Backflip"],"picked":"Accuracy","floor":4},{"not_picked":["Outmaneuver","Dagger Throw"],"picked":"Dagger Spray","floor":5},{"not_picked":["Crippling Poison","Sucker Punch"],"picked":"A Thousand Cuts","floor":7},{"not_picked":["Slice","Heel Hook"],"picked":"Riddle With Holes","floor":8},{"not_picked":["Tools of the Trade","Die Die Die"],"picked":"Bullet Time","floor":16},{"not_picked":["Prepared+1","Concentrate"],"picked":"Dodge and Roll","floor":18},{"not_picked":["Acrobatics+1","Flying Knee+1"],"picked":"Backflip","floor":21},{"not_picked":["Deflect","Reflex","PiercingWail+1"],"picked":"SKIP","floor":22},{"not_picked":["Deadly Poison","Dagger Throw+1"],"picked":"Cloak And Dagger","floor":24}],"player_experience":164364,"relics_obtained":[{"floor":7,"key":"Orichalcum"},{"floor":9,"key":"MawBank"},{"floor":24,"key":"Molten Egg 2"},{"floor":26,"key":"Oddly Smooth Stone"},{"floor":30,"key":"White Beast Statue"}],"event_choices":[{"damage_healed":0,"gold_gain":0,"player_choice":"Take Wound","damage_taken":0,"relics_obtained":["Golden Idol"],"max_hp_gain":0,"max_hp_loss":0,"event_name":"Golden Idol","floor":2,"gold_loss":0,"cards_obtained":["Injury"]},{"damage_healed":0,"gold_gain":0,"player_choice":"Trade","damage_taken":0,"relics_obtained":["FaceOfCleric"],"max_hp_gain":0,"max_hp_loss":0,"event_name":"FaceTrader","floor":12,"gold_loss":0},{"damage_healed":0,"gold_gain":0,"player_choice":"Paid Fearfully","damage_taken":0,"max_hp_gain":0,"max_hp_loss":0,"event_name":"Masked Bandits","floor":27,"gold_loss":110},{"damage_healed":0,"gold_gain":0,"player_choice":"Obtain J.A.X.","damage_taken":0,"max_hp_gain":0,"max_hp_loss":0,"event_name":"Drug Dealer","floor":28,"gold_loss":0,"cards_obtained":["J.A.X."]},{"damage_healed":0,"gold_gain":0,"player_choice":"Stole Relic","damage_taken":0,"relics_obtained":["Potion Belt"],"max_hp_gain":0,"max_hp_loss":0,"event_name":"Addict","floor":29,"gold_loss":0,"cards_obtained":["Shame"]}],"is_beta":false,"boss_relics":[{"not_picked":["SlaversCollar","Busted Crown"],"picked":"Philosopher\u0027s Stone"}],"items_purged_floors":[19,20],"is_endless":false,"potions_floor_spawned":[4,5,18,21,22],"killed_by":"3 Cultists","ascension_level":4}}