{"host":"8injpn8qs0kr8sd6","time":1613564457,"event":{"mods":["Act Like it!","BaseMod","Downfall","KinomotoSakuraMod(Ä¾Ö®±¾Ó£)","Marisa£¨ìFÓê¡¡Ä§ÀíÉ³£©","Minty Spire (QoL Compilation)","Quick Restart","Relic Filter Mod","StSLib","¡¾ÒÅÎï¿¨ÅÆ¡¿REMEMod"],"gold_per_floor":[399,109,109,126,58,75,75,5,5,51,62,73,90,103,118,118,223,223,240,240,17,32,32,32,52,52,76,76,95,12,26,26,26,26,26,26],"floor_reached":33,"language":"ZHS","playtime":1197,"items_purged":[],"score":241,"play_id":"9a03bf9c-02c7-49ec-b7f5-6147a0cf98ce","local_time":"20210217202057","is_ascension_mode":false,"campfire_choices":[{"data":"Dark Embrace","floor":6.0,"key":"SMITH"},{"data":"bronze:ThunderWave","floor":8.0,"key":"SMITH"},{"data":"bronze:BurnOut","floor":15.0,"key":"SMITH"},{"data":"REME_TwoStrings","floor":23,"key":"SMITH"},{"data":"bronze:ShipIt","floor":25,"key":"SMITH"},{"data":"bronze:AlphaBuild","floor":27,"key":"SMITH"},{"data":"Apotheosis","floor":32,"key":"SMITH"}],"circlet_count":0,"master_deck":["bronze:Strike","bronze:Strike","bronze:Strike","bronze:Defend","bronze:Defend","bronze:Defend","bronze:Defend","bronze:Replicate","bronze:Goto","Dark Embrace+1","bronze:BronzeOrb","bronze:GetLatest","bronze:CutThrough","bronze:ThunderWave+1","bronze:CloningBeam","bronze:GetLatest","bronze:BronzeOrb","bronze:BurnOut+1","bronze:AlphaBuild+1","bronze:Boost","bronze:ShipIt+1","bronze:BronzeOrb","bronze:Return","REME_TwoStrings+1","bronze:Fortify","bronze:Assembly","Apotheosis+1","bronze:Branch","downfall:Bewildered"],"relics":["bronze:BronzeCore","REME_ComplimentaryCards","NeowsBlessing","Blood Vial","Sozu","Membership Card","Orichalcum","sneckomod:BabySnecko"],"acts_visited":["Exordium","TheCity"],"potions_floor_usage":[24,33],"damage_taken":[{"damage":0.0,"enemies":"Small Slimes","floor":1.0,"turns":1.0},{"damage":0.0,"enemies":"Cultist","floor":3.0,"turns":1.0},{"damage":0.0,"enemies":"2 Louse","floor":5.0,"turns":1.0},{"damage":6.0,"enemies":"Blue Slaver","floor":10.0,"turns":4.0},{"damage":5.0,"enemies":"Red Slaver","floor":11.0,"turns":3.0},{"damage":7.0,"enemies":"3 Louse","floor":12.0,"turns":2.0},{"damage":0.0,"enemies":"2 Fungi Beasts","floor":13.0,"turns":3.0},{"damage":19.0,"enemies":"Exordium Wildlife","floor":14.0,"turns":6.0},{"damage":40.0,"enemies":"Slime Boss","floor":16.0,"turns":6.0},{"damage":0,"enemies":"Chosen","floor":18,"turns":3},{"damage":3,"enemies":"2 Thieves","floor":21,"turns":3},{"damage":0,"enemies":"3 Cultists","floor":24,"turns":4},{"damage":19,"enemies":"Sentry and Sphere","floor":28,"turns":5},{"damage":15,"enemies":"Centurion and Healer","floor":30,"turns":5},{"damage":41,"enemies":"Champ","floor":33,"turns":6}],"seed_played":"39132714567208567","potions_obtained":[{"floor":1.0,"key":"Weak Potion"},{"floor":5.0,"key":"EssenceOfSteel"},{"floor":12.0,"key":"Fire Potion"},{"floor":16.0,"key":"ColorlessPotion"}],"is_trial":false,"path_per_floor":["M","?","M","$","M","R","$","R","T","M","M","M","M","M","R","B",null,"M","?","$","M","?","R","M","R","T","R","M","$","M","?","R","B"],"character_chosen":"THE_AUTOMATON","items_purchased":["bronze:GetLatest","bronze:ThunderWave","Membership Card","bronze:ShipIt","Apotheosis"],"campfire_rested":0,"item_purchase_floors":[4,7,20,20,29],"current_hp_per_floor":[70,70,70,70,70,70,70,70,70,70,64,61,56,58,41,41,3,70,70,70,70,67,67,67,69,69,69,69,51,51,38,38,38,0,0,0],"gold":26,"neow_bonus":"THREE_ENEMY_KILL","is_daily":false,"chose_seed":false,"campfire_upgraded":7,"win_rate":0.0,"timestamp":1613564457,"path_taken":["M","?","M","$","?","R","$","R","T","M","M","?","M","M","R","BOSS","M","?","$","M","?","R","?","R","T","R","M","?","M","?","R","BOSS"],"items_purchased_type":["Card","Card","Relic","Card","Card"],"build_version":"2020-12-22","purchased_purges":0,"victory":false,"max_hp_per_floor":[70,70,70,70,70,70,70,70,70,70,70,70,70,70,70,70,70,70,70,70,70,70,70,70,70,70,70,70,70,70,70,70,70,70,70,70],"card_choices":[{"not_picked":["bronze:FineTuning","bronze:Turbo"],"picked":"bronze:BronzeOrb","floor":1.0},{"not_picked":["bronze:ItsAFeature","bronze:Shell","bronze:WildBeam"],"picked":"SKIP","floor":3.0},{"not_picked":["bronze:DelayedGuard","bronze:BronzeArmor"],"picked":"bronze:CutThrough","floor":5.0},{"not_picked":["bronze:ChosenStrike","bronze:Overheat"],"picked":"bronze:CloningBeam","floor":10.0},{"not_picked":["bronze:Return","bronze:Repulsor"],"picked":"bronze:GetLatest","floor":11.0},{"not_picked":["bronze:CloningBeam","bronze:MaxOutput","bronze:Frontload"],"picked":"SKIP","floor":12.0},{"not_picked":["bronze:ChosenStrike","bronze:Frontload"],"picked":"bronze:BronzeOrb","floor":13.0},{"not_picked":["bronze:WildBeam","bronze:Return"],"picked":"bronze:BurnOut","floor":14.0},{"not_picked":["bronze:BurnOut","bronze:SpaghettiCode"],"picked":"bronze:AlphaBuild","floor":16.0},{"not_picked":["bronze:DelayedSlice+1","bronze:Iterate+1","bronze:Turbo"],"picked":"SKIP","floor":18},{"not_picked":["bronze:BitShift","bronze:Deprecate"],"picked":"bronze:BronzeOrb","floor":21},{"not_picked":["bronze:MaxOutput","bronze:Shield"],"picked":"bronze:Fortify","floor":24},{"not_picked":["bronze:BitShift","bronze:Turbo"],"picked":"bronze:Assembly","floor":28},{"not_picked":["bronze:DelayedGuard","bronze:Branch","bronze:ChildClass"],"picked":"SKIP","floor":30},{"not_picked":["bronze:DelayedGuard","bronze:ChildClass"],"picked":"bronze:Branch","floor":30}],"player_experience":517235,"relics_obtained":[{"floor":9.0,"key":"Blood Vial"},{"floor":26,"key":"Orichalcum"}],"event_choices":[{"cards_removed":["bronze:Strike"],"damage_healed":0.0,"max_hp_gain":0.0,"max_hp_loss":0.0,"gold_gain":0.0,"event_name":"Bonfire Elementals","player_choice":"Offered Basic","floor":2.0,"gold_loss":0.0,"damage_taken":0.0},{"damage_healed":0,"gold_gain":0,"player_choice":"Read","damage_taken":0,"max_hp_gain":0,"max_hp_loss":0,"event_name":"The Library","floor":19,"gold_loss":0,"cards_obtained":["bronze:Boost"]},{"damage_healed":0,"gold_gain":0,"player_choice":"2 cards matched","damage_taken":0,"max_hp_gain":0,"max_hp_loss":0,"event_name":"Match and Keep!","floor":22,"gold_loss":0,"cards_obtained":["bronze:Return","REME_TwoStrings"]}],"is_beta":false,"boss_relics":[{"not_picked":["Philosopher\u0027s Stone","REME_ChargedStone"],"picked":"Sozu"}],"items_purged_floors":[],"is_endless":false,"potions_floor_spawned":[1,5,12,16,18,24],"killed_by":"Champ","ascension_level":0}}