{"host":"5agrj1fd4s00r127","time":1613549023,"event":{"mods":["BaseMod","Minty Spire (QoL Compilation)","StSLib"],"gold_per_floor":[12,31,41,41,41,72,85,17,17,31,31,63,74,86,86,190,190,200,200,200,218,235,266,266,299,299,299,317,317,227,262,262,262,262],"floor_reached":33,"language":"RUS","playtime":1548,"items_purged":[],"score":317,"play_id":"f4a58b21-50ff-45ba-b3e5-52de8b3a1c41","local_time":"20210217100343","is_ascension_mode":false,"campfire_choices":[{"data":"Defragment","floor":11,"key":"SMITH"},{"floor":15,"key":"REST"},{"floor":24,"key":"REST"},{"floor":27,"key":"REST"},{"floor":32,"key":"REST"}],"circlet_count":0,"master_deck":["Strike_B","Strike_B","Defend_B","Defend_B","Zap+1","Dualcast","Redo","Consume","Conserve Battery","Steam Power","Sweeping Beam","Tempest","BootSequence","Defragment+1","Self Repair","Static Discharge","Leap","Hello World","Thunder Strike","Undo","Turbo","Glacier","Cold Snap","Chaos","Barrage+1"],"relics":["Cracked Core","Ice Cream","Sundial","Gremlin Horn","Sozu","Prayer Wheel","Molten Egg 2","Meat on the Bone","Boot"],"acts_visited":["Exordium","TheCity"],"potions_floor_usage":[12,14,16,16,16,23],"damage_taken":[{"damage":6,"enemies":"Cultist","floor":1,"turns":3},{"damage":0,"enemies":"Small Slimes","floor":2,"turns":2},{"damage":0,"enemies":"Jaw Worm","floor":3,"turns":3},{"damage":21,"enemies":"Lagavulin","floor":6,"turns":6},{"damage":4,"enemies":"Exordium Wildlife","floor":7,"turns":3},{"damage":0,"enemies":"2 Fungi Beasts","floor":10,"turns":4},{"damage":29,"enemies":"3 Sentries","floor":12,"turns":5},{"damage":4,"enemies":"3 Louse","floor":13,"turns":3},{"damage":0,"enemies":"Gremlin Gang","floor":14,"turns":1},{"damage":30,"enemies":"Slime Boss","floor":16,"turns":6},{"damage":21,"enemies":"2 Thieves","floor":18,"turns":4},{"damage":3,"enemies":"3 Byrds","floor":21,"turns":3},{"damage":15,"enemies":"Snake Plant","floor":22,"turns":3},{"damage":49,"enemies":"Slavers","floor":23,"turns":6},{"damage":33,"enemies":"Gremlin Leader","floor":25,"turns":8},{"damage":1,"enemies":"Centurion and Healer","floor":28,"turns":7},{"damage":25,"enemies":"Slavers","floor":31,"turns":6},{"damage":61,"enemies":"Collector","floor":33,"turns":6}],"seed_played":"3825685359248637280","potions_obtained":[{"floor":6,"key":"SkillPotion"},{"floor":7,"key":"SpeedPotion"},{"floor":10,"key":"PotionOfCapacity"},{"floor":13,"key":"Explosive Potion"},{"floor":14,"key":"FocusPotion"},{"floor":16,"key":"SkillPotion"}],"is_trial":false,"path_per_floor":["M","M","M","?","$","E","M","$","T","M","R","E","M","M","R","B",null,"M","?","?","M","M","E","R","E","T","R","M","?","?","E","R","B"],"character_chosen":"DEFECT","items_purchased":["Defragment"],"campfire_rested":4,"item_purchase_floors":[8],"current_hp_per_floor":[69,69,69,69,69,48,44,44,44,44,44,22,25,25,47,24,75,61,61,61,65,57,15,37,11,11,33,51,37,37,31,55,0,0],"gold":262,"neow_bonus":"TRANSFORM_TWO_CARDS","is_daily":false,"chose_seed":false,"campfire_upgraded":1,"win_rate":0.0,"timestamp":1613549023,"path_taken":["M","?","M","?","?","E","M","$","T","M","R","E","?","M","R","BOSS","M","?","?","?","M","E","R","E","T","R","M","?","?","E","R","BOSS"],"items_purchased_type":["Card"],"build_version":"2020-12-22","purchased_purges":0,"victory":false,"max_hp_per_floor":[75,75,75,75,75,75,75,75,75,75,75,75,75,75,75,75,75,75,75,75,75,75,75,75,75,75,75,75,80,80,80,80,80,80],"card_choices":[{"not_picked":["Turbo","Sweeping Beam"],"picked":"Conserve Battery","floor":1},{"not_picked":["Go for the Eyes","Compile Driver"],"picked":"Steam Power","floor":2},{"not_picked":["Stack","Redo"],"picked":"Sweeping Beam","floor":3},{"not_picked":["Creative AI","Conserve Battery"],"picked":"Tempest","floor":6},{"not_picked":["Darkness","Hologram"],"picked":"BootSequence","floor":7},{"not_picked":["Sweeping Beam","Cold Snap"],"picked":"Self Repair","floor":10},{"not_picked":["Compile Driver","Aggregate"],"picked":"Static Discharge","floor":12},{"not_picked":["Streamline","Sweeping Beam"],"picked":"Leap","floor":13},{"not_picked":["Go for the Eyes","Barrage"],"picked":"Hello World","floor":14},{"not_picked":["Meteor Strike","Creative AI"],"picked":"Thunder Strike","floor":16},{"not_picked":["Beam Cell","Sweeping Beam"],"picked":"Undo","floor":18},{"not_picked":["Coolheaded","Redo"],"picked":"Turbo","floor":21},{"not_picked":["Conserve Battery+1","Defragment"],"picked":"Glacier","floor":22},{"not_picked":["Streamline","Leap"],"picked":"Cold Snap","floor":23},{"not_picked":["Hologram","Barrage+1"],"picked":"Chaos","floor":25},{"not_picked":["Coolheaded","Sunder+1"],"picked":"Barrage+1","floor":28},{"not_picked":["Meteor Strike+1","Conserve Battery","Rebound+1"],"picked":"SKIP","floor":28},{"not_picked":["Coolheaded","Undo","Redo"],"picked":"SKIP","floor":31}],"player_experience":18926,"relics_obtained":[{"floor":6,"key":"Ice Cream"},{"floor":9,"key":"Sundial"},{"floor":12,"key":"Gremlin Horn"},{"floor":23,"key":"Prayer Wheel"},{"floor":25,"key":"Molten Egg 2"},{"floor":26,"key":"Meat on the Bone"},{"floor":31,"key":"Boot"}],"event_choices":[{"damage_healed":0,"gold_gain":0,"player_choice":"Leave","damage_taken":0,"max_hp_gain":0,"max_hp_loss":0,"event_name":"The Cleric","floor":4,"gold_loss":0},{"damage_healed":0,"gold_gain":0,"player_choice":"Ignored","damage_taken":0,"max_hp_gain":0,"max_hp_loss":0,"event_name":"Ghosts","floor":19,"gold_loss":0},{"cards_removed":["Defend_B"],"damage_healed":0,"gold_gain":0,"player_choice":"Card Removal","damage_taken":0,"max_hp_gain":0,"max_hp_loss":0,"event_name":"Wheel of Change","floor":20,"gold_loss":0},{"damage_healed":0,"gold_gain":0,"player_choice":"Shed Blood","damage_taken":19,"max_hp_gain":5,"max_hp_loss":0,"event_name":"Forgotten Altar","floor":29,"gold_loss":0},{"cards_removed":["Strike_B"],"damage_healed":0,"gold_gain":0,"player_choice":"Upgrade and Remove","damage_taken":0,"max_hp_gain":0,"max_hp_loss":0,"event_name":"Designer","floor":30,"gold_loss":90,"cards_upgraded":["Zap"]}],"is_beta":false,"boss_relics":[{"not_picked":["SacredBark","FrozenCore"],"picked":"Sozu"}],"items_purged_floors":[],"is_endless":false,"potions_floor_spawned":[6,7,10,13,14,16,25,31],"killed_by":"Collector","ascension_level":0}}