{"host":"nmjik3bzoelmmajy","time":1613580112,"event":{"mods":["BaseMod","Better Third Choice","Colored Map","DeckTracker","Minty Spire (QoL Compilation)","Quick Restart","Say the Spire","StSLib","SuperFastMode"],"gold_per_floor":[159,179,189,40,40,40,40,40,40,73,73,112,125,166,166,289,289,310,335,350,275,295,295,338,338,338,86,86,119,119,143,143,262,262,275,215,271,271,604,604,624,624,624,624,638,663,663,98,98,98],"floor_reached":51,"language":"KOR","playtime":2274,"items_purged":["Strike_G","Defend_G"],"score":936,"play_id":"e2d41865-bbb2-478f-a83d-3e6eba88e745","local_time":"20210218014152","is_ascension_mode":true,"campfire_choices":[{"data":"Cloak And Dagger","floor":6,"key":"SMITH"},{"data":"Blur","floor":8,"key":"SMITH"},{"data":"Neutralize","floor":11,"key":"SMITH"},{"data":"Noxious Fumes","floor":15,"key":"SMITH"},{"data":"A Thousand Cuts","floor":23,"key":"SMITH"},{"floor":25,"key":"REST"},{"data":"Sadistic Nature","floor":30,"key":"SMITH"},{"data":"Deadly Poison","floor":32,"key":"SMITH"},{"data":"Defend_G","floor":40,"key":"SMITH"},{"data":"Defend_G","floor":42,"key":"SMITH"},{"data":"Defend_G","floor":44,"key":"SMITH"},{"data":"Well Laid Plans","floor":49,"key":"SMITH"}],"circlet_count":0,"master_deck":["Defend_G+1","Defend_G+1","Defend_G+1","Survivor+1","Neutralize+1","Deadly Poison+1","Cloak And Dagger+1","Noxious Fumes+1","Blur+1","Calculated Gamble+1","A Thousand Cuts+1","Prepared+1","Corpse Explosion+1","Storm of Steel+1","Leg Sweep+1","Distraction+1","Infinite Blades+1","Blade Dance+1","Sadistic Nature+1","Catalyst+1","Backstab","Burst+1","Backflip+1","Phantasmal Killer+1","Footwork+1","Tactician+1","Footwork","PiercingWail+1","Well Laid Plans+1"],"relics":["Tiny House","Anchor","Toxic Egg 2","Dead Branch","Blue Candle","Snake Skull","Astrolabe","Juzu Bracelet","Prayer Wheel","Oddly Smooth Stone","Coffee Dripper","Ginger","Sundial","Regal Pillow","CaptainsWheel"],"acts_visited":["Exordium","TheCity","TheBeyond"],"potions_floor_usage":[10,10,12,19,24,24,33,33,50],"damage_taken":[{"damage":0,"enemies":"Cultist","floor":1,"turns":4},{"damage":3,"enemies":"Jaw Worm","floor":2,"turns":6},{"damage":1,"enemies":"2 Louse","floor":3,"turns":3},{"damage":16,"enemies":"Gremlin Nob","floor":10,"turns":4},{"damage":11,"enemies":"3 Sentries","floor":12,"turns":8},{"damage":0,"enemies":"Large Slime","floor":13,"turns":5},{"damage":0,"enemies":"Lagavulin","floor":14,"turns":6},{"damage":18,"enemies":"The Guardian","floor":16,"turns":8},{"damage":14,"enemies":"2 Thieves","floor":18,"turns":3},{"damage":0,"enemies":"Chosen","floor":19,"turns":3},{"damage":1,"enemies":"Centurion and Healer","floor":20,"turns":5},{"damage":21,"enemies":"Shelled Parasite and Fungi","floor":22,"turns":6},{"damage":0,"enemies":"Slavers","floor":24,"turns":3},{"damage":13,"enemies":"Gremlin Leader","floor":29,"turns":5},{"damage":0,"enemies":"3 Cultists","floor":31,"turns":2},{"damage":36,"enemies":"Automaton","floor":33,"turns":9},{"damage":2,"enemies":"3 Darklings","floor":35,"turns":3},{"damage":0,"enemies":"2 Orb Walkers","floor":37,"turns":2},{"damage":1,"enemies":"Orb Walker","floor":41,"turns":2},{"damage":5,"enemies":"Writhing Mass","floor":45,"turns":5},{"damage":31,"enemies":"Time Eater","floor":50,"turns":6}],"seed_played":"838584246604225322","potions_obtained":[{"floor":0,"key":"Poison Potion"},{"floor":1,"key":"Poison Potion"},{"floor":10,"key":"AttackPotion"},{"floor":13,"key":"GamblersBrew"},{"floor":20,"key":"Strength Potion"},{"floor":22,"key":"Poison Potion"},{"floor":24,"key":"EssenceOfSteel"},{"floor":31,"key":"AttackPotion"},{"floor":33,"key":"Fire Potion"},{"floor":41,"key":"Swift Potion"}],"is_trial":false,"path_per_floor":["M","M","M","$","?","R","$","R","T","E","R","E","M","E","R","B",null,"M","M","M","?","M","R","E","R","T","$","?","E","R","M","R","B",null,"M","?","?","?","?","R","M","R","T","R","M","T","?","$","R","B",null],"character_chosen":"THE_SILENT","items_purchased":["Anchor","Sadistic Nature","PiercingWail+1","Well Laid Plans","Weak Potion","CaptainsWheel"],"campfire_rested":1,"item_purchase_floors":[4,27,48,48,48,48],"current_hp_per_floor":[75,72,71,71,69,69,69,69,69,53,53,42,42,42,42,24,69,55,55,54,54,33,33,33,53,53,53,53,40,40,40,40,4,69,67,67,67,66,66,66,65,65,65,65,60,60,60,60,60,29],"gold":98,"neow_bonus":"BOSS_RELIC","is_daily":false,"chose_seed":false,"campfire_upgraded":11,"win_rate":0.0,"timestamp":1613580112,"path_taken":["M","?","M","$","?","R","?","R","T","E","R","E","M","E","R","BOSS","M","M","M","?","M","R","E","R","T","$","?","E","R","M","R","BOSS","M","?","?","?","?","R","M","R","T","R","M","?","?","?","R","BOSS"],"items_purchased_type":["Relic","Card","Card","Card","Potion","Relic"],"build_version":"2020-12-22","purchased_purges":2,"victory":true,"max_hp_per_floor":[75,75,75,75,69,69,69,69,69,69,69,69,69,69,69,69,69,69,69,69,69,69,69,69,69,69,69,69,69,69,69,69,69,69,69,69,69,66,66,66,66,66,66,66,66,66,66,66,66,66],"card_choices":[{"not_picked":["Predator","PiercingWail"],"picked":"Deadly Poison","floor":0},{"not_picked":["Riddle With Holes","Dagger Throw"],"picked":"Cloak And Dagger","floor":1},{"not_picked":["Acrobatics","Flying Knee"],"picked":"Noxious Fumes","floor":2},{"not_picked":["Night Terror","PiercingWail"],"picked":"Blur","floor":3},{"not_picked":["Outmaneuver+1","Concentrate+1"],"picked":"Calculated Gamble+1","floor":10},{"not_picked":["Underhanded Strike","Crippling Poison+1"],"picked":"A Thousand Cuts","floor":12},{"not_picked":["Underhanded Strike","Outmaneuver+1"],"picked":"Prepared+1","floor":13},{"not_picked":["Outmaneuver+1","Flying Knee"],"picked":"Corpse Explosion+1","floor":14},{"not_picked":["Wraith Form v2","Doppelganger+1"],"picked":"Storm of Steel+1","floor":16},{"not_picked":["Dodge and Roll+1","Dagger Spray+1"],"picked":"Blade Dance+1","floor":18},{"not_picked":["All Out Attack","Choke+1","Riddle With Holes+1"],"picked":"SKIP","floor":19},{"not_picked":["Storm of Steel+1","Dagger Spray+1","Slice"],"picked":"SKIP","floor":20},{"not_picked":["Blade Dance+1","Flying Knee","Underhanded Strike"],"picked":"SKIP","floor":22},{"not_picked":["Corpse Explosion+1","Dodge and Roll+1","Flying Knee"],"picked":"SKIP","floor":24},{"not_picked":["Underhanded Strike","Prepared+1"],"picked":"Catalyst+1","floor":29},{"not_picked":["Dagger Spray","Expertise+1"],"picked":"Backstab","floor":31},{"not_picked":["A Thousand Cuts","Flying Knee","Quick Slash"],"picked":"SKIP","floor":31},{"not_picked":["Malaise+1","Storm of Steel+1"],"picked":"Burst+1","floor":33},{"not_picked":["Dagger Spray","Cloak And Dagger+1"],"picked":"Backflip+1","floor":35},{"not_picked":["Blur+1","Bane+1","Poisoned Stab"],"picked":"SKIP","floor":35},{"not_picked":["Cloak And Dagger+1","Leg Sweep+1"],"picked":"Phantasmal Killer+1","floor":37},{"not_picked":["Deflect+1","Slice"],"picked":"Footwork+1","floor":41},{"not_picked":["Backstab","Blade Dance+1"],"picked":"Tactician+1","floor":41},{"not_picked":["Backflip+1","Acrobatics+1"],"picked":"Footwork","floor":45},{"not_picked":["Deadly Poison+1","Flechettes+1","Deflect+1"],"picked":"SKIP","floor":45}],"player_experience":506805,"relics_obtained":[{"floor":9,"key":"Toxic Egg 2"},{"floor":10,"key":"Dead Branch"},{"floor":12,"key":"Blue Candle"},{"floor":14,"key":"Snake Skull"},{"floor":24,"key":"Juzu Bracelet"},{"floor":26,"key":"Prayer Wheel"},{"floor":29,"key":"Oddly Smooth Stone"},{"floor":37,"key":"Ginger"},{"floor":43,"key":"Sundial"},{"floor":46,"key":"Regal Pillow"}],"event_choices":[{"damage_healed":0,"gold_gain":0,"player_choice":"Lose Max HP","damage_taken":0,"relics_obtained":["Golden Idol"],"max_hp_gain":0,"max_hp_loss":6,"event_name":"Golden Idol","floor":5,"gold_loss":0},{"cards_removed":["Strike_G"],"damage_healed":0,"gold_gain":0,"player_choice":"Gave Gold","damage_taken":0,"max_hp_gain":0,"max_hp_loss":0,"event_name":"Beggar","floor":21,"gold_loss":75},{"damage_healed":0,"gold_gain":0,"player_choice":"Ignored","damage_taken":0,"max_hp_gain":0,"max_hp_loss":0,"event_name":"Vampires","floor":28,"gold_loss":0},{"cards_removed":["Defend_G"],"damage_healed":0,"gold_gain":0,"player_choice":"Single Remove","damage_taken":0,"max_hp_gain":0,"max_hp_loss":0,"event_name":"Designer","floor":36,"gold_loss":60},{"damage_healed":0,"gold_gain":0,"player_choice":"Fight","damage_taken":0,"max_hp_gain":0,"max_hp_loss":0,"event_name":"Mysterious Sphere","floor":37,"gold_loss":0},{"damage_healed":0,"gold_gain":0,"player_choice":"Max HP","damage_taken":0,"max_hp_gain":0,"max_hp_loss":3,"event_name":"Winding Halls","floor":38,"gold_loss":0},{"damage_healed":0,"gold_gain":333,"player_choice":"Gave Idol","damage_taken":0,"max_hp_gain":0,"max_hp_loss":0,"event_name":"The Moai Head","floor":39,"relics_lost":["Golden Idol"],"gold_loss":0},{"damage_healed":0,"gold_gain":0,"player_choice":"0 cards matched","damage_taken":0,"max_hp_gain":0,"max_hp_loss":0,"event_name":"Match and Keep!","floor":47,"gold_loss":0,"cards_obtained":[]}],"is_beta":false,"boss_relics":[{"not_picked":["Snecko Eye","SacredBark"],"picked":"Astrolabe"},{"not_picked":["Empty Cage","SlaversCollar"],"picked":"Coffee Dripper"}],"items_purged_floors":[27,48],"is_endless":false,"potions_floor_spawned":[1,10,13,20,22,24,31,33,41],"ascension_level":3}}