{"host":"sphpv8i47evyqkcv","time":1613604778,"event":{"mods":["AchievementEnabler","Act Like it!","Aspiration","BaseMod","Colored Powertips","Custom Start","Downfall","Minty Spire (QoL Compilation)","Quick Restart","Remove Card Discount Mod","Replay The Spire","Shop Mod","Spicy Shops","StSLib","Transform Curses"],"gold_per_floor":[211,40,57,73,93,125,125,137,137,137,150,208,2,102,102,201,201,218,236,255,12,12,12,38,38,63,82,93,74,74,74],"floor_reached":30,"language":"ZHS","playtime":1001,"items_purged":["Strike_B","Strike_B","Strike_B","Strike_B","Overencumbered"],"score":277,"play_id":"7d0d7384-247a-4f3c-8dd0-36fc8e3a4646","local_time":"20210217193258","is_ascension_mode":false,"campfire_choices":[{"floor":7.0,"key":"REST"},{"floor":10.0,"key":"REST"},{"data":"Streamline","floor":15.0,"key":"SMITH"},{"floor":23,"key":"REST"},{"floor":25,"key":"REST"}],"circlet_count":0,"master_deck":["Defend_B","Defend_B","Defend_B","Defend_B","Zap","Dualcast","aspiration:Polymerization+1","Streamline+1","Leap","Ball Lightning","Rebound","Electrodynamics","Chaos","Streamline","Electrodynamics","FIFO Queue","Barrage+1","ReplayTheSpireMod:System Scan+1","Cold Snap","ReplayTheSpireMod:Calculation Training","Hologram+1"],"relics":["Cracked Core","Shuriken","aspiration:ChemicalBlood","Quantum Egg","Mercury Hourglass","MerchantsRug","Pondfish Scales","Membership Card","Tiny Chest","Replay:Kaleidoscope","ReplayTheSpireMod:CursedCoin","War Paint","Replay:Mystery Machine","Frozen Egg 2"],"acts_visited":["Exordium","TheCity"],"potions_floor_usage":[24,24,24,28,28,30],"damage_taken":[{"damage":1.0,"enemies":"2 Louse","floor":1.0,"turns":3.0},{"damage":6.0,"enemies":"Cultist","floor":3.0,"turns":3.0},{"damage":3.0,"enemies":"Small Slimes","floor":4.0,"turns":3.0},{"damage":12.0,"enemies":"3 Louse","floor":5.0,"turns":4.0},{"damage":26.0,"enemies":"3 Sentries","floor":6.0,"turns":6.0},{"damage":11.0,"enemies":"Looter","floor":8.0,"turns":3.0},{"damage":11.0,"enemies":"Exordium Wildlife","floor":11.0,"turns":3.0},{"damage":15.0,"enemies":"Gremlin Nob","floor":12.0,"turns":4.0},{"damage":24.0,"enemies":"Hexaghost","floor":16.0,"turns":8.0},{"damage":30.0,"enemies":"2 Thieves","floor":18.0,"turns":3.0},{"damage":13.0,"enemies":"3 Byrds","floor":19.0,"turns":3.0},{"damage":7.0,"enemies":"Centurion and Healer","floor":20.0,"turns":6.0},{"damage":51,"enemies":"Slavers","floor":24,"turns":5},{"damage":21,"enemies":"Snecko","floor":27,"turns":4},{"damage":25,"enemies":"Cultist and Chosen","floor":28,"turns":5},{"damage":5,"enemies":"Snake Plant","floor":30,"turns":1}],"seed_played":"8898076853192455815","potions_obtained":[{"floor":1.0,"key":"SpeedPotion"},{"floor":4.0,"key":"Milkshake"},{"floor":5.0,"key":"Weak Potion"},{"floor":11.0,"key":"PowerPotion"},{"floor":12.0,"key":"Adrenaline Potion"},{"floor":18.0,"key":"EssenceOfSteel"}],"is_trial":false,"path_per_floor":["M","$","M","M","M","E","R","M","T","R","M","?","$","?","R","B",null,"M","M","M","$","?","R","E","R","T","M","M","$","M"],"character_chosen":"DEFECT","items_purchased":["Shuriken","Streamline","MerchantsRug","Pondfish Scales","Membership Card","Lizard Tail","Tiny Chest","Cold Snap","ReplayTheSpireMod:CursedCoin","War Paint","Replay:Mystery Machine","Frozen Egg 2"],"campfire_rested":4,"item_purchase_floors":[2,2,13,13,21,21,21,21,29,29,29,29],"current_hp_per_floor":[74,74,68,65,53,27,49,38,38,60,49,34,34,34,34,10,75,45,32,25,25,11,35,27,51,51,30,5,5,0,0],"gold":74,"neow_bonus":"HUNDRED_GOLD","is_daily":false,"chose_seed":false,"campfire_upgraded":1,"win_rate":0.0,"timestamp":1613604778,"path_taken":["M","$","M","M","M","E","R","M","T","R","M","?","$","?","R","BOSS","M","M","M","?","?","R","E","R","T","M","M","$","M"],"items_purchased_type":["Relic","Card","Relic","Relic","Relic","Relic","Relic","Card","Relic","Relic","Relic","Relic"],"build_version":"2020-12-22","purchased_purges":5,"victory":false,"max_hp_per_floor":[75,75,75,75,75,75,75,75,75,75,75,75,75,75,75,75,75,75,75,75,75,80,80,80,80,80,80,80,80,80,80],"card_choices":[{"not_picked":["Panic Button","Steam"],"picked":"aspiration:Polymerization","floor":1.0},{"not_picked":["Beam Cell","Stack"],"picked":"Leap","floor":3.0},{"not_picked":["Darkness","Steam"],"picked":"Ball Lightning","floor":4.0},{"not_picked":["Undo","Time Bomb"],"picked":"Rebound","floor":5.0},{"not_picked":["Conserve Battery","White Noise"],"picked":"Electrodynamics","floor":6.0},{"not_picked":["Coolheaded","Gash"],"picked":"Chaos","floor":8.0},{"not_picked":["Doom and Gloom","Undo","ReplayGash"],"picked":"SKIP","floor":11.0},{"not_picked":["Panic Button","Reinforced Body"],"picked":"Streamline","floor":12.0},{"not_picked":["Machine Learning","Multi-Cast"],"picked":"Electrodynamics","floor":16.0},{"not_picked":["Stack","Sweeping Beam","Cold Snap+1"],"picked":"FIFO Queue","floor":18.0},{"not_picked":["Hologram+1","Capacitor","ReplayTheSpireMod:Repulse"],"picked":"Barrage+1","floor":19.0},{"not_picked":["Leap","Panic Button+1","Electrodynamics"],"picked":"ReplayTheSpireMod:System Scan","floor":20.0},{"not_picked":["White Noise","Cold Snap+1"],"picked":"ReplayTheSpireMod:Calculation Training","floor":24},{"not_picked":["ReplayTheSpireMod:GoodbyeWorld","Time Bomb","BasicCrystalCard"],"picked":"SKIP","floor":27},{"not_picked":["Blizzard","Scrape"],"picked":"Hologram+1","floor":28}],"player_experience":24141,"relics_obtained":[{"floor":6.0,"key":"aspiration:ChemicalBlood"},{"floor":9.0,"key":"Quantum Egg"},{"floor":12.0,"key":"Mercury Hourglass"},{"floor":24,"key":"Replay:Kaleidoscope"},{"floor":26,"key":"Smiling Mask"}],"event_choices":[{"damage_healed":0.0,"max_hp_gain":0.0,"max_hp_loss":0.0,"gold_gain":0.0,"event_name":"Dead Adventurer","player_choice":"Searched \u00271\u0027 times","floor":12.0,"gold_loss":0.0,"damage_taken":0.0},{"damage_healed":0.0,"max_hp_gain":0.0,"max_hp_loss":0.0,"gold_gain":100.0,"event_name":"Wheel of Change","player_choice":"Gold","floor":14.0,"gold_loss":0.0,"damage_taken":0.0},{"damage_healed":0,"gold_gain":0,"player_choice":"Shed Blood","damage_taken":19,"max_hp_gain":5,"max_hp_loss":0,"event_name":"Forgotten Altar","floor":22,"gold_loss":0}],"is_beta":false,"boss_relics":[{"not_picked":["aspiration:PoetsPen_weak","SacredBark"],"picked":"aspiration:WatcherSkillbook"}],"items_purged_floors":[13,13,13,13,29],"is_endless":false,"potions_floor_spawned":[1,4,5,8,12,18,19],"killed_by":"Snake Plant","ascension_level":0}}