{"host":"254qdhpnbonm8z0p","time":1613559121,"event":{"mods":["AchievementEnabler","BaseMod","Block Reminder","Colored Map","Colored Powertips","Minty Spire (QoL Compilation)","ojb\u0027s Better Paths Mod"],"gold_per_floor":[110,124,124,138,157,182,182,199,199,234,248,248,266,277,277,277,277],"floor_reached":16,"language":"ENG","playtime":1368,"items_purged":[],"score":122,"play_id":"fb6e3c46-71de-4645-a4fc-925314cb5c93","local_time":"20210217025201","is_ascension_mode":true,"campfire_choices":[{"data":"Self Repair","floor":7,"key":"SMITH"},{"floor":12,"key":"REST"},{"floor":15,"key":"REST"}],"circlet_count":0,"master_deck":["Strike_B","Strike_B","Strike_B","Strike_B","Defend_B","Defend_B","Defend_B","Defend_B","Zap","Dualcast","Sunder","Streamline","Double Energy","Self Repair+1","Ball Lightning","Creative AI"],"relics":["Cracked Core","NeowsBlessing","GremlinMask","Boot","Nunchaku","Bag of Preparation"],"acts_visited":["Exordium"],"potions_floor_usage":[16,16],"damage_taken":[{"damage":0,"enemies":"2 Louse","floor":1,"turns":1},{"damage":0,"enemies":"Cultist","floor":2,"turns":1},{"damage":0,"enemies":"Small Slimes","floor":4,"turns":1},{"damage":18,"enemies":"Exordium Wildlife","floor":5,"turns":5},{"damage":25,"enemies":"3 Sentries","floor":6,"turns":8},{"damage":8,"enemies":"Lots of Slimes","floor":8,"turns":4},{"damage":21,"enemies":"Lagavulin","floor":10,"turns":5},{"damage":11,"enemies":"Blue Slaver","floor":11,"turns":4},{"damage":25,"enemies":"Exordium Wildlife","floor":13,"turns":4},{"damage":19,"enemies":"Large Slime","floor":14,"turns":7},{"damage":44,"enemies":"Slime Boss","floor":16,"turns":9}],"seed_played":"-3589563166068463561","potions_obtained":[{"floor":4,"key":"EssenceOfSteel"},{"floor":5,"key":"Fire Potion"},{"floor":8,"key":"Block Potion"}],"is_trial":false,"path_per_floor":["M","M","?","M","M","E","R","M","T","E","M","R","M","M","R","B"],"character_chosen":"DEFECT","items_purchased":[],"campfire_rested":2,"item_purchase_floors":[],"current_hp_per_floor":[75,75,75,75,57,32,32,34,34,23,22,44,29,20,42,0,0],"gold":277,"neow_bonus":"THREE_ENEMY_KILL","is_daily":false,"chose_seed":false,"campfire_upgraded":1,"win_rate":0.0,"timestamp":1613559121,"path_taken":["M","M","?","M","M","E","R","M","T","E","M","R","M","?","R","BOSS"],"items_purchased_type":[],"build_version":"2020-12-22","purchased_purges":0,"victory":false,"max_hp_per_floor":[75,75,75,75,75,75,75,75,75,75,75,75,75,75,75,75,75],"card_choices":[{"not_picked":["Hologram","Ball Lightning"],"picked":"Sunder","floor":1},{"not_picked":["Steam","Turbo","Hologram"],"picked":"SKIP","floor":2},{"not_picked":["Coolheaded","Rebound"],"picked":"Streamline","floor":4},{"not_picked":["Redo","Go for the Eyes"],"picked":"Double Energy","floor":5},{"not_picked":["Redo","Reboot"],"picked":"Self Repair","floor":6},{"not_picked":["Compile Driver","Streamline"],"picked":"Ball Lightning","floor":8},{"not_picked":["Beam Cell","Redo"],"picked":"Creative AI","floor":10},{"not_picked":["Streamline","Barrage","Compile Driver"],"picked":"SKIP","floor":11},{"not_picked":["Turbo","Compile Driver","Rebound"],"picked":"SKIP","floor":13},{"not_picked":["Chaos","Barrage","Steam"],"picked":"SKIP","floor":14}],"player_experience":121037,"relics_obtained":[{"floor":6,"key":"Boot"},{"floor":9,"key":"Nunchaku"},{"floor":10,"key":"Bag of Preparation"}],"event_choices":[{"damage_healed":0,"gold_gain":0,"player_choice":"Trade","damage_taken":0,"relics_obtained":["GremlinMask"],"max_hp_gain":0,"max_hp_loss":0,"event_name":"FaceTrader","floor":3,"gold_loss":0}],"is_beta":false,"boss_relics":[],"items_purged_floors":[],"is_endless":false,"potions_floor_spawned":[4,5,8,10,14],"killed_by":"Slime Boss","ascension_level":1}}