{"host":"2c84cb4cp1emursg","time":1613524076,"event":{"mods":["Act Like it!","BaseMod","Better Third Choice","Bossed Relics","Hermit","Mimic Mod","Minty Spire (QoL Compilation)","Permanent Neow","StSLib","The Bug Knight"],"gold_per_floor":[111,121,136,154,154,183,183,209,244,50,61,80,80,99,99,99,99],"floor_reached":16,"language":"ENG","playtime":893,"items_purged":[],"score":181,"play_id":"2b94e4c3-b992-4a03-bfd7-14cbd851d099","local_time":"20210216180756","is_ascension_mode":true,"campfire_choices":[{"data":"All Out Attack","floor":7,"key":"SMITH"},{"floor":13,"key":"REST"},{"data":"Dash","floor":15,"key":"SMITH"}],"circlet_count":0,"master_deck":["Strike_G","Strike_G","Strike_G","Strike_G","Strike_G","Defend_G","Defend_G","Defend_G","Defend_G+1","Survivor","Neutralize","Choke","Sucker Punch","Dash+1","Flying Knee","All Out Attack+1","Infinite Blades","Slice+1","Flying Knee+1","Eviscerate+1","Poisoned Stab+1","Slice+1"],"relics":["Ring of the Snake","Regal Pillow","Molten Egg 2","Toy Ornithopter","PreservedInsect"],"acts_visited":["Exordium"],"potions_floor_usage":[6,6,6,12],"damage_taken":[{"damage":1,"enemies":"Cultist","floor":1,"turns":4},{"damage":2,"enemies":"Small Slimes","floor":2,"turns":3},{"damage":1,"enemies":"Jaw Worm","floor":3,"turns":3},{"damage":6,"enemies":"Red Slaver","floor":4,"turns":3},{"damage":0,"enemies":"Lagavulin","floor":6,"turns":5},{"damage":34,"enemies":"3 Sentries","floor":8,"turns":8},{"damage":0,"enemies":"Lots of Slimes","floor":9,"turns":7},{"damage":18,"enemies":"Lots of Slimes","floor":11,"turns":4},{"damage":0,"enemies":"Exordium Thugs","floor":12,"turns":4},{"damage":6,"enemies":"Gremlin Gang","floor":14,"turns":2},{"damage":36,"enemies":"The Guardian","floor":16,"turns":12}],"seed_played":"7969528080568697827","potions_obtained":[{"floor":1,"key":"CultistPotion"},{"floor":3,"key":"Block Potion"},{"floor":4,"key":"Poison Potion"},{"floor":11,"key":"BlessingOfTheForge"},{"floor":12,"key":"Poison Potion"}],"is_trial":false,"path_per_floor":["M","M","M","M","?","E","R","E","MIM","$","M","M","R","M","R","B"],"character_chosen":"THE_SILENT","items_purchased":["PreservedInsect","Flying Knee+1"],"campfire_rested":1,"item_purchase_floors":[10,10],"current_hp_per_floor":[62,60,59,53,53,53,53,19,19,19,1,6,42,36,36,0,0],"gold":99,"neow_bonus":"UPGRADE_CARD","is_daily":false,"chose_seed":false,"campfire_upgraded":2,"win_rate":0.0,"timestamp":1613524076,"path_taken":["M","M","M","?","?","E","R","E","MIM","$","?","M","R","M","R","BOSS"],"items_purchased_type":["Relic","Card"],"build_version":"2020-12-22","purchased_purges":0,"victory":false,"max_hp_per_floor":[70,70,70,70,70,70,70,70,70,70,70,70,70,70,70,70,70],"card_choices":[{"not_picked":["Calculated Gamble","Caltrops"],"picked":"Choke","floor":1},{"not_picked":["Dagger Throw","Terror"],"picked":"Sucker Punch","floor":2},{"not_picked":["Quick Slash","Wraith Form v2"],"picked":"Dash","floor":3},{"not_picked":["Acrobatics","All Out Attack"],"picked":"Flying Knee","floor":4},{"not_picked":["Dagger Throw","Distraction"],"picked":"All Out Attack","floor":6},{"not_picked":["Dagger Spray+1","Burst"],"picked":"Infinite Blades","floor":8},{"not_picked":["Prepared","Dagger Spray+1"],"picked":"Slice+1","floor":9},{"not_picked":["Quick Slash+1","Reflex"],"picked":"Eviscerate+1","floor":11},{"not_picked":["Concentrate","Choke+1"],"picked":"Poisoned Stab+1","floor":12},{"not_picked":["Quick Slash+1","Acrobatics"],"picked":"Slice+1","floor":14}],"player_experience":532281,"relics_obtained":[{"floor":6,"key":"Regal Pillow"},{"floor":8,"key":"Molten Egg 2"},{"floor":9,"key":"Toy Ornithopter"}],"event_choices":[{"cards_removed":["Defend_G"],"damage_healed":0,"gold_gain":0,"player_choice":"Offered Basic","damage_taken":0,"max_hp_gain":0,"max_hp_loss":0,"event_name":"Bonfire Elementals","floor":5,"gold_loss":0}],"is_beta":false,"boss_relics":[],"items_purged_floors":[],"is_endless":false,"potions_floor_spawned":[1,3,4,11,12],"killed_by":"The Guardian","ascension_level":6}}