{"host":"buaikbko8oj3kpfn","time":1613581903,"event":{"mods":["Act Like it!","Arknights","BaseMod","Koishi","Minty Spire (QoL Compilation)","Remilia（蕾米莉亚）","RumiaBox-露米娅的神秘盒子","StSLib","Yakumo Yukari mod","【功能Mod】混沌之环修复补丁"],"gold_per_floor":[117,135,210,135,60,94,94,94,94,127,127,127,147,179,179,253,253,272,322,348,348,368,403,421,451,451,476,476,486,497,69,69,145,145,155,155,155,155],"floor_reached":37,"language":"ZHS","playtime":1309,"items_purged":["Strike_RM","Defend_RM"],"score":1236,"play_id":"b19483a2-8a7a-40ed-8173-3f3cc4f1a61f","local_time":"20210218011143","is_ascension_mode":true,"campfire_choices":[{"data":"BloodyMagicSquare","floor":8,"key":"SMITH"},{"data":"DiffusionOfMisfortune","floor":11,"key":"SMITH"},{"data":"ScarletDream","floor":15,"key":"SMITH"},{"data":"EquivalentExchange","floor":28,"key":"SMITH"},{"floor":32,"key":"REST"}],"circlet_count":0,"master_deck":["AscendersBane","Defend_RM","Defend_RM","RedMoon","ScarletShoot","DiffusionOfMisfortune+1","EquivalentExchange+1","BloodyMagicSquare+1","EndlessAdversity","ScarletDream+1","EquivalentExchange+1","SuperhumanBloodyKnife+1","RedMagic","CeilingFear"],"relics":["ScarletHat","AddBug","SecretRecord","SecretRecord","SecretRecord","SecretRecord","SecretRecord"],"acts_visited":["Exordium","TheCity","TheBeyond"],"potions_floor_usage":[],"damage_taken":[{"damage":0,"enemies":"Small Slimes","floor":1,"turns":4},{"damage":3,"enemies":"2 Louse","floor":2,"turns":3},{"damage":35,"enemies":"Gremlin Nob","floor":6,"turns":5},{"damage":15,"enemies":"Lagavulin","floor":10,"turns":6},{"damage":9,"enemies":"Jaw Worm","floor":13,"turns":2},{"damage":6,"enemies":"3 Sentries","floor":14,"turns":2},{"damage":7,"enemies":"The Guardian","floor":16,"turns":4},{"damage":32,"enemies":"3 Byrds","floor":18,"turns":5},{"damage":16,"enemies":"Masked Bandits","floor":20,"turns":2},{"damage":8,"enemies":"2 Thieves","floor":22,"turns":1},{"damage":4,"enemies":"Book of Stabbing","floor":23,"turns":3},{"damage":5,"enemies":"Sentry and Sphere","floor":24,"turns":3},{"damage":3,"enemies":"Gremlin Leader","floor":25,"turns":3},{"damage":5,"enemies":"Book of Stabbing","floor":27,"turns":3},{"damage":6,"enemies":"Snecko","floor":29,"turns":2},{"damage":6,"enemies":"Shelled Parasite and Fungi","floor":30,"turns":3},{"damage":14,"enemies":"Champ","floor":33,"turns":3},{"damage":45,"enemies":"3 Darklings","floor":35,"turns":3}],"seed_played":"-8291111827487102213","potions_obtained":[{"floor":6,"key":"PowerPotion"},{"floor":10,"key":"Swift Potion"},{"floor":20,"key":"FairyPotion"}],"is_trial":false,"path_per_floor":["M","M","?","$","?","E","?","R","T","E","R","?","M","E","R","B",null,"M","?","?","?","M","E","M","E","T","E","R","M","M","$","R","B",null,"M","?","M"],"character_chosen":"REMILIA","items_purchased":["Blood Vial","Lee\u0027s Waffle"],"campfire_rested":1,"item_purchase_floors":[31,31],"current_hp_per_floor":[70,67,56,56,56,29,29,29,29,25,25,18,12,6,6,19,63,31,31,15,15,7,10,5,10,10,11,11,11,5,5,28,44,69,31,31,0,0],"gold":155,"neow_bonus":"TEN_PERCENT_HP_BONUS","is_daily":false,"chose_seed":false,"campfire_upgraded":4,"win_rate":0.0,"timestamp":1613581903,"path_taken":["M","M","?","$","?","E","?","R","T","E","R","?","?","E","R","BOSS","M","?","?","?","?","E","M","E","T","E","R","M","M","$","R","BOSS","M","?","M"],"items_purchased_type":["Relic","Relic"],"build_version":"2020-12-22","purchased_purges":2,"victory":false,"max_hp_per_floor":[77,77,77,77,77,77,77,77,77,77,77,77,77,77,77,77,77,77,77,77,77,77,77,77,77,77,77,77,77,77,77,77,77,77,77,77,77,77],"card_choices":[{"not_picked":["BlasphemousPunishment","CharismaGuard"],"picked":"DiffusionOfMisfortune","floor":1},{"not_picked":["UnstableMagic","BlasphemousPunishment"],"picked":"EquivalentExchange","floor":2},{"not_picked":["MiserableFate","StarOfDavid"],"picked":"BloodyMagicSquare","floor":6},{"not_picked":["BlasphemousPunishment","UnderTheZenith"],"picked":"EndlessAdversity","floor":10},{"not_picked":["ScarletDevil","FavorOfDestiny"],"picked":"ScarletDream","floor":13},{"not_picked":["ScarletDevil","DiffusionOfMisfortune","BloodHunter"],"picked":"SKIP","floor":14},{"not_picked":["BatForm","TricksterDevil"],"picked":"EquivalentExchange","floor":16},{"not_picked":["ScarletImprint","RedRainbow+1","ReincarnationDial"],"picked":"SKIP","floor":18},{"not_picked":["StarOfDavid","MastersStateliness"],"picked":"SuperhumanBloodyKnife+1","floor":20},{"not_picked":["Septette","UnstableMagic","ScarletGensokyo"],"picked":"SKIP","floor":22},{"not_picked":["FavorOfDestiny","VampireKiss","CharismaGuard+1"],"picked":"SKIP","floor":23},{"not_picked":["Stigmanizer","FavorOfDestiny","ChainGang"],"picked":"SKIP","floor":24},{"not_picked":["UnstableMagic","Ultimatum","TricksterDevil"],"picked":"SKIP","floor":25},{"not_picked":["ScarletNetherworld","ScarletDevil","VampirishNight"],"picked":"SKIP","floor":27},{"not_picked":["BombardNight","UnstableMagic","ScarletGensokyo"],"picked":"SKIP","floor":29},{"not_picked":["UnstableMagic","FavorOfDestiny","VampireKiss"],"picked":"SKIP","floor":30},{"not_picked":["TricksterDevil","EquivalentExchange"],"picked":"CeilingFear","floor":33},{"not_picked":["EmergencyRegeneration","RedRainbow","CharismaGuard"],"picked":"SKIP","floor":35}],"player_experience":428814,"relics_obtained":[{"floor":1,"key":"AddBug"},{"floor":6,"key":"Turnip"},{"floor":9,"key":"RedBat"},{"floor":10,"key":"Blue Candle"},{"floor":14,"key":"SecretRecord"},{"floor":14,"key":"Bag of Marbles"},{"floor":18,"key":"SecretRecord"},{"floor":20,"key":"Red Mask"},{"floor":23,"key":"SecretRecord"},{"floor":23,"key":"Anchor"},{"floor":25,"key":"Art of War"},{"floor":26,"key":"Shovel"},{"floor":27,"key":"SecretRecord"},{"floor":27,"key":"Ornamental Fan"}],"event_choices":[{"damage_healed":0,"gold_gain":75,"player_choice":"Gather Gold","damage_taken":11,"max_hp_gain":0,"max_hp_loss":0,"event_name":"World of Goop","floor":3,"gold_loss":0},{"cards_removed":["Strike_RM"],"damage_healed":0,"gold_gain":0,"player_choice":"Card Removal","damage_taken":0,"max_hp_gain":0,"max_hp_loss":0,"event_name":"The Cleric","floor":5,"gold_loss":75},{"cards_removed":["Defend_RM"],"damage_healed":0,"gold_gain":0,"player_choice":"Forget","damage_taken":0,"max_hp_gain":0,"max_hp_loss":0,"event_name":"Living Wall","floor":7,"gold_loss":0},{"cards_removed":["Strike_RM"],"damage_healed":0,"gold_gain":0,"player_choice":"Card Removal","damage_taken":7,"max_hp_gain":0,"max_hp_loss":0,"event_name":"Golden Wing","floor":12,"gold_loss":0},{"damage_healed":0,"gold_gain":50,"player_choice":"Stole From Cult","damage_taken":0,"max_hp_gain":0,"max_hp_loss":0,"event_name":"Nest","floor":19,"gold_loss":0},{"damage_healed":0,"gold_gain":0,"player_choice":"Fought Bandits","damage_taken":0,"max_hp_gain":0,"max_hp_loss":0,"event_name":"Masked Bandits","floor":20,"gold_loss":0},{"damage_healed":0,"gold_gain":0,"cards_transformed":["Strike_RM"],"player_choice":"Transformed","damage_taken":0,"max_hp_gain":0,"max_hp_loss":0,"event_name":"Transmorgrifier","floor":21,"gold_loss":0,"cards_obtained":["RedMagic"]},{"damage_healed":0,"gold_gain":0,"player_choice":"Ignored","damage_taken":0,"max_hp_gain":0,"max_hp_loss":0,"event_name":"SecretPortal","floor":36,"gold_loss":0}],"is_beta":false,"boss_relics":[{"not_picked":["EasyGame_NEW","Snecko Eye"],"picked":"APieceOfRedMist"},{"not_picked":["Velvet Choker","SoulBox"],"picked":"Cursed Key"}],"items_purged_floors":[4,31],"is_endless":false,"potions_floor_spawned":[6,10,16,18,20,22],"killed_by":"3 Shapes","ascension_level":20}}