{"host":"v86vpwf004p2esb7","time":1613537656,"event":{"mods":["AchievementEnabler","BaseMod","BetterRewards","Colored Powertips","Minty Spire (QoL Compilation)","Quick Restart","StSLib","Transform Curses"],"gold_per_floor":[115,126,301,314,279,279,24,56,110,110,137,137,169,188,188,284,334,346,445,461,233,246,272,272,307,307,307,307,307,307,335,335,436,436,456,254,13,24,24,51,83,117,117,117,150,150,163,181,181,181,181,181,10,36,36],"floor_reached":56,"language":"ENG","playtime":3021,"items_purged":[],"score":1736,"play_id":"d6bafb1b-01d0-4abc-b27d-7f0c177a1980","local_time":"20210216205416","is_ascension_mode":true,"campfire_choices":[{"data":"Cloak And Dagger","floor":6,"key":"SMITH"},{"floor":10,"key":"REST"},{"data":"Neutralize","floor":12,"key":"SMITH"},{"floor":15,"key":"RECALL"},{"data":"Storm of Steel","floor":24,"key":"SMITH"},{"data":"Cloak And Dagger","floor":27,"key":"SMITH"},{"floor":29,"key":"REST"},{"data":"Burst","floor":32,"key":"SMITH"},{"data":"After Image","floor":44,"key":"SMITH"},{"floor":49,"key":"REST"},{"data":"After Image","floor":52,"key":"SMITH"}],"circlet_count":0,"master_deck":["Strike_G","Strike_G+1","Strike_G","Strike_G+1","Strike_G","Defend_G","Defend_G","Defend_G","Defend_G","Defend_G","Survivor","Neutralize+1","Footwork","Poisoned Stab","Cloak And Dagger+1","Quick Slash","Dagger Spray","Quick Slash+1","Footwork","Flying Knee","Storm of Steel+1","PiercingWail","Caltrops","Endless Agony","Cloak And Dagger+1","Blade Dance","Distraction","Escape Plan","Burst+1","Phantasmal Killer","Prepared+1","Slice+1","After Image+1","Backflip","Catalyst+1","Finisher+1","Cloak And Dagger","After Image+1","Accuracy+1","Endless Agony","Well Laid Plans+1","Trip","Apotheosis","Secret Technique","Distraction","Accuracy","Footwork","Dodge and Roll+1"],"relics":["Ring of the Snake","Membership Card","Omamori","Tough Bandages","Ninja Scroll","Regal Pillow","Shuriken","StrikeDummy","PreservedInsect","Du-Vu Doll","FossilizedHelix","Tiny House","TwistedFunnel","HornCleat","Pen Nib","Incense Burner","Ornamental Fan","Nilry\u0027s Codex","Potion Belt","Calling Bell","Blood Vial","Gremlin Horn","WingedGreaves","Paper Crane","Orrery","DollysMirror","Mango","Pantograph","Oddly Smooth Stone","CaptainsWheel","Whetstone","Snake Skull","Vajra","Kunai"],"acts_visited":["Exordium","TheCity","TheBeyond","TheEnding"],"potions_floor_usage":[40,50,50,50,50,55,55,55],"damage_taken":[{"damage":0,"enemies":"Small Slimes","floor":1,"turns":3},{"damage":0,"enemies":"2 Louse","floor":2,"turns":1},{"damage":0,"enemies":"Jaw Worm","floor":4,"turns":3},{"damage":17,"enemies":"Lagavulin","floor":8,"turns":4},{"damage":10,"enemies":"3 Sentries","floor":11,"turns":3},{"damage":4,"enemies":"Lagavulin","floor":13,"turns":3},{"damage":0,"enemies":"3 Louse","floor":14,"turns":2},{"damage":16,"enemies":"The Guardian","floor":16,"turns":11},{"damage":0,"enemies":"Chosen","floor":18,"turns":2},{"damage":0,"enemies":"3 Byrds","floor":20,"turns":4},{"damage":8,"enemies":"Snake Plant","floor":22,"turns":5},{"damage":7,"enemies":"Slavers","floor":23,"turns":3},{"damage":12,"enemies":"Gremlin Leader","floor":25,"turns":3},{"damage":7,"enemies":"Slavers","floor":31,"turns":3},{"damage":0,"enemies":"Automaton","floor":33,"turns":8},{"damage":0,"enemies":"3 Darklings","floor":35,"turns":4},{"damage":0,"enemies":"Orb Walker","floor":38,"turns":1},{"damage":49,"enemies":"Giant Head","floor":40,"turns":8},{"damage":0,"enemies":"Nemesis","floor":41,"turns":3},{"damage":0,"enemies":"Giant Head","floor":42,"turns":7},{"damage":0,"enemies":"Reptomancer","floor":45,"turns":4},{"damage":9,"enemies":"Writhing Mass","floor":47,"turns":4},{"damage":0,"enemies":"Maw","floor":48,"turns":6},{"damage":17,"enemies":"Time Eater","floor":50,"turns":8},{"damage":0,"enemies":"Shield and Spear","floor":54,"turns":4},{"damage":87,"enemies":"The Heart","floor":55,"turns":10}],"seed_played":"7745518100641588446","potions_obtained":[{"floor":1,"key":"LiquidBronze"},{"floor":2,"key":"ColorlessPotion"},{"floor":13,"key":"Dexterity Potion"},{"floor":17,"key":"CunningPotion"},{"floor":23,"key":"BlessingOfTheForge"},{"floor":42,"key":"CunningPotion"},{"floor":45,"key":"SmokeBomb"},{"floor":47,"key":"Poison Potion"},{"floor":54,"key":"PowerPotion"}],"is_trial":false,"path_per_floor":["M","M","?","M","?","R","$","E","T","R","E","R","E","M","R","B",null,"M","?","M","$","M","E","R","E","T","R","?","R","?","E","R","B",null,"M","$","$","M","?","E","E","E","T","R","E","?","M","M","R","B",null,"R","$","E","B",null],"character_chosen":"THE_SILENT","items_purchased":["Membership Card","Footwork","Omamori","Poisoned Stab","Ninja Scroll","Regal Pillow","Shuriken","StrikeDummy","TwistedFunnel","Cloak And Dagger","HornCleat","Paper Crane","Orrery","Cloak And Dagger","DollysMirror","Mango","Vajra","Footwork","Energy Potion","LiquidBronze"],"campfire_rested":3,"item_purchase_floors":[0,0,0,0,0,0,7,7,21,21,21,36,36,37,37,37,53,53,53,53],"current_hp_per_floor":[38,38,38,38,55,55,55,38,38,70,60,60,56,56,56,40,75,75,75,75,75,67,60,60,48,48,48,32,69,75,68,68,68,75,75,75,89,89,89,40,42,44,44,44,46,36,29,31,72,72,89,89,89,89,2],"gold":36,"neow_bonus":"","is_daily":false,"chose_seed":false,"campfire_upgraded":7,"win_rate":0.0,"timestamp":1613537656,"path_taken":["M","M","?","M","?","R","$","E","T","R","E","R","E","M","R","BOSS","M","?","M","$","M","E","R","E","T","R","?","R","?","E","R","BOSS","M","$","$","?","?","E","E","E","T","R","E","?","?","M","R","BOSS","R","$","E","BOSS"],"items_purchased_type":["Relic","Card","Relic","Card","Relic","Relic","Relic","Relic","Relic","Card","Relic","Relic","Relic","Card","Relic","Relic","Relic","Card","Potion","Potion"],"build_version":"2020-12-22","purchased_purges":0,"victory":true,"max_hp_per_floor":[70,70,70,70,70,70,70,70,70,70,70,70,70,70,70,70,75,75,75,75,75,75,75,75,75,75,75,75,75,75,75,75,75,75,75,75,89,89,89,89,89,89,89,89,89,89,89,89,89,89,89,89,89,89,89],"card_choices":[{"not_picked":["Reflex","Footwork"],"picked":"Cloak And Dagger","floor":1},{"not_picked":["PiercingWail","Crippling Poison"],"picked":"Quick Slash","floor":2},{"not_picked":["Deflect","PiercingWail"],"picked":"Dagger Spray","floor":4},{"not_picked":["Deadly Poison","Concentrate"],"picked":"Quick Slash","floor":8},{"not_picked":["Sucker Punch","Bane"],"picked":"Escape Plan","floor":11},{"not_picked":["Prepared","Tactician"],"picked":"Footwork","floor":13},{"not_picked":["Caltrops","Quick Slash"],"picked":"Flying Knee","floor":14},{"not_picked":["Grand Finale","Wraith Form v2"],"picked":"Storm of Steel","floor":16},{"not_picked":["Deflect","Skewer"],"picked":"PiercingWail","floor":17},{"not_picked":["Acrobatics","Outmaneuver"],"picked":"Caltrops","floor":18},{"not_picked":["Catalyst","Outmaneuver+1"],"picked":"Endless Agony","floor":20},{"not_picked":["All Out Attack","Prepared"],"picked":"Blade Dance","floor":22},{"not_picked":["Tactician+1","Sucker Punch+1"],"picked":"Distraction","floor":23},{"not_picked":["Crippling Poison","All Out Attack"],"picked":"Escape Plan","floor":25},{"not_picked":["Doppelganger","Endless Agony"],"picked":"Burst","floor":31},{"not_picked":["Venomology","Malaise"],"picked":"Phantasmal Killer","floor":33},{"not_picked":["Flying Knee","Quick Slash"],"picked":"Prepared+1","floor":35},{"not_picked":["Outmaneuver","Dash+1"],"picked":"Slice+1","floor":36},{"not_picked":["Masterful Stab+1","Calculated Gamble+1"],"picked":"After Image","floor":36},{"not_picked":["Underhanded Strike+1","Crippling Poison+1"],"picked":"Backflip","floor":36},{"not_picked":["Deadly Poison+1","Leg Sweep"],"picked":"Catalyst+1","floor":36},{"not_picked":["Backflip+1","Calculated Gamble+1"],"picked":"Finisher+1","floor":36},{"not_picked":["Deflect+1","Finisher+1"],"picked":"Accuracy+1","floor":38},{"not_picked":["Deflect+1","Crippling Poison"],"picked":"Endless Agony","floor":40},{"not_picked":["Flying Knee+1","Poisoned Stab"],"picked":"Well Laid Plans+1","floor":41},{"not_picked":["Flying Knee","Leg Sweep","Outmaneuver"],"picked":"SKIP","floor":42},{"not_picked":["Sucker Punch+1","Flying Knee","Backflip+1"],"picked":"SKIP","floor":45},{"not_picked":["Purity","Transmutation"],"picked":"Trip","floor":46},{"not_picked":["Mayhem","Secret Technique"],"picked":"Apotheosis","floor":46},{"not_picked":["Chrysalis","HandOfGreed"],"picked":"Secret Technique","floor":46},{"not_picked":["Sucker Punch+1","Prepared"],"picked":"Distraction","floor":47},{"not_picked":["Backflip","Acrobatics+1"],"picked":"Accuracy","floor":48},{"not_picked":["Acrobatics","Catalyst+1"],"picked":"Dodge and Roll+1","floor":54}],"player_experience":278664,"relics_obtained":[{"floor":8,"key":"PreservedInsect"},{"floor":11,"key":"Du-Vu Doll"},{"floor":13,"key":"FossilizedHelix"},{"floor":23,"key":"Pen Nib"},{"floor":25,"key":"Incense Burner"},{"floor":26,"key":"Ornamental Fan"},{"floor":28,"key":"Nilry\u0027s Codex"},{"floor":31,"key":"Potion Belt"},{"floor":34,"key":"Blood Vial"},{"floor":34,"key":"Gremlin Horn"},{"floor":34,"key":"WingedGreaves"},{"floor":40,"key":"Pantograph"},{"floor":41,"key":"Oddly Smooth Stone"},{"floor":42,"key":"CaptainsWheel"},{"floor":43,"key":"Whetstone"},{"floor":45,"key":"Snake Skull"},{"floor":54,"key":"Kunai"}],"event_choices":[{"damage_healed":0,"gold_gain":175,"player_choice":"AGREE","damage_taken":0,"max_hp_gain":0,"max_hp_loss":0,"event_name":"Liars Game","floor":3,"gold_loss":0,"cards_obtained":["Doubt"]},{"damage_healed":17,"gold_gain":0,"player_choice":"Healed","damage_taken":0,"max_hp_gain":0,"max_hp_loss":0,"event_name":"The Cleric","floor":5,"gold_loss":35},{"damage_healed":0,"gold_gain":99,"player_choice":"Stole From Cult","damage_taken":0,"max_hp_gain":0,"max_hp_loss":0,"event_name":"Nest","floor":19,"gold_loss":0},{"damage_healed":0,"gold_gain":0,"player_choice":"Obtained Book","damage_taken":16,"max_hp_gain":0,"max_hp_loss":0,"event_name":"Cursed Tome","floor":28,"gold_loss":0},{"damage_healed":6,"gold_gain":0,"player_choice":"Full Heal","damage_taken":0,"max_hp_gain":0,"max_hp_loss":0,"event_name":"Wheel of Change","floor":30,"gold_loss":0},{"cards_removed":["Escape Plan"],"damage_healed":0,"gold_gain":0,"player_choice":"Removed Skill","damage_taken":0,"max_hp_gain":0,"max_hp_loss":0,"event_name":"Falling","floor":39,"gold_loss":0},{"damage_healed":0,"gold_gain":0,"player_choice":"Memory 3","damage_taken":10,"max_hp_gain":0,"max_hp_loss":0,"event_name":"SensoryStone","floor":46,"gold_loss":0}],"is_beta":false,"boss_relics":[{"not_picked":["Snecko Eye","Coffee Dripper"],"picked":"Tiny House"},{"not_picked":["Cursed Key","SlaversCollar"],"picked":"Calling Bell"}],"items_purged_floors":[],"is_endless":false,"potions_floor_spawned":[1,2,13,18,20,23,42,45,47,48,54],"ascension_level":3}}