{"host":"5jzx1090woovszu4","time":1613539482,"event":{"mods":["BaseMod","Minty Spire (QoL Compilation)","Robot Space Explorer","Spicy Shops","StSLib","The Dragon Tamer"],"gold_per_floor":[19,19,94,94,19,59,85,129,209,209,224,257,79,94,94,219,219,244,194,218,218,239,279,0,0,25,48,48,86,99,122,122,253,253,278,298,298,325,344,388,388,431,478,73,93,117,117,150,150,150,150,150,5,39,39],"floor_reached":56,"language":"ENG","playtime":4507,"items_purged":["DTMod:Strike","DTMod:Strike","DTMod:Strike"],"score":1630,"play_id":"1c96c71a-ec9e-46dd-b1a7-a7e221d2340e","local_time":"20210217062442","is_ascension_mode":true,"metric_token":403,"campfire_choices":[{"floor":10,"key":"REST"},{"data":"DTMod:Inferno","floor":15,"key":"SMITH"},{"data":"DTMod:Multitask","floor":25,"key":"SMITH"},{"data":"Secret Weapon","floor":32,"key":"SMITH"},{"data":"DTMod:BurningEnergy","floor":41,"key":"SMITH"},{"floor":47,"key":"RECALL"},{"data":"DTMod:HeadStart","floor":49,"key":"SMITH"},{"data":"DTMod:BurningEnergy","floor":52,"key":"SMITH"}],"dtmod_dragon_data":[49,50,2,1,12,8],"circlet_count":0,"master_deck":["DTMod:DoubleHit","DTMod:TargetDefense","DTMod:TargetDefense","DTMod:TargetDefense","DTMod:SwitchingTactic","Secret Weapon+1","DTMod:Threaten","DTMod:BreakAttack","DTMod:ShieldDrain","DTMod:BurningEnergy+1","DTMod:QuickFly","DTMod:BlazingStrike","DTMod:BurningEnergy+1","DTMod:Inferno+1","DTMod:HeadStart+1","DTMod:WarmUp","DTMod:Multitask+1","DTMod:Inferno+1","DTMod:BurningForce+1","DTMod:HeatWave","DTMod:Prediction","DTMod:Weaken+1","DTMod:Hide+1","DTMod:BurningEnergy+1","DTMod:RunningTactic+1","DTMod:HeadStart"],"relics":["DTMod:MagicStone","Golden Idol","Art of War","Odd Mushroom","Tiny Chest","Question Card","MealTicket","Membership Card","Empty Cage","DTMod:DragonFood","Blood Vial","DollysMirror","HornCleat","DTMod:OddArmor","Omamori","Matryoshka","Smiling Mask","Pen Nib","Bottled Tornado","Shuriken","Pantograph","Mummified Hand","Lantern","Boot","CeramicFish","FossilizedHelix","Toy Ornithopter"],"acts_visited":["TheCity","TheBeyond","TheEnding"],"potions_floor_usage":[6,23,29,33,50,55,55],"damage_taken":[{"damage":0,"enemies":"2 Louse","floor":1,"turns":2},{"damage":1,"enemies":"3 Sentries","floor":6,"turns":14},{"damage":5,"enemies":"The Mushroom Lair","floor":7,"turns":5},{"damage":0,"enemies":"Gremlin Nob","floor":8,"turns":4},{"damage":0,"enemies":"Small Slimes","floor":11,"turns":2},{"damage":11,"enemies":"Lagavulin","floor":12,"turns":7},{"damage":0,"enemies":"Jaw Worm","floor":14,"turns":2},{"damage":0,"enemies":"Slime Boss","floor":16,"turns":3},{"damage":0,"enemies":"3 Byrds","floor":18,"turns":4},{"damage":0,"enemies":"Spheric Guardian","floor":20,"turns":2},{"damage":0,"enemies":"Snake Plant","floor":22,"turns":2},{"damage":13,"enemies":"Book of Stabbing","floor":23,"turns":4},{"damage":0,"enemies":"3 Cultists","floor":27,"turns":2},{"damage":9,"enemies":"Gremlin Leader","floor":29,"turns":6},{"damage":0,"enemies":"Cultist and Chosen","floor":30,"turns":2},{"damage":0,"enemies":"Centurion and Healer","floor":31,"turns":3},{"damage":42,"enemies":"Champ","floor":33,"turns":9},{"damage":0,"enemies":"3 Darklings","floor":35,"turns":1},{"damage":0,"enemies":"3 Shapes","floor":36,"turns":1},{"damage":0,"enemies":"Writhing Mass","floor":39,"turns":4},{"damage":0,"enemies":"Giant Head","floor":40,"turns":4},{"damage":0,"enemies":"Nemesis","floor":42,"turns":3},{"damage":0,"enemies":"Sphere and 2 Shapes","floor":45,"turns":1},{"damage":0,"enemies":"Spire Growth","floor":46,"turns":2},{"damage":0,"enemies":"Giant Head","floor":48,"turns":2},{"damage":0,"enemies":"Awakened One","floor":50,"turns":6},{"damage":0,"enemies":"Shield and Spear","floor":54,"turns":1},{"damage":3,"enemies":"The Heart","floor":55,"turns":5}],"seed_played":"-3778983398342702425","potions_obtained":[{"floor":1,"key":"GamblersBrew"},{"floor":6,"key":"LiquidBronze"},{"floor":14,"key":"Fire Potion"},{"floor":20,"key":"DistilledChaos"},{"floor":29,"key":"PowerPotion"},{"floor":36,"key":"ColorlessPotion"},{"floor":39,"key":"SteroidPotion"},{"floor":42,"key":"CultistPotion"}],"is_trial":false,"path_per_floor":["M","?","?","?","$","E","?","E","T","R","M","E","$","M","R","B",null,"M","?","M","T","M","E","$","R","T","M","?","E","M","M","R","B",null,"M","M","?","T","M","E","R","E","T","$","M","M","R","E","R","B",null,"R","$","E","B",null],"character_chosen":"THE_DT","items_purchased":["Membership Card","DTMod:BurningEnergy","DollysMirror","HornCleat","DTMod:OddArmor","Mummified Hand","Lantern","Boot","PowerPotion","FossilizedHelix"],"campfire_rested":1,"item_purchase_floors":[13,13,24,24,24,44,44,44,44,53],"current_hp_per_floor":[45,34,23,28,28,27,22,22,22,37,37,26,41,41,41,41,50,50,50,50,50,50,37,50,50,50,50,50,41,43,45,45,5,50,50,50,50,50,50,50,50,50,50,50,50,50,50,50,50,50,50,50,50,50,47],"gold":39,"neow_bonus":"RANDOM_COLORLESS_2","is_daily":false,"chose_seed":false,"campfire_upgraded":6,"win_rate":0.0,"timestamp":1613539482,"path_taken":["M","?","?","?","$","E","?","E","T","R","?","E","$","M","R","BOSS","M","?","?","?","M","E","$","R","T","?","?","E","M","M","R","BOSS","M","M","?","?","M","E","R","E","T","$","M","M","R","E","R","BOSS","R","$","E","BOSS"],"items_purchased_type":["Relic","Card","Relic","Relic","Relic","Relic","Relic","Relic","Potion","Relic"],"build_version":"2020-12-22","purchased_purges":3,"victory":true,"max_hp_per_floor":[45,45,45,50,50,50,50,50,50,50,50,50,50,50,50,50,50,50,50,50,50,50,50,50,50,50,50,50,50,50,50,50,50,50,50,50,50,50,50,50,50,50,50,50,50,50,50,50,50,50,50,50,50,50,50],"card_choices":[{"not_picked":["Mayhem","Violence"],"picked":"Secret Weapon","floor":0},{"not_picked":["DTMod:MagicField","DTMod:Haste"],"picked":"DTMod:Threaten","floor":1},{"not_picked":["DTMod:SneakAttack","DTMod:CleansingStrike"],"picked":"DTMod:BreakAttack","floor":6},{"not_picked":["DTMod:ComboAttack","DTMod:Threaten"],"picked":"DTMod:ShieldDrain","floor":7},{"not_picked":["DTMod:ShieldDrain","DTMod:MasterPlan"],"picked":"DTMod:BurningEnergy","floor":8},{"not_picked":["DTMod:BreakAttack","DTMod:Feint","DTMod:ComboAttack"],"picked":"DTMod:QuickFly","floor":11},{"not_picked":["DTMod:GhostSkin","DTMod:Hide","DTMod:Adaptation"],"picked":"DTMod:BlazingStrike","floor":12},{"not_picked":["DTMod:BalancedStrike","DTMod:Haste","DTMod:HeatWave"],"picked":"DTMod:Inferno","floor":14},{"not_picked":["DTMod:OpeningTactic","DTMod:StunTrap","DTMod:ExcessFootwork"],"picked":"DTMod:HeadStart","floor":16},{"not_picked":["DTMod:StarRain","DTMod:FlameSlash","DTMod:LowKick"],"picked":"DTMod:WarmUp","floor":18},{"not_picked":["DTMod:BuildUp+1","DTMod:HeatWave","DTMod:BreakAttack","DTMod:ComboAttack"],"picked":"SKIP","floor":20},{"not_picked":["DTMod:ShieldDrain+1","DTMod:QuickFly","DTMod:DeepFocus","DTMod:BuildUp"],"picked":"SKIP","floor":22},{"not_picked":["DTMod:SneakAttack","DTMod:Observe+1","DTMod:BreakAttack"],"picked":"DTMod:Multitask","floor":23},{"not_picked":["DTMod:Punisher","DTMod:BuildUp+1","DTMod:WarmUp+1","DTMod:PurifyingFlame"],"picked":"SKIP","floor":27},{"not_picked":["DTMod:HeatWave","DTMod:DragonDance","DTMod:BreakAttack","DTMod:Punisher"],"picked":"SKIP","floor":29},{"not_picked":["DTMod:ShieldDrain+1","DTMod:Weaken","DTMod:Training+1"],"picked":"DTMod:BurningForce+1","floor":30},{"not_picked":["DTMod:Multitask","DTMod:MagiciansMark+1","DTMod:TauntingStrike+1"],"picked":"DTMod:HeatWave","floor":31},{"not_picked":["DTMod:TriAttack","DTMod:ShadowImage","DTMod:GearUp"],"picked":"DTMod:Prediction","floor":33},{"not_picked":["DTMod:TauntingStrike+1","DTMod:Punisher+1","DTMod:ComboAttack+1"],"picked":"DTMod:Weaken+1","floor":35},{"not_picked":["DTMod:BurningEnergy+1","DTMod:DarkBreath","DTMod:Observe+1"],"picked":"DTMod:Hide+1","floor":36},{"not_picked":["DTMod:Punisher","DTMod:MaximumCharge","DTMod:QuickFly+1"],"picked":"DTMod:BurningEnergy+1","floor":39},{"not_picked":["DTMod:BreakAttack","DTMod:MagiciansMark+1","DTMod:QuickFly+1"],"picked":"DTMod:RunningTactic+1","floor":40},{"not_picked":["DTMod:RecklessFlurry","DTMod:Training+1","DTMod:BalancedStrike+1","DTMod:LastStand"],"picked":"SKIP","floor":42},{"not_picked":["DTMod:Training","DTMod:Punisher","DTMod:ComboAttack+1","DTMod:Hide"],"picked":"SKIP","floor":45},{"not_picked":["DTMod:Training+1","DTMod:TauntingStrike","DTMod:QuickFly"],"picked":"DTMod:HeadStart","floor":46},{"not_picked":["DTMod:Feint","DTMod:Haste","DTMod:QuickFly","DTMod:InvisibleFlame"],"picked":"SKIP","floor":48},{"not_picked":["DTMod:Threaten","DTMod:Inferno","DTMod:FlameSlash","DTMod:BurningEnergy"],"picked":"SKIP","floor":54}],"player_experience":658919,"relics_obtained":[{"floor":6,"key":"Art of War"},{"floor":7,"key":"Odd Mushroom"},{"floor":8,"key":"Tiny Chest"},{"floor":9,"key":"Question Card"},{"floor":12,"key":"MealTicket"},{"floor":21,"key":"DTMod:DragonFood"},{"floor":23,"key":"Blood Vial"},{"floor":26,"key":"Omamori"},{"floor":29,"key":"Matryoshka"},{"floor":38,"key":"Smiling Mask"},{"floor":38,"key":"Pen Nib"},{"floor":40,"key":"Bottled Tornado"},{"floor":42,"key":"Shuriken"},{"floor":43,"key":"Pantograph"},{"floor":48,"key":"CeramicFish"},{"floor":54,"key":"Toy Ornithopter"}],"event_choices":[{"damage_healed":0,"gold_gain":0,"player_choice":"Take Damage","damage_taken":11,"relics_obtained":["Golden Idol"],"max_hp_gain":0,"max_hp_loss":0,"event_name":"Golden Idol","floor":2,"gold_loss":0},{"damage_healed":0,"gold_gain":75,"player_choice":"Gather Gold","damage_taken":11,"max_hp_gain":0,"max_hp_loss":0,"event_name":"World of Goop","floor":3,"gold_loss":0},{"damage_healed":0,"gold_gain":0,"player_choice":"Donut","damage_taken":0,"max_hp_gain":5,"max_hp_loss":0,"event_name":"Big Fish","floor":4,"gold_loss":0},{"damage_healed":0,"gold_gain":0,"player_choice":"Fought Mushrooms","damage_taken":0,"max_hp_gain":0,"max_hp_loss":0,"event_name":"Mushrooms","floor":7,"gold_loss":0},{"damage_healed":0,"gold_gain":0,"player_choice":"Bet on Murderer","damage_taken":0,"max_hp_gain":0,"max_hp_loss":0,"event_name":"The Joust","floor":19,"gold_loss":50},{"damage_healed":0,"gold_gain":0,"player_choice":"Ignored","damage_taken":0,"max_hp_gain":0,"max_hp_loss":0,"event_name":"Cursed Tome","floor":28,"gold_loss":0},{"damage_healed":0,"gold_gain":0,"player_choice":"Ignored","damage_taken":0,"max_hp_gain":0,"max_hp_loss":0,"event_name":"Tomb of Lord Red Mask","floor":37,"gold_loss":0}],"is_beta":false,"boss_relics":[{"not_picked":["Cursed Key","Sozu"],"picked":"Empty Cage"},{"not_picked":["SacredBark","Fusion Hammer"],"picked":"DTMod:MagicStone"}],"items_purged_floors":[5,44,44],"is_endless":false,"potions_floor_spawned":[1,6,14,20,22,29,36,39,42],"ascension_level":1}}