{"host":"bq4pt811tk9yrmjl","time":1613604752,"event":{"mods":["AchievementEnabler","BaseMod","Colored Map","Colored Powertips","Defuse TimeMaze Blight","Minty Spire (QoL Compilation)","Smile Girya","StSLib","SuperFastMode"],"gold_per_floor":[118,45,120,120,120,120,74,101,126,126,158,158,158,187,187,289,289,306,406,420,430,430,430,730,690,714,63,88,103,103,113,113,214,214,225,225,225,225],"floor_reached":37,"language":"ENG","playtime":599,"items_purged":[],"score":471,"play_id":"c8ef453a-ebb6-42ea-a6d2-4f0fb5679fc2","local_time":"20210217213232","is_ascension_mode":true,"campfire_choices":[{"data":"Noxious Fumes","floor":6.0,"key":"SMITH"},{"data":"Neutralize","floor":10.0,"key":"SMITH"},{"data":"Footwork","floor":12.0,"key":"SMITH"},{"data":"Survivor","floor":15.0,"key":"SMITH"},{"data":"A Thousand Cuts","floor":23,"key":"SMITH"},{"floor":32,"key":"REST"}],"circlet_count":0,"master_deck":["Strike_G","Strike_G","Strike_G","Strike_G","Defend_G","Defend_G","Defend_G","Defend_G","Defend_G","Survivor+1","Neutralize+1","Noxious Fumes+1","Footwork+1","Blade Dance","Blade Dance","A Thousand Cuts+1","Bouncing Flask","Flying Knee+1","Infinite Blades","Catalyst+1","Writhe"],"relics":["Ring of the Snake","NeowsBlessing","Strawberry","Toy Ornithopter","Letter Opener","Philosopher\u0027s Stone","Du-Vu Doll","Old Coin","Centennial Puzzle","TungstenRod","CaptainsWheel","Oddly Smooth Stone","Empty Cage"],"acts_visited":["Exordium","TheCity","TheBeyond"],"potions_floor_usage":[21,28],"damage_taken":[{"damage":0.0,"enemies":"Jaw Worm","floor":1.0,"turns":1.0},{"damage":0.0,"enemies":"Lagavulin","floor":8.0,"turns":1.0},{"damage":0.0,"enemies":"3 Sentries","floor":11.0,"turns":1.0},{"damage":14.0,"enemies":"Gremlin Nob","floor":14.0,"turns":4.0},{"damage":11.0,"enemies":"The Guardian","floor":16.0,"turns":12.0},{"damage":7,"enemies":"Spheric Guardian","floor":18,"turns":4},{"damage":9,"enemies":"3 Byrds","floor":20,"turns":3},{"damage":29,"enemies":"Snecko","floor":21,"turns":6},{"damage":4,"enemies":"Gremlin Leader","floor":28,"turns":5},{"damage":5,"enemies":"Snake Plant","floor":29,"turns":4},{"damage":2,"enemies":"Centurion and Healer","floor":31,"turns":6},{"damage":48,"enemies":"Automaton","floor":33,"turns":9},{"damage":7,"enemies":"Orb Walker","floor":35,"turns":4},{"damage":0,"enemies":"3 Darklings","floor":37,"turns":2}],"seed_played":"-1416286555613757425","potions_obtained":[{"floor":8.0,"key":"Weak Potion"},{"floor":14.0,"key":"AttackPotion"},{"floor":20,"key":"AttackPotion"},{"floor":25,"key":"Ancient Potion"},{"floor":25,"key":"FairyPotion"},{"floor":25,"key":"GamblersBrew"},{"floor":28,"key":"BlessingOfTheForge"}],"is_trial":false,"path_per_floor":["M","$","?","?","$","R","$","E","T","R","E","R","?","E","R","B",null,"M","?","M","M","?","R","T","?","T","$","E","M","$","M","R","B",null,"M","?","M"],"character_chosen":"THE_SILENT","items_purchased":["Footwork","Blade Dance","TungstenRod","CaptainsWheel","Infinite Blades"],"campfire_rested":1,"item_purchase_floors":[2,7,27,27,27],"current_hp_per_floor":[70,70,59,59,59,59,59,66,66,66,66,66,71,62,62,56,82,75,75,66,42,42,42,42,42,42,42,43,38,38,36,60,12,82,75,82,82,82],"gold":225,"neow_bonus":"THREE_ENEMY_KILL","is_daily":false,"chose_seed":false,"campfire_upgraded":5,"win_rate":0.0,"timestamp":1613604752,"path_taken":["M","$","?","?","?","R","$","E","T","R","E","R","?","E","R","BOSS","M","?","?","M","?","R","?","?","T","$","E","M","$","?","R","BOSS","M","?","M"],"items_purchased_type":["Card","Card","Relic","Relic","Card"],"build_version":"2020-12-22","purchased_purges":0,"victory":false,"max_hp_per_floor":[70,70,70,70,70,70,70,77,77,77,77,77,82,82,82,82,82,82,82,82,82,82,82,82,82,82,82,82,82,82,82,82,82,82,82,82,82,82],"card_choices":[{"not_picked":["Dagger Throw","Endless Agony"],"picked":"Noxious Fumes","floor":1.0},{"not_picked":["Bane","Flechettes","Flying Knee"],"picked":"SKIP","floor":8.0},{"not_picked":["Cloak And Dagger","Sucker Punch"],"picked":"Blade Dance","floor":11.0},{"not_picked":["Dagger Spray","Heel Hook","Deadly Poison"],"picked":"SKIP","floor":14.0},{"not_picked":["Unload","Storm of Steel"],"picked":"A Thousand Cuts","floor":16.0},{"not_picked":["Tactician","Backflip","Well Laid Plans+1"],"picked":"SKIP","floor":18},{"not_picked":["Concentrate+1","Deflect"],"picked":"Bouncing Flask","floor":20},{"not_picked":["Leg Sweep","Dagger Spray"],"picked":"Flying Knee+1","floor":21},{"not_picked":["Dagger Throw","Flying Knee","Finisher+1"],"picked":"SKIP","floor":28},{"not_picked":["Reflex+1","Endless Agony","Tools of the Trade"],"picked":"SKIP","floor":29},{"not_picked":["Blade Dance","Dagger Throw"],"picked":"Catalyst+1","floor":31},{"not_picked":["Cloak And Dagger","Masterful Stab","Setup"],"picked":"SKIP","floor":35}],"player_experience":262951,"relics_obtained":[{"floor":8.0,"key":"Strawberry"},{"floor":11.0,"key":"Toy Ornithopter"},{"floor":14.0,"key":"Letter Opener"},{"floor":24,"key":"Old Coin"},{"floor":26,"key":"Centennial Puzzle"},{"floor":28,"key":"Oddly Smooth Stone"}],"event_choices":[{"damage_healed":0.0,"max_hp_gain":0.0,"max_hp_loss":0.0,"gold_gain":75.0,"event_name":"World of Goop","player_choice":"Gather Gold","floor":3.0,"gold_loss":0.0,"damage_taken":11.0},{"damage_healed":0.0,"max_hp_gain":0.0,"max_hp_loss":0.0,"gold_gain":0.0,"event_name":"The Cleric","player_choice":"Leave","floor":4.0,"gold_loss":0.0,"damage_taken":0.0},{"damage_healed":0.0,"max_hp_gain":5.0,"max_hp_loss":0.0,"gold_gain":0.0,"event_name":"Big Fish","player_choice":"Donut","floor":13.0,"gold_loss":0.0,"damage_taken":0.0},{"damage_healed":0,"gold_gain":100,"player_choice":"Pray","damage_taken":0,"max_hp_gain":0,"max_hp_loss":0,"event_name":"Golden Shrine","floor":19,"gold_loss":0},{"damage_healed":0,"gold_gain":0,"player_choice":"Opened","damage_taken":0,"relics_obtained":["Du-Vu Doll"],"max_hp_gain":0,"max_hp_loss":0,"event_name":"The Mausoleum","floor":22,"gold_loss":0,"cards_obtained":["Writhe"]},{"damage_healed":0,"gold_gain":0,"player_choice":"Bought 3 Potions","damage_taken":0,"max_hp_gain":0,"max_hp_loss":0,"event_name":"The Woman in Blue","floor":25,"gold_loss":0},{"damage_healed":21,"gold_gain":0,"player_choice":"Writhe","damage_taken":0,"max_hp_gain":0,"max_hp_loss":0,"event_name":"Winding Halls","floor":36,"gold_loss":0,"cards_obtained":["Writhe"]}],"is_beta":false,"boss_relics":[{"not_picked":["Runic Dome","Pandora\u0027s Box"],"picked":"Philosopher\u0027s Stone"},{"not_picked":["Fusion Hammer","Coffee Dripper"],"picked":"Empty Cage"}],"items_purged_floors":[],"is_endless":false,"potions_floor_spawned":[8,14,20,28,29,33,35],"killed_by":"3 Darklings","ascension_level":1}}