{"host":"h5fgmkg3q5qe8ocv","time":1613582068,"event":{"mods":["AchievementEnabler","BaseMod","Colored Map","Colored Powertips","Minty Spire (QoL Compilation)","Quick Restart"],"gold_per_floor":[111,126,139,158,158,186,186,212,212,223,183,199,122,132,132,234,234,251,269,269,269,282,282,314,314,364,364,364],"floor_reached":27,"language":"ENG","playtime":2497,"items_purged":[],"score":270,"play_id":"717cc643-f7c3-4ff6-87ed-3dde77460964","local_time":"20210217181428","is_ascension_mode":false,"campfire_choices":[{"data":"Footwork","floor":7,"key":"SMITH"},{"floor":15,"key":"REST"},{"data":"Dodge and Roll","floor":23,"key":"SMITH"},{"floor":25,"key":"REST"}],"circlet_count":0,"master_deck":["Defend_G","Defend_G","Defend_G","Defend_G","Defend_G","Survivor","Neutralize","Envenom","Leg Sweep","Reflex","Footwork+1","Bouncing Flask","Dodge and Roll+1","Outmaneuver","Leg Sweep","Well Laid Plans","A Thousand Cuts","Outmaneuver+1","A Thousand Cuts+1","Catalyst+1","Backflip","Outmaneuver+1","Bite","Bite","Bite","Bite","Bite","Poisoned Stab+1"],"relics":["Ring of the Snake","Nunchaku","Ancient Tea Set","Paper Crane","Astrolabe","Pear","Juzu Bracelet"],"acts_visited":["Exordium","TheCity"],"potions_floor_usage":[6,6,8,12,16,16],"damage_taken":[{"damage":0,"enemies":"Cultist","floor":1,"turns":5},{"damage":0,"enemies":"2 Louse","floor":2,"turns":4},{"damage":4,"enemies":"Jaw Worm","floor":3,"turns":9},{"damage":5,"enemies":"Large Slime","floor":4,"turns":8},{"damage":10,"enemies":"3 Sentries","floor":6,"turns":21},{"damage":45,"enemies":"Gremlin Nob","floor":8,"turns":7},{"damage":5,"enemies":"3 Louse","floor":10,"turns":6},{"damage":0,"enemies":"Exordium Thugs","floor":12,"turns":8},{"damage":0,"enemies":"Blue Slaver","floor":14,"turns":8},{"damage":17,"enemies":"Hexaghost","floor":16,"turns":15},{"damage":10,"enemies":"Spheric Guardian","floor":18,"turns":6},{"damage":17,"enemies":"Chosen","floor":19,"turns":11},{"damage":3,"enemies":"Centurion and Healer","floor":22,"turns":11},{"damage":49,"enemies":"Slavers","floor":24,"turns":10},{"damage":48,"enemies":"Gremlin Leader","floor":27,"turns":6}],"seed_played":"-953122045130958862","potions_obtained":[{"floor":1,"key":"EssenceOfSteel"},{"floor":2,"key":"EssenceOfSteel"},{"floor":3,"key":"GamblersBrew"},{"floor":10,"key":"Swift Potion"},{"floor":11,"key":"SpeedPotion"},{"floor":11,"key":"PowerPotion"},{"floor":11,"key":"SneckoOil"},{"floor":12,"key":"SpeedPotion"}],"is_trial":false,"path_per_floor":["M","M","M","M","?","E","R","E","T","M","?","M","$","M","R","B",null,"M","M","?","?","M","R","E","R","T","E"],"character_chosen":"THE_SILENT","items_purchased":["Well Laid Plans"],"campfire_rested":2,"item_purchase_floors":[13],"current_hp_per_floor":[70,70,66,61,61,51,51,6,6,1,1,1,1,1,22,5,70,60,43,43,36,49,49,18,37,37,0,0],"gold":364,"neow_bonus":"ONE_RANDOM_RARE_CARD","is_daily":false,"chose_seed":false,"campfire_upgraded":2,"win_rate":0.0,"timestamp":1613582068,"path_taken":["M","M","M","M","?","E","R","E","T","M","?","M","$","?","R","BOSS","M","M","?","?","M","R","E","R","T","E"],"items_purchased_type":["Card"],"build_version":"2020-12-22","purchased_purges":0,"victory":false,"max_hp_per_floor":[70,70,70,70,70,70,70,70,70,70,70,70,70,70,70,70,70,70,70,49,54,54,54,64,64,64,64,64],"card_choices":[{"not_picked":["Deadly Poison","Bouncing Flask"],"picked":"Leg Sweep","floor":1},{"not_picked":["Finisher","Sucker Punch","PiercingWail"],"picked":"SKIP","floor":2},{"not_picked":["Acrobatics","Finisher"],"picked":"Reflex","floor":3},{"not_picked":["Choke","Bane"],"picked":"Footwork","floor":4},{"not_picked":["Poisoned Stab","Calculated Gamble"],"picked":"Bouncing Flask","floor":6},{"not_picked":["Bane","Outmaneuver"],"picked":"Dodge and Roll","floor":8},{"not_picked":["Endless Agony","Slice"],"picked":"Outmaneuver","floor":10},{"not_picked":["Riddle With Holes","Eviscerate"],"picked":"Leg Sweep","floor":12},{"not_picked":["Riddle With Holes","Dodge and Roll","Acrobatics"],"picked":"SKIP","floor":14},{"not_picked":["Unload","Adrenaline"],"picked":"A Thousand Cuts","floor":16},{"not_picked":["Slice","Underhanded Strike"],"picked":"Backflip","floor":18},{"not_picked":["Dodge and Roll","Endless Agony"],"picked":"Outmaneuver+1","floor":19},{"not_picked":["Flying Knee+1","Bullet Time","Endless Agony"],"picked":"SKIP","floor":22},{"not_picked":["Dash","Escape Plan+1"],"picked":"Poisoned Stab+1","floor":24}],"player_experience":50717,"relics_obtained":[{"floor":6,"key":"Nunchaku"},{"floor":8,"key":"Ancient Tea Set"},{"floor":9,"key":"Paper Crane"},{"floor":24,"key":"Pear"},{"floor":26,"key":"Juzu Bracelet"}],"event_choices":[{"damage_healed":0,"gold_gain":0,"player_choice":"Ignored","damage_taken":0,"max_hp_gain":0,"max_hp_loss":0,"event_name":"Liars Game","floor":5,"gold_loss":0},{"damage_healed":0,"gold_gain":0,"player_choice":"Bought 3 Potions","damage_taken":0,"max_hp_gain":0,"max_hp_loss":0,"event_name":"The Woman in Blue","floor":11,"gold_loss":0},{"damage_healed":0,"gold_gain":0,"player_choice":"Became a vampire","damage_taken":0,"max_hp_gain":0,"max_hp_loss":21,"event_name":"Vampires","floor":20,"gold_loss":0,"cards_obtained":["Bite","Bite","Bite","Bite","Bite"]},{"damage_healed":0,"gold_gain":0,"player_choice":"Shed Blood","damage_taken":12,"max_hp_gain":5,"max_hp_loss":0,"event_name":"Forgotten Altar","floor":21,"gold_loss":0}],"is_beta":false,"boss_relics":[{"not_picked":["WristBlade","Runic Dome"],"picked":"Astrolabe"}],"items_purged_floors":[],"is_endless":false,"potions_floor_spawned":[1,2,3,10,12],"killed_by":"Gremlin Leader","ascension_level":0}}