{"host":"wmojtwekh6s3tor5","time":1613576403,"event":{"mods":["BaseMod","Colored Map","Colored Powertips","DeckTracker","Highlight Path","Minty Spire (QoL Compilation)","Quick Restart","StSLib"],"gold_per_floor":[20,20,20,20,32,32,59,71,98,115,131,131,149,162,162,257,257,275,275,302,84,102,102,27,27,27,57,57,57,69,89,89,191,191,203,203,221,121,121,121,132,144,212,212,222,222,242,256,256,256,256],"floor_reached":50,"language":"ZHS","playtime":2564,"items_purged":["Defend_G","Strike_G"],"score":593,"play_id":"a88d0160-c74a-499f-8c6c-42c388b94060","local_time":"20210217234003","is_ascension_mode":true,"campfire_choices":[{"data":"A Thousand Cuts","floor":6.0,"key":"SMITH"},{"data":"Blade Dance","floor":12.0,"key":"SMITH"},{"data":"Cloak And Dagger","floor":15.0,"key":"SMITH"},{"floor":23.0,"key":"REST"},{"floor":25.0,"key":"REST"},{"floor":28.0,"key":"REST"},{"data":"Neutralize","floor":32.0,"key":"SMITH"},{"data":"Mayhem","floor":40.0,"key":"SMITH"},{"floor":46,"key":"REST"},{"floor":49,"key":"REST"}],"circlet_count":0,"master_deck":["Strike_G","Strike_G","Strike_G","Defend_G","Defend_G","Defend_G","Survivor","Neutralize+1","A Thousand Cuts+1","Backstab","Dash","Blade Dance+1","Deflect","Cloak And Dagger+1","Backstab","CurseOfTheBell","Mayhem+1","Backstab"],"relics":["Ring of the Snake","Akabeko","Odd Mushroom","Happy Flower","WristBlade","Red Mask","Anchor","Bottled Lightning","Strawberry","Calling Bell","Art of War","Toxic Egg 2","Turnip","Omamori","StrikeDummy"],"acts_visited":["Exordium","TheCity","TheBeyond"],"potions_floor_usage":[50,50],"damage_taken":[{"damage":3.0,"enemies":"Small Slimes","floor":1.0,"turns":5.0},{"damage":7.0,"enemies":"Jaw Worm","floor":5.0,"turns":4.0},{"damage":4.0,"enemies":"The Mushroom Lair","floor":7.0,"turns":3.0},{"damage":0.0,"enemies":"2 Louse","floor":8.0,"turns":1.0},{"damage":0.0,"enemies":"2 Fungi Beasts","floor":10.0,"turns":3.0},{"damage":0.0,"enemies":"Exordium Thugs","floor":11.0,"turns":3.0},{"damage":0.0,"enemies":"Gremlin Gang","floor":13.0,"turns":2.0},{"damage":0.0,"enemies":"Blue Slaver","floor":14.0,"turns":2.0},{"damage":19.0,"enemies":"The Guardian","floor":16.0,"turns":13.0},{"damage":15.0,"enemies":"3 Byrds","floor":18.0,"turns":3.0},{"damage":7.0,"enemies":"Masked Bandits","floor":20.0,"turns":3.0},{"damage":0.0,"enemies":"Spheric Guardian","floor":22.0,"turns":2.0},{"damage":22.0,"enemies":"Book of Stabbing","floor":27.0,"turns":5.0},{"damage":0.0,"enemies":"Chosen and Byrds","floor":30.0,"turns":4.0},{"damage":7.0,"enemies":"Snake Plant","floor":31.0,"turns":3.0},{"damage":21.0,"enemies":"Champ","floor":33.0,"turns":9.0},{"damage":13.0,"enemies":"3 Darklings","floor":35.0,"turns":6.0},{"damage":4.0,"enemies":"3 Shapes","floor":37.0,"turns":9.0},{"damage":2,"enemies":"Writhing Mass","floor":41,"turns":12},{"damage":5,"enemies":"4 Shapes","floor":42,"turns":9},{"damage":22,"enemies":"Spire Growth","floor":45,"turns":5},{"damage":0,"enemies":"3 Darklings","floor":47,"turns":3},{"damage":1,"enemies":"Sphere and 2 Shapes","floor":48,"turns":4},{"damage":67,"enemies":"Donu and Deca","floor":50,"turns":5}],"seed_played":"-5206298533390182428","potions_obtained":[{"floor":10.0,"key":"Strength Potion"},{"floor":11.0,"key":"ColorlessPotion"},{"floor":13.0,"key":"Dexterity Potion"},{"floor":14.0,"key":"Weak Potion"},{"floor":22.0,"key":"GamblersBrew"},{"floor":27.0,"key":"PowerPotion"},{"floor":33.0,"key":"Weak Potion"},{"floor":35.0,"key":"SteroidPotion"},{"floor":42,"key":"CunningPotion"},{"floor":45,"key":"Explosive Potion"}],"is_trial":false,"path_per_floor":["M","?","T","$","M","R","?","M","T","M","M","R","M","M","R","B",null,"M","?","?","$","M","R","?","R","T","E","R","$","M","M","R","B",null,"M","?","M","$","?","R","M","M","T","?","M","R","M","M","R","B"],"character_chosen":"THE_SILENT","items_purchased":["Anchor"],"campfire_rested":5,"item_purchase_floors":[21],"current_hp_per_floor":[60,60,60,60,53,53,49,49,49,49,49,49,49,49,49,30,60,45,45,38,38,38,59,59,70,70,55,77,77,77,70,70,49,70,57,57,53,53,53,53,51,46,46,46,24,45,45,44,65,0,0],"gold":256,"neow_bonus":"THREE_RARE_CARDS","is_daily":false,"chose_seed":false,"campfire_upgraded":5,"win_rate":0.0,"timestamp":1613576403,"path_taken":["M","?","?","?","?","R","?","M","T","M","M","R","M","M","R","BOSS","M","?","?","$","M","R","?","R","T","E","R","$","M","M","R","BOSS","M","?","M","$","?","R","M","?","T","?","M","R","M","M","R","BOSS"],"items_purchased_type":["Relic"],"build_version":"2020-12-22","purchased_purges":2,"victory":false,"max_hp_per_floor":[70,70,70,70,70,70,70,70,70,70,70,70,70,70,70,70,70,70,70,70,70,70,70,70,70,70,77,77,77,77,77,77,77,77,77,77,77,77,77,77,77,77,77,73,73,73,73,73,73,73,73],"card_choices":[{"not_picked":["Burst","Corpse Explosion"],"picked":"A Thousand Cuts","floor":0.0},{"not_picked":["Dagger Throw","Backflip"],"picked":"Backstab","floor":1.0},{"not_picked":["Sucker Punch","Slice"],"picked":"Dash","floor":5.0},{"not_picked":["Bane","All Out Attack","Deadly Poison"],"picked":"SKIP","floor":8.0},{"not_picked":["Quick Slash","Terror"],"picked":"Blade Dance","floor":10.0},{"not_picked":["Footwork","Deadly Poison"],"picked":"Deflect","floor":11.0},{"not_picked":["All Out Attack","Prepared","Riddle With Holes"],"picked":"SKIP","floor":13.0},{"not_picked":["Cloak And Dagger","Slice","Blur"],"picked":"SKIP","floor":14.0},{"not_picked":["Slice","Blur"],"picked":"Cloak And Dagger","floor":14.0},{"not_picked":["Sucker Punch","Backflip","Crippling Poison"],"picked":"SKIP","floor":18.0},{"not_picked":["Dagger Spray","Poisoned Stab+1"],"picked":"Backstab","floor":22.0},{"not_picked":["Prepared","Eviscerate","Quick Slash"],"picked":"SKIP","floor":27.0},{"not_picked":["Reflex","Blade Dance","Noxious Fumes"],"picked":"SKIP","floor":30.0},{"not_picked":["Dagger Spray","Slice","Wraith Form v2"],"picked":"SKIP","floor":31.0},{"not_picked":["Blade Dance+1","Dagger Throw","Acrobatics+1"],"picked":"SKIP","floor":35.0},{"not_picked":["Trip+1","Madness+1"],"picked":"Mayhem","floor":36.0},{"not_picked":["Blade Dance+1","Prepared+1","Heel Hook"],"picked":"SKIP","floor":37.0},{"not_picked":["Dagger Spray","Dagger Throw+1","Calculated Gamble+1"],"picked":"SKIP","floor":41},{"not_picked":["Reflex+1","Flying Knee+1","Blade Dance+1"],"picked":"SKIP","floor":42},{"not_picked":["Acrobatics+1","Bouncing Flask+1","Flying Knee"],"picked":"SKIP","floor":45},{"not_picked":["Acrobatics+1","Quick Slash"],"picked":"Backstab","floor":47},{"not_picked":["Dodge and Roll+1","Backflip+1","Crippling Poison+1"],"picked":"SKIP","floor":48}],"player_experience":661516,"relics_obtained":[{"floor":3.0,"key":"Akabeko"},{"floor":7.0,"key":"Odd Mushroom"},{"floor":9.0,"key":"Happy Flower"},{"floor":20.0,"key":"Red Mask"},{"floor":26.0,"key":"Bottled Lightning"},{"floor":27.0,"key":"Strawberry"},{"floor":34.0,"key":"Art of War"},{"floor":34.0,"key":"Toxic Egg 2"},{"floor":34.0,"key":"Turnip"},{"floor":43,"key":"StrikeDummy"}],"event_choices":[{"cards_removed":["Strike_G"],"damage_healed":0.0,"max_hp_gain":0.0,"max_hp_loss":0.0,"gold_gain":0.0,"event_name":"Living Wall","player_choice":"Forget","floor":2.0,"gold_loss":0.0,"damage_taken":0.0},{"damage_healed":0.0,"max_hp_gain":0.0,"max_hp_loss":0.0,"gold_gain":0.0,"event_name":"Mushrooms","player_choice":"Fought Mushrooms","floor":7.0,"gold_loss":0.0,"damage_taken":0.0},{"damage_healed":0.0,"max_hp_gain":0.0,"max_hp_loss":0.0,"gold_gain":0.0,"event_name":"Vampires","player_choice":"Ignored","floor":19.0,"gold_loss":0.0,"damage_taken":0.0},{"damage_healed":0.0,"max_hp_gain":0.0,"max_hp_loss":0.0,"gold_gain":0.0,"event_name":"Masked Bandits","player_choice":"Fought Bandits","floor":20.0,"gold_loss":0.0,"damage_taken":0.0},{"cards_removed":["Defend_G"],"damage_healed":0.0,"max_hp_gain":0.0,"max_hp_loss":0.0,"gold_gain":0.0,"event_name":"Beggar","player_choice":"Gave Gold","floor":24.0,"gold_loss":75.0,"damage_taken":0.0},{"damage_healed":0.0,"max_hp_gain":0.0,"max_hp_loss":0.0,"gold_gain":0.0,"event_name":"SensoryStone","player_choice":"Memory 1","floor":36.0,"gold_loss":0.0,"damage_taken":0.0},{"damage_healed":0.0,"max_hp_gain":0.0,"max_hp_loss":0.0,"gold_gain":0.0,"event_name":"WeMeetAgain","player_choice":"Gave Potion","floor":39.0,"gold_loss":0.0,"damage_taken":0.0,"relics_obtained":["Omamori"]},{"damage_healed":0,"gold_gain":0,"player_choice":"Max HP","damage_taken":0,"max_hp_gain":0,"max_hp_loss":4,"event_name":"Winding Halls","floor":44,"gold_loss":0}],"is_beta":false,"boss_relics":[{"not_picked":["Philosopher\u0027s Stone","Tiny House"],"picked":"WristBlade"},{"not_picked":["Runic Pyramid","Velvet Choker"],"picked":"Calling Bell"}],"items_purged_floors":[21,38],"is_endless":false,"potions_floor_spawned":[10,11,13,14,22,27,33,35,42,45],"killed_by":"Donu and Deca","ascension_level":6}}