{"host":"Luke","time":1613571237,"event":{"mods":["BaseMod","Downfall","Hermit","Minty Spire (QoL Compilation)","StSLib","The Exalted"],"gold_per_floor":[0,13,27,42,42,57,57,69,80,80,65,65,65,75,91,190,190,90,101,201,201,34,34,34,34,34,19,19,4,4,32,48,152,152,52,64,83,128,177,10,10,23,23,36,36,69,96,45,60,60],"floor_reached":51,"language":"ENG","playtime":4278,"items_purged":["Clumsy"],"score":835,"play_id":"cbece9a4-4e9f-4672-9d94-37b733e284b8","local_time":"20210217141357","is_ascension_mode":false,"campfire_choices":[{"data":"Guardian:CurlUp","floor":1,"key":"SMITH"},{"data":"Guardian:DecasProtection","floor":10,"key":"SMITH"},{"data":"Guardian:FloatingOrbs","floor":12,"key":"SMITH"},{"floor":18,"key":"RECALL"},{"data":"Guardian:DonusPower","floor":23,"key":"SMITH"},{"data":"Guardian:DonusPower","floor":26,"key":"SMITH"},{"floor":30,"key":"REST"},{"data":"Guardian:SentryBeam","floor":35,"key":"SMITH"},{"data":"J.A.X.","floor":43,"key":"SMITH"},{"data":"Guardian:BronzeArmor","floor":45,"key":"SMITH"}],"circlet_count":0,"master_deck":["Guardian:Strike_Guardian","Guardian:Strike_Guardian","Guardian:Defend_Guardian","Guardian:Defend_Guardian","Guardian:CurlUp+1","Guardian:TwinSlam","Guardian:Harden","Guardian:Harden","Guardian:FloatingOrbs+1","Guardian:DecasProtection+1","Guardian:Incinerate","Guardian:PrimingBeam","Guardian:DonusPower+1","Guardian:StasisStrike","Pain","Guardian:ConstructionForm","Guardian:BronzeOrb","Guardian:ExploitGems","Guardian:ShieldCharger","J.A.X.+1","Guardian:BronzeArmor+1","Guardian:DonusPower+1","Pain","Guardian:TimeSifter","Guardian:SentryBeam+1","Guardian:TimeSifter","Guardian:BodySlam","CurseOfTheBell","Guardian:TimeCapacitor+1","Regret","downfall:Haunted","Clumsy","Parasite","Guardian:Planning+1","Parasite","downfall:Aged","Guardian:Recover+1"],"relics":["Guardian:ModeShifter","downfall:BrokenWingStatue","downfall:ExtraCursedKey","Bromod:ArcaneGrace","downfall:HeartBlessingBlue","MutagenicStrength","Medical Kit","Matryoshka","Bottled Lightning","Calling Bell","Dream Catcher","Pantograph","Bromod:ArcaneUltimatum","downfall:HeartBlessingGreen","Bromod:ArcaneNullifier","Happy Flower","Torii","Bromod:ArcaneDeflection","Strange Spoon","Bottled Tornado","Shuriken","Regal Pillow","PreservedInsect"],"acts_visited":["Exordium","TheCity","TheBeyond"],"potions_floor_usage":[6,8,16,16,19,20,36,39,44,44,50],"damage_taken":[{"damage":1,"enemies":"Cultist","floor":2,"turns":5},{"damage":8,"enemies":"Jaw Worm","floor":3,"turns":6},{"damage":10,"enemies":"Small Slimes","floor":4,"turns":4},{"damage":7,"enemies":"Blue Slaver","floor":6,"turns":5},{"damage":0,"enemies":"3 Louse","floor":8,"turns":3},{"damage":0,"enemies":"Large Slime","floor":9,"turns":6},{"damage":0,"enemies":"downfall:FleeingMerchant","floor":11,"turns":4},{"damage":13,"enemies":"downfall:LooterAlt","floor":14,"turns":3},{"damage":3,"enemies":"2 Fungi Beasts","floor":15,"turns":3},{"damage":11,"enemies":"SI_SHIV_ARCHETYPE","floor":16,"turns":6},{"damage":1,"enemies":"downfall:LooterAlt2","floor":19,"turns":4},{"damage":30,"enemies":"downfall:Augmenter","floor":20,"turns":7},{"damage":3,"enemies":"downfall:FleeingMerchant","floor":22,"turns":4},{"damage":24,"enemies":"downfall:FleeingMerchant","floor":27,"turns":4},{"damage":21,"enemies":"downfall:FleeingMerchant","floor":29,"turns":4},{"damage":27,"enemies":"Book of Stabbing","floor":31,"turns":5},{"damage":9,"enemies":"Spheric Guardian","floor":32,"turns":3},{"damage":89,"enemies":"DF_ARCHETYPE_CLAW","floor":33,"turns":7},{"damage":17,"enemies":"3 Shapes","floor":36,"turns":6},{"damage":7,"enemies":"Orb Walker","floor":37,"turns":3},{"damage":26,"enemies":"2 Orb Walkers","floor":39,"turns":5},{"damage":3,"enemies":"downfall:FleeingMerchant","floor":40,"turns":2},{"damage":9,"enemies":"Writhing Mass","floor":42,"turns":5},{"damage":12,"enemies":"Transient","floor":44,"turns":5},{"damage":31,"enemies":"Nemesis","floor":46,"turns":8},{"damage":16,"enemies":"4 Shapes","floor":49,"turns":4},{"damage":105,"enemies":"IC_BLOCK_ARCHETYPE","floor":50,"turns":10}],"seed_played":"3224004984107206532","potions_obtained":[{"floor":4,"key":"ColorlessPotion"},{"floor":6,"key":"SkillPotion"},{"floor":8,"key":"SpeedPotion"},{"floor":15,"key":"ColorlessPotion"},{"floor":16,"key":"SkillPotion"},{"floor":19,"key":"SkillPotion"},{"floor":33,"key":"Energy Potion"},{"floor":36,"key":"BlessingOfTheForge"},{"floor":42,"key":"Weak Potion"},{"floor":49,"key":"SteroidPotion"}],"is_trial":false,"path_per_floor":["R","M","M","M","?","M","T","M","M","R","$","R","?","M","M","B",null,"R","M","?","?","$","R","T","?","R","$","?","$","R","E","M","B",null,"R","M","M","?","?","$","T","M","R","M","R","E","T","$","M","B",null],"character_chosen":"GUARDIAN","items_purchased":["Medical Kit","Bromod:ArcaneDeflection","SteroidPotion","Strange Spoon","Block Potion"],"campfire_rested":1,"item_purchase_floors":[22,40,40,40,48],"current_hp_per_floor":[80,79,71,61,61,54,54,54,54,54,54,54,54,41,38,27,80,90,89,83,83,81,81,81,81,81,81,81,74,90,87,85,69,90,90,85,89,89,90,88,88,90,90,86,86,90,90,90,82,14],"gold":60,"neow_bonus":"TRANSFORM_TWO_CARDS","is_daily":false,"chose_seed":false,"campfire_upgraded":8,"win_rate":0.0,"timestamp":1613571237,"path_taken":["R","M","M","?","?","M","T","M","M","R","$","R","?","M","M","BOSS","R","M","?","?","$","R","T","?","R","?","?","?","R","E","M","BOSS","R","M","M","?","?","$","T","M","R","M","R","E","?","?","M","BOSS"],"items_purchased_type":["Relic","Relic","Potion","Relic","Potion"],"build_version":"2020-12-18","purchased_purges":1,"victory":true,"max_hp_per_floor":[80,80,80,80,80,80,80,80,80,80,80,80,80,80,80,80,80,90,90,90,90,90,90,90,90,90,90,90,90,90,90,90,90,90,90,90,90,90,90,90,90,90,90,90,90,90,90,90,90,90],"card_choices":[{"not_picked":["Guardian:WalkerClaw","Guardian:Gem_Lightblue"],"picked":"Guardian:Gem_White","floor":2},{"not_picked":["Guardian:Gem_Crimson","Guardian:Gem_Green"],"picked":"Guardian:FloatingOrbs","floor":3},{"not_picked":["Guardian:BronzeArmor","Guardian:Recover"],"picked":"Guardian:DecasProtection","floor":4},{"not_picked":["Guardian:Reroute","Guardian:Gem_Red"],"picked":"Guardian:Incinerate","floor":6},{"not_picked":["Guardian:VentSteam","Guardian:Preprogram"],"picked":"Guardian:PrimingBeam","floor":8},{"not_picked":["Guardian:CrystalBeam","Guardian:PiercingHide"],"picked":"Guardian:DonusPower","floor":9},{"not_picked":["Guardian:Gem_Blue","Guardian:PrimingBeam"],"picked":"Guardian:StasisStrike","floor":11},{"not_picked":["Guardian:RefractedBeam","Guardian:ChargeCore"],"picked":"Guardian:Gem_Red","floor":14},{"not_picked":["Guardian:RollAttack","Guardian:Suspension"],"picked":"Guardian:BronzeOrb","floor":15},{"not_picked":["Guardian:AncientConstruct","Guardian:RevengeProtocol"],"picked":"Guardian:ExploitGems","floor":16},{"not_picked":["Guardian:Suspension","Guardian:ShieldCharger"],"picked":"Guardian:Gem_Lightblue","floor":19},{"not_picked":[],"picked":"J.A.X.","floor":20},{"not_picked":["Guardian:Harden","Guardian:GuardianWhirl+1"],"picked":"Guardian:BronzeArmor","floor":20},{"not_picked":["Guardian:Recover","Guardian:ChargeCore"],"picked":"Guardian:Gem_Green","floor":22},{"not_picked":["Guardian:PrismaticBarrier","Guardian:Suspension"],"picked":"Guardian:TimeSifter","floor":27},{"not_picked":["Guardian:TimeBomb","Guardian:EvasiveProtocol"],"picked":"Guardian:SentryBeam","floor":29},{"not_picked":["Guardian:VentSteam","Guardian:TimeCapacitor"],"picked":"Guardian:TimeSifter","floor":31},{"not_picked":["Guardian:Suspension","Guardian:Planning"],"picked":"Guardian:BodySlam","floor":32},{"not_picked":["Guardian:RevengeProtocol","Guardian:FastForward"],"picked":"Guardian:Gem_Orange","floor":33},{"not_picked":["Guardian:TimeBomb","Guardian:RollAttack"],"picked":"Guardian:TimeCapacitor+1","floor":36},{"not_picked":["Guardian:WalkerClaw","Guardian:VentSteam","Guardian:ShieldCharger"],"picked":"SKIP","floor":37},{"not_picked":["Guardian:Gem_Red","Guardian:Suspension"],"picked":"Guardian:Gem_Purple","floor":40},{"not_picked":["Guardian:EvasiveProtocol","Guardian:ArmoredProtocol","Guardian:MultiBeam+1"],"picked":"SKIP","floor":42},{"not_picked":["Guardian:TemporalStrike","Guardian:Incinerate+1"],"picked":"Guardian:Planning+1","floor":44},{"not_picked":["Guardian:Gem_Lightblue","Guardian:PrismaticBeam+1","Guardian:TimeSifter"],"picked":"SKIP","floor":46},{"not_picked":["Guardian:Gem_Purple","Guardian:TimeCapacitor"],"picked":"Guardian:Recover+1","floor":49}],"player_experience":753839,"relics_obtained":[{"floor":20,"key":"MutagenicStrength"},{"floor":24,"key":"Matryoshka"},{"floor":31,"key":"Bottled Lightning"},{"floor":34,"key":"Dream Catcher"},{"floor":34,"key":"Pantograph"},{"floor":34,"key":"Bromod:ArcaneUltimatum"},{"floor":38,"key":"Bromod:ArcaneNullifier"},{"floor":38,"key":"Happy Flower"},{"floor":39,"key":"Torii"},{"floor":41,"key":"Bottled Tornado"},{"floor":41,"key":"Shuriken"},{"floor":46,"key":"Regal Pillow"},{"floor":47,"key":"PreservedInsect"}],"event_choices":[{"damage_healed":0,"gold_gain":0,"player_choice":"Fight","damage_taken":0,"max_hp_gain":0,"max_hp_loss":0,"event_name":"Mysterious Sphere","floor":39,"gold_loss":0}],"is_beta":true,"boss_relics":[{"not_picked":["Coffee Dripper","Snecko Eye"],"picked":"Bromod:ArcaneGrace"},{"not_picked":["SacredBark","Pandora\u0027s Box"],"picked":"Calling Bell"}],"items_purged_floors":[40],"is_endless":false,"potions_floor_spawned":[4,6,8,15,16,19,33,36,42,49],"ascension_level":0}}