{"host":"0awa854l6bexpjrv","time":1613542138,"event":{"mods":["BaseMod","Block Reminder","Colored Map","Colored Powertips","Downfall","Highlight Path","Minty Spire (QoL Compilation)","Quick Restart","Rare Cards Sparkle","StSLib","SuperFastMode"],"gold_per_floor":[117,117,42,56,56,56,86,105,131,31,44,54,54,74,74,177,177,188,63,79,91,91,91],"floor_reached":22,"language":"ENG","playtime":1710,"items_purged":["Strike_G","Strike_G","Strike_G"],"score":216,"play_id":"6b39b3f8-5e45-4961-82c7-a5cdd1d7a250","local_time":"20210216220858","is_ascension_mode":true,"campfire_choices":[{"data":"Neutralize","floor":6.0,"key":"SMITH"},{"floor":13.0,"key":"REST"},{"floor":15.0,"key":"REST"}],"circlet_count":0,"master_deck":["Defend_G","Defend_G","Defend_G","Defend_G","Defend_G","Survivor","Neutralize+1","Crippling Poison","Blade Dance","Footwork","Noxious Fumes","Accuracy","PiercingWail","Accuracy","Bullet Time","Burst","CurseOfTheBell","Expertise","Backflip+1","Heel Hook"],"relics":["Ring of the Snake","Potion Belt","Oddly Smooth Stone","Calling Bell","Vajra","Ninja Scroll","Gambling Chip"],"acts_visited":["Exordium","TheCity"],"potions_floor_usage":[22,22,22],"damage_taken":[{"damage":0.0,"enemies":"Cultist","floor":1.0,"turns":5.0},{"damage":1.0,"enemies":"Small Slimes","floor":4.0,"turns":4.0},{"damage":19.0,"enemies":"3 Sentries","floor":7.0,"turns":14.0},{"damage":5.0,"enemies":"2 Louse","floor":8.0,"turns":3.0},{"damage":9.0,"enemies":"Red Slaver","floor":11.0,"turns":3.0},{"damage":3.0,"enemies":"Blue Slaver","floor":12.0,"turns":5.0},{"damage":9.0,"enemies":"3 Louse","floor":14.0,"turns":4.0},{"damage":15.0,"enemies":"The Guardian","floor":16.0,"turns":11.0},{"damage":18.0,"enemies":"Chosen","floor":18.0,"turns":8.0},{"damage":17.0,"enemies":"2 Thieves","floor":20.0,"turns":5.0},{"damage":14.0,"enemies":"Shelled Parasite and Fungi","floor":21.0,"turns":7.0},{"damage":23,"enemies":"Snake Plant","floor":22,"turns":5}],"seed_played":"6823474751456898425","potions_obtained":[{"floor":7.0,"key":"SpeedPotion"},{"floor":11.0,"key":"SkillPotion"},{"floor":14.0,"key":"DistilledChaos"},{"floor":16.0,"key":"Energy Potion"},{"floor":18.0,"key":"EntropicBrew"}],"is_trial":false,"path_per_floor":["M","?","$","M","?","R","E","M","T","$","M","M","R","M","R","B",null,"M","$","M","M","M"],"character_chosen":"THE_SILENT","items_purchased":[],"campfire_rested":2,"item_purchase_floors":[],"current_hp_per_floor":[70,70,70,69,69,69,50,45,45,45,36,33,54,45,66,51,70,52,52,35,21,0,0],"gold":91,"neow_bonus":"TRANSFORM_CARD","is_daily":false,"chose_seed":false,"campfire_upgraded":1,"win_rate":0.0,"timestamp":1613542138,"path_taken":["M","?","$","M","?","R","E","?","T","$","M","M","R","M","R","BOSS","M","?","M","M","M"],"items_purchased_type":[],"build_version":"2020-12-22","purchased_purges":3,"victory":false,"max_hp_per_floor":[70,70,70,70,70,70,70,70,70,70,70,70,70,70,70,70,70,70,70,70,70,70,70],"card_choices":[{"not_picked":["Deflect","Endless Agony"],"picked":"Blade Dance","floor":1.0},{"not_picked":["Eviscerate","Endless Agony"],"picked":"Footwork","floor":4.0},{"not_picked":["Tools of the Trade","Malaise"],"picked":"Noxious Fumes","floor":7.0},{"not_picked":["Dagger Throw","Dagger Spray"],"picked":"Accuracy","floor":8.0},{"not_picked":["Prepared","Acrobatics"],"picked":"PiercingWail","floor":11.0},{"not_picked":["Underhanded Strike","Deflect"],"picked":"Accuracy","floor":12.0},{"not_picked":["Poisoned Stab","Deflect"],"picked":"Bullet Time","floor":14.0},{"not_picked":["Bullet Time","Corpse Explosion"],"picked":"Burst","floor":16.0},{"not_picked":["Dodge and Roll","Endless Agony"],"picked":"Expertise","floor":18.0},{"not_picked":["Underhanded Strike","Dagger Throw"],"picked":"Backflip+1","floor":20.0},{"not_picked":["Calculated Gamble","Bouncing Flask"],"picked":"Heel Hook","floor":21.0}],"player_experience":793590,"relics_obtained":[{"floor":7.0,"key":"Potion Belt"},{"floor":9.0,"key":"Oddly Smooth Stone"},{"floor":17.0,"key":"Vajra"},{"floor":17.0,"key":"Ninja Scroll"},{"floor":17.0,"key":"Gambling Chip"}],"event_choices":[{"damage_healed":0.0,"max_hp_gain":0.0,"max_hp_loss":0.0,"gold_gain":0.0,"event_name":"Liars Game","player_choice":"Ignored","floor":2.0,"gold_loss":0.0,"damage_taken":0.0},{"cards_removed":["Strike_G"],"damage_healed":0.0,"max_hp_gain":0.0,"max_hp_loss":0.0,"gold_gain":0.0,"event_name":"Purifier","player_choice":"Purged","floor":5.0,"gold_loss":0.0,"damage_taken":0.0}],"is_beta":false,"boss_relics":[{"not_picked":["Velvet Choker","Black Star"],"picked":"Calling Bell"}],"items_purged_floors":[3,10,19],"is_endless":false,"potions_floor_spawned":[7,11,14,16,18],"killed_by":"Snake Plant","ascension_level":3}}