{"host":"kmd7yw11mgzs6kox","time":1613538015,"event":{"mods":["ATMod(阿瑾Mod)","BaseMod","Decade(王小明)","Downfall","GungeonMod","Lobotomy","LobotomyExtend","Marisa（F雨　魔理沙）","Minty Spire (QoL Compilation)","Remilia（蕾米莉亚）","Replay The Spire","Shop Mod","StSLib","The Bladedancer","The Bug Knight","The Poker Player","The Servant 0.9.4","Waifu the Spire","WarShipGirlsR/战舰少女R mod","Youmu（魂魄妖梦）","Yuri Mod"],"gold_per_floor":[99,117,117,135,135,146,219,234,234,69,79,79,93,110,127,223,223,223,243,255,267,267,367,367,367,386,386,451,451,451,451],"floor_reached":29,"language":"ZHS","playtime":2029,"items_purged":[],"score":221,"play_id":"2c1e5c52-58f7-4dd7-bdda-c7b94d49e29b","local_time":"20210217130015","is_ascension_mode":false,"campfire_choices":[{"floor":1.0,"key":"RECALL"},{"data":"Slimebound:AcidTongue","floor":9.0,"key":"SMITH"},{"data":"Slimebound:Nibble","floor":12.0,"key":"SMITH"},{"data":"Slimebound:Equalize","floor":18.0,"key":"SMITH"},{"data":"Slimebound:Gluttony","floor":25.0,"key":"SMITH"},{"floor":27,"key":"REST"}],"circlet_count":0,"master_deck":["Slimebound:Strike_Slimebound","Slimebound:Strike_Slimebound","Slimebound:Tackle","Slimebound:Defend_Slimebound","Slimebound:Defend_Slimebound","Slimebound:Defend_Slimebound","Slimebound:Split","Slimebound:CorrosiveSpit","AT_FamilyPortrait","Slimebound:SlimeTap+1","Slimebound:AcidTongue+1","Slimebound:Equalize+1","Slimebound:HauntingLick","Slimebound:SplitBruiser","Slimebound:SplitMire","Slimebound:MinionMaster","Slimebound:Gluttony+1","Slimebound:Chomp","Slimebound:LeechEnergy+1","Slimebound:LeechingTouch","Slimebound:TongueLash"],"relics":["Slimebound:AbsorbEndCombat","AT_ATBox","LetterFromLob","DemoMod:GnawedKey","Ring of Chaos","downfall:CloakOfManyFaces","CultistMask","FaceOfCleric","NlothsMask","GremlinMask","SsserpentHead"],"acts_visited":["Exordium","TheCity"],"potions_floor_usage":[26],"damage_taken":[{"damage":4.0,"enemies":"Cultist","floor":2.0,"turns":3.0},{"damage":10.0,"enemies":"2 Louse","floor":4.0,"turns":2.0},{"damage":0.0,"enemies":"Small Slimes","floor":6.0,"turns":3.0},{"damage":0.0,"enemies":"downfall:LooterAlt","floor":8.0,"turns":4.0},{"damage":0.0,"enemies":"downfall:FleeingMerchant","floor":10.0,"turns":4.0},{"damage":20.0,"enemies":"Exordium Wildlife","floor":11.0,"turns":5.0},{"damage":0.0,"enemies":"Large Slime","floor":13.0,"turns":5.0},{"damage":21.0,"enemies":"Gremlin Gang","floor":14.0,"turns":5.0},{"damage":16.0,"enemies":"Blue Slaver","floor":15.0,"turns":3.0},{"damage":19.0,"enemies":"SI_SHIV_ARCHETYPE","floor":16.0,"turns":7.0},{"damage":26.0,"enemies":"downfall:LooterAlt2","floor":19.0,"turns":3.0},{"damage":34.0,"enemies":"Chosen","floor":20.0,"turns":6.0},{"damage":28.0,"enemies":"3 Cultists","floor":21.0,"turns":5.0},{"damage":31.0,"enemies":"downfall:FaceTrader","floor":23.0,"turns":7.0},{"damage":26,"enemies":"Chosen and Byrds","floor":26,"turns":4},{"damage":37,"enemies":"Snake Plant","floor":28,"turns":4},{"damage":26,"enemies":"Slavers","floor":29,"turns":1}],"seed_played":"629976438885892550","potions_obtained":[{"floor":6.0,"key":"DemoMod:LeadSkinPotion"},{"floor":8.0,"key":"PowerPotion"},{"floor":14.0,"key":"BlessingOfTheForge"},{"floor":23.0,"key":"Death Potion"}],"is_trial":false,"path_per_floor":["R","M","?","M","?","M","T","M","R","$","M","R","M","M","M","B",null,"R","M","M","M","?","?","T","R","M","R","M","E"],"character_chosen":"SLIMEBOUND","items_purchased":["DemoMod:GnawedKey","Slimebound:Nibble"],"campfire_rested":1,"item_purchase_floors":[10,10],"current_hp_per_floor":[71,69,69,61,61,67,67,69,69,71,53,53,67,56,40,37,71,71,59,43,35,55,44,44,44,39,60,26,0,0,0],"gold":451,"neow_bonus":"TEN_PERCENT_HP_BONUS","is_daily":false,"chose_seed":false,"campfire_upgraded":4,"win_rate":0.0,"timestamp":1613538015,"path_taken":["R","M","?","?","?","M","T","M","R","?","M","R","M","M","M","BOSS","R","M","M","?","?","?","T","R","M","R","?","E"],"items_purchased_type":["Relic","Card"],"build_version":"2020-12-22","purchased_purges":0,"victory":false,"max_hp_per_floor":[71,71,71,71,71,71,71,71,71,71,71,71,71,71,71,71,71,71,71,71,71,71,71,71,71,72,72,73,73,73,73],"card_choices":[{"not_picked":["Slimebound:LevelUp","Slimebound:HauntingLick"],"picked":"Slimebound:SlimeTap","floor":2.0},{"not_picked":["Slimebound:GoopSpray","Slimebound:ForwardTackle"],"picked":"Slimebound:SplitLeeching","floor":4.0},{"not_picked":["Slimebound:PressTheAttack","Slimebound:SamplingLick"],"picked":"Slimebound:AcidTongue","floor":6.0},{"not_picked":["Slimebound:SplitAcid","Slimebound:ItLooksTasty"],"picked":"Slimebound:SpikyOuterGoop","floor":8.0},{"not_picked":["Slimebound:SplitLeeching","Slimebound:ViciousTackle"],"picked":"Slimebound:Equalize","floor":10.0},{"not_picked":["Slimebound:SlimeTap","Slimebound:FormOfPuddle"],"picked":"Slimebound:HauntingLick","floor":11.0},{"not_picked":["Slimebound:LevelUp","Slimebound:Replication"],"picked":"Slimebound:SplitBruiser","floor":13.0},{"not_picked":["Slimebound:SpikyOuterGoop","Slimebound:ItLooksTasty"],"picked":"Slimebound:SplitAcid","floor":14.0},{"not_picked":["Slimebound:SplitBruiser","Slimebound:FormOfPuddle"],"picked":"Slimebound:SplitMire","floor":15.0},{"not_picked":["Slimebound:DouseInSlime","Slimebound:DuplicatedForm"],"picked":"Slimebound:MinionMaster","floor":16.0},{"not_picked":["Slimebound:Schlurp","Slimebound:LeechEnergy"],"picked":"Slimebound:Gluttony","floor":19.0},{"not_picked":["Slimebound:LeadByExample","Slimebound:BestDefense"],"picked":"Slimebound:RollThrough","floor":20.0},{"not_picked":["Slimebound:LeechEnergy","Slimebound:SamplingLick"],"picked":"Slimebound:Chomp","floor":21.0},{"not_picked":["Slimebound:Replication","Slimebound:LeechingTouch"],"picked":"Slimebound:LeechEnergy+1","floor":23.0},{"not_picked":["Slimebound:SplitBruiser+1","Slimebound:ItLooksTasty"],"picked":"Slimebound:LeechingTouch","floor":26},{"not_picked":["Slimebound:Gluttony","Slimebound:GrowthPunch"],"picked":"Slimebound:TongueLash","floor":28}],"player_experience":36000,"relics_obtained":[{"floor":2.0,"key":"LetterFromLob"},{"floor":23.0,"key":"downfall:CloakOfManyFaces"}],"event_choices":[{"cards_removed":["Slimebound:Defend_Slimebound"],"damage_healed":0.0,"max_hp_gain":0.0,"max_hp_loss":0.0,"gold_gain":0.0,"event_name":"Bonfire Elementals","player_choice":"Offered Basic","floor":3.0,"gold_loss":0.0,"damage_taken":0.0}],"is_beta":false,"boss_relics":[{"not_picked":["SlaversCollar","Velvet Choker"],"picked":"Ring of Chaos"}],"items_purged_floors":[],"is_endless":false,"potions_floor_spawned":[6,8,14,15,16,19,23],"killed_by":"Slavers","ascension_level":0}}