{"host":"k02ivx6tjlda7sle","time":1613591227,"event":{"mods":["AchievementEnabler","BaseMod","Better Note","Better Third Choice","Downfall","Hubris","Infinite Spire","Minty Spire (QoL Compilation)","Permanent Neow","Quick Restart","Rare Cards Sparkle","Reliquary","Replay The Spire","Spicy Shops","StSLib","The IronCluck","slay the spire mod where everything is the same but ironclad has a cowboy hat"],"gold_per_floor":[117,133,133,149,162,197,197,212,291,323,323,341,366,366,366,470,470,480,545,545,556,576,576,603,603,627,641,641,641,641,654,654,757,757,772,772,788,788,802,802,821,821,899,914,914,934,934,960,960,960],"floor_reached":51,"language":"ENG","playtime":2134,"items_purged":[],"score":779,"play_id":"c8b70a53-f16f-4df1-b0b3-f7fcb7d43d5a","local_time":"20210217134707","is_ascension_mode":true,"campfire_choices":[{"floor":7.0,"key":"REST"},{"floor":11,"key":"REST"},{"data":"infinitespire:DeathsTouch","floor":15,"key":"SMITH"},{"data":"Poison Darts","floor":23,"key":"SMITH"},{"data":"Choke","floor":25,"key":"SMITH"},{"data":"ReplayTheSpireMod:The Works","floor":29,"key":"SMITH"},{"data":"infinitespire:UltimateForm","floor":32,"key":"SMITH"},{"data":"Atom Bomb","floor":40,"key":"SMITH"},{"data":"ReplayTheSpireMod:Speed Training","floor":45,"key":"SMITH"},{"floor":49,"key":"DIG"}],"circlet_count":0,"master_deck":["Strike_G","Strike_G","Strike_G","Strike_G","Strike_G","Defend_G","Defend_G","Defend_G","Defend_G","Defend_G","Survivor","Neutralize","Dagger Throw","Eviscerate","infinitespire:DeathsTouch+1","Deflect","ReplayTheSpireMod:The Works+1","Poisoned Stab","hubris:SlightOfHand","ReplayTheSpireMod:Speed Training+1","A Thousand Cuts+1","Poison Darts+1","Predator+1","Poisoned Stab","Deflect","Choke+1","All Out Attack","downfall:Bewildered","infinitespire:UltimateForm+1","Atom Bomb+1","Slice+1","Crippling Poison","hubris:Sniper+1"],"relics":["Ring of the Snake","reliquary:ExpiredCoupon","PreservedInsect","Torii","hubris:KleinBottle","infinitespire:ShieldingShard","Paper Crane","reliquary:SilkGlove","ReplayFunnel","Replay:Grab Bag","Painkiller Herb","bronze:MakeshiftBattery","Ring of Chaos","reliquary:JackalopeAntler","Ancient Tea Set","Vajra","Blood Vial","sneckomod:BabySnecko","Snecko Eye","reliquary:Boomerang","Chameleon Ring","hubris:Icosahedron","reliquary:Aerogel","reliquary:SharkskinSheath"],"acts_visited":["Exordium","TheCity","TheBeyond"],"potions_floor_usage":[13,31,33,50],"damage_taken":[{"damage":4.0,"enemies":"Cultist","floor":1.0,"turns":5.0},{"damage":10.0,"enemies":"infinitespire:Voidling","floor":2.0,"turns":5.0},{"damage":7.0,"enemies":"Jaw Worm","floor":4.0,"turns":5.0},{"damage":0.0,"enemies":"Large Slime","floor":5.0,"turns":3.0},{"damage":1.0,"enemies":"Lagavulin","floor":6.0,"turns":3.0},{"damage":4,"enemies":"Lots of Slimes","floor":8,"turns":6},{"damage":8,"enemies":"3 Sentries","floor":10,"turns":4},{"damage":1,"enemies":"3 Louse","floor":12,"turns":4},{"damage":1,"enemies":"Gremlin Nob","floor":13,"turns":3},{"damage":7,"enemies":"Slime Boss","floor":16,"turns":6},{"damage":0,"enemies":"Chosen","floor":18,"turns":3},{"damage":9,"enemies":"Spheric Guardian","floor":21,"turns":4},{"damage":13,"enemies":"Shelled Parasite and Fungi","floor":22,"turns":3},{"damage":4,"enemies":"Book of Stabbing","floor":24,"turns":5},{"damage":8,"enemies":"Centurion and Healer","floor":27,"turns":3},{"damage":0,"enemies":"Snake Plant","floor":31,"turns":1},{"damage":21,"enemies":"hubris:MusketHawk","floor":33,"turns":6},{"damage":0,"enemies":"Orb Walker","floor":35,"turns":1},{"damage":0,"enemies":"3 Darklings","floor":37,"turns":2},{"damage":22,"enemies":"Writhing Mass","floor":39,"turns":4},{"damage":20,"enemies":"Maw","floor":41,"turns":4},{"damage":0,"enemies":"Jaw Worm Horde","floor":44,"turns":2},{"damage":0,"enemies":"Sphere and 2 Shapes","floor":46,"turns":2},{"damage":0,"enemies":"Reptomancer","floor":48,"turns":2},{"damage":50,"enemies":"Time Eater","floor":50,"turns":10}],"seed_played":"4335285977623585489","potions_obtained":[{"floor":2.0,"key":"FearPotion"},{"floor":6.0,"key":"Venom Potion"},{"floor":10,"key":"AttackPotion"},{"floor":12,"key":"Poison Potion"},{"floor":18,"key":"Regen Potion"},{"floor":19,"key":"SmokeBomb"},{"floor":31,"key":"Dexterity Potion"},{"floor":37,"key":"Milkshake"}],"is_trial":false,"path_per_floor":["M","M","$","M","M","E","R","M","T","E","R","M","E","?","R","B",null,"?","?","AVR","?","?","T","E","T","T","?","?","T","?","?","T","B",null,"?","AVR","?","?","?","T","?","?","T","?","T","?","?","E","T","B",null],"character_chosen":"THE_SILENT","items_purchased":["PreservedInsect","Torii","hubris:KleinBottle"],"campfire_rested":2,"item_purchase_floors":[3,3,3],"current_hp_per_floor":[66,63,14,7,7,6,27,23,23,15,36,35,34,34,34,27,70,70,70,70,61,48,48,44,44,44,38,38,38,22,24,24,10,70,70,70,70,70,48,48,30,61,61,61,61,61,61,61,61,11],"gold":960,"neow_bonus":"RANDOM_COMMON_RELIC","is_daily":false,"chose_seed":false,"campfire_upgraded":7,"win_rate":0.0,"timestamp":1613591227,"path_taken":["M","?","?","M","?","E","R","M","T","E","R","M","E","?","R","BOSS","?","?","AVR","?","?","T","E","T","T","?","?","T","?","?","T","BOSS","?","AVR","?","?","?","T","?","?","T","?","T","?","?","E","T","BOSS"],"items_purchased_type":["Relic","Relic","Relic"],"build_version":"2020-12-22","purchased_purges":0,"victory":true,"max_hp_per_floor":[70,70,70,70,70,70,70,70,70,70,70,70,70,70,70,70,70,70,70,70,70,70,70,70,70,70,70,70,70,70,70,70,70,70,70,70,70,70,70,70,70,61,61,61,61,61,61,61,61,61],"card_choices":[{"not_picked":["Sneak Up","Flechettes"],"picked":"Dagger Throw","floor":1.0},{"not_picked":["Outmaneuver","Prepared"],"picked":"Eviscerate","floor":2.0},{"not_picked":["infinitespire:Menacing","ReplayTheSpireMod:Chaos Vortex"],"picked":"infinitespire:DeathsTouch","floor":3.0},{"not_picked":["Acrobatics","Underhanded Strike"],"picked":"Deflect","floor":4.0},{"not_picked":["Blade Dance","Bane"],"picked":"ReplayTheSpireMod:The Works","floor":5.0},{"not_picked":["Underhanded Strike","Distraction"],"picked":"Poisoned Stab","floor":6.0},{"not_picked":["Blade Dance","Backflip"],"picked":"Draining Mist","floor":8},{"not_picked":["Hidden Blade","Eviscerate"],"picked":"hubris:SlightOfHand","floor":10},{"not_picked":["Predator","Finisher"],"picked":"ReplayTheSpireMod:Speed Training","floor":12},{"not_picked":["hubris:Counter","Expertise"],"picked":"A Thousand Cuts","floor":13},{"not_picked":["Tools of the Trade","Glass Knife"],"picked":"Poison Darts","floor":16},{"not_picked":["Hidden Blade","Sucker Punch"],"picked":"Predator+1","floor":18},{"not_picked":["Endless Agony+1","PiercingWail+1"],"picked":"Poisoned Stab","floor":19},{"not_picked":["Flying Knee","Blade Dance"],"picked":"Deflect","floor":21},{"not_picked":["Sucker Punch","Hidden Blade","Dagger Throw"],"picked":"SKIP","floor":22},{"not_picked":["Infinite Blades","Leg Sweep+1"],"picked":"Choke","floor":24},{"not_picked":["Tactician","ReplayTheSpireMod:The Works"],"picked":"All Out Attack","floor":27},{"not_picked":["infinitespire:Gouge","infinitespire:Punishment"],"picked":"infinitespire:UltimateForm","floor":30},{"not_picked":["Prepared","Dagger Throw+1","Flying Knee"],"picked":"SKIP","floor":31},{"not_picked":["Wraith Form v2","Burst"],"picked":"Atom Bomb","floor":33},{"not_picked":["Underhanded Strike+1","Dagger Throw+1","PiercingWail"],"picked":"SKIP","floor":35},{"not_picked":["Deflect","Blade Dance","Outmaneuver"],"picked":"SKIP","floor":37},{"not_picked":["Draining Mist","Hidden Blade+1"],"picked":"Slice+1","floor":39},{"not_picked":["Tactician+1","PiercingWail"],"picked":"Crippling Poison","floor":41},{"not_picked":["Blade Dance+1","hubris:SlightOfHand","Outmaneuver+1"],"picked":"SKIP","floor":44},{"not_picked":["Masterful Stab+1","Backflip+1","hubris:SlightOfHand"],"picked":"SKIP","floor":46},{"not_picked":["Infinite Blades","Prepared"],"picked":"hubris:Sniper+1","floor":48}],"player_experience":15419,"relics_obtained":[{"floor":6.0,"key":"infinitespire:ShieldingShard"},{"floor":9,"key":"Paper Crane"},{"floor":10,"key":"reliquary:SilkGlove"},{"floor":13,"key":"ReplayFunnel"},{"floor":19,"key":"reliquary:JackalopeAntler"},{"floor":24,"key":"Vajra"},{"floor":26,"key":"Blood Vial"},{"floor":43,"key":"Chameleon Ring"},{"floor":48,"key":"reliquary:Aerogel"},{"floor":49,"key":"reliquary:SharkskinSheath"}],"event_choices":[{"damage_healed":0,"gold_gain":0,"player_choice":"Grow","damage_taken":0,"max_hp_gain":0,"max_hp_loss":0,"event_name":"Living Wall","floor":14,"gold_loss":0,"cards_upgraded":["A Thousand Cuts"]},{"cards_removed":["Draining Mist"],"damage_healed":0,"gold_gain":0,"player_choice":"Removed Skill","damage_taken":0,"max_hp_gain":0,"max_hp_loss":0,"event_name":"Falling","floor":38,"gold_loss":0},{"damage_healed":61,"gold_gain":0,"player_choice":"Heal","damage_taken":0,"max_hp_gain":0,"max_hp_loss":9,"event_name":"The Moai Head","floor":42,"gold_loss":0}],"is_beta":false,"boss_relics":[{"not_picked":["SlaversCollar","Busted Crown"],"picked":"Replay:Grab Bag"},{"not_picked":["reliquary:Ember","Abe\u0027s Treasure"],"picked":"Painkiller Herb"},{"not_picked":["Fusion Hammer","ChewingGum"],"picked":"bronze:MakeshiftBattery"},{"not_picked":["HoveringKite","WristBlade"],"picked":"Ring of Chaos"},{"not_picked":["hubris:TerracottaHorce","ReplayTheSpireMod:SealedPack"],"picked":"Snecko Eye"}],"items_purged_floors":[],"is_endless":false,"potions_floor_spawned":[2,6,10,12,18,21,24,31,37,44,48],"ascension_level":1}}