{"host":"6406jj8da6015sxr","time":1613552405,"event":{"mods":["AchievementEnabler","BaseMod","Colored Map","DeckTracker","Keyboard Shortcuts","Minty Spire (QoL Compilation)","Permanent Neow","Relic Stats","SuperFastMode","everything is the same but u backflip on backflip"],"gold_per_floor":[111,125,138,138,149,149,181,191,191,237,255,324,324,0,0,104,104,116,116,126,29,29,29,57,57,57,57,85,101,113,148,148,252,252,269,287,115,115,133,159,159,173,197,197,247,272,2,57,57,57],"floor_reached":51,"language":"KOR","playtime":2993,"items_purged":["Strike_G","Poisoned Stab","Dash"],"score":1093,"play_id":"b00f8b00-350c-4f24-a61d-622e878739cc","local_time":"20210217180005","is_ascension_mode":true,"campfire_choices":[{"data":"Neutralize","floor":6,"key":"SMITH"},{"data":"Caltrops","floor":13,"key":"SMITH"},{"data":"Backflip","floor":15,"key":"SMITH"},{"data":"Accuracy","floor":23,"key":"SMITH"},{"data":"Cloak And Dagger","floor":25,"key":"SMITH"},{"data":"Backflip","floor":27,"key":"SMITH"},{"floor":32,"key":"REST"},{"data":"Well Laid Plans","floor":41,"key":"SMITH"},{"data":"After Image","floor":49,"key":"SMITH"}],"circlet_count":0,"master_deck":["Defend_G+1","Defend_G+1","Defend_G+1","Defend_G+1","Defend_G+1","Survivor","Neutralize+1","Dagger Throw","Phantasmal Killer","Caltrops+1","Cloak And Dagger+1","Backflip+1","Storm of Steel+1","Blur+1","Escape Plan+1","Catalyst+1","Blade Dance","Blade Dance","Masterful Stab","Accuracy+1","Backflip+1","Blade Dance","Malaise","PiercingWail","After Image+1","PiercingWail+1","Backflip+1","Expertise+1","Well Laid Plans+1","Acrobatics+1","Acrobatics+1","After Image","Choke+1"],"relics":["Ring of the Snake","Art of War","Thread and Needle","Paper Crane","Strawberry","Toy Ornithopter","Astrolabe","Omamori","Bottled Flame","FossilizedHelix","Molten Egg 2","Philosopher\u0027s Stone","War Paint","Centennial Puzzle","StoneCalendar","Lantern","DollysMirror","Lizard Tail"],"acts_visited":["Exordium","TheCity","TheBeyond"],"potions_floor_usage":[16,24,31,31,33,33,42,50,50],"damage_taken":[{"damage":2,"enemies":"Jaw Worm","floor":1,"turns":5},{"damage":0,"enemies":"Small Slimes","floor":2,"turns":2},{"damage":3,"enemies":"2 Louse","floor":3,"turns":3},{"damage":11,"enemies":"Exordium Wildlife","floor":5,"turns":6},{"damage":12,"enemies":"Lagavulin","floor":7,"turns":7},{"damage":0,"enemies":"Large Slime","floor":8,"turns":5},{"damage":0,"enemies":"Blue Slaver","floor":11,"turns":3},{"damage":1,"enemies":"The Guardian","floor":16,"turns":15},{"damage":0,"enemies":"3 Byrds","floor":18,"turns":2},{"damage":24,"enemies":"Spheric Guardian","floor":20,"turns":8},{"damage":3,"enemies":"Gremlin Leader","floor":24,"turns":5},{"damage":0,"enemies":"Slavers","floor":28,"turns":4},{"damage":0,"enemies":"Cultist and Chosen","floor":29,"turns":8},{"damage":0,"enemies":"Centurion and Healer","floor":30,"turns":4},{"damage":44,"enemies":"Gremlin Leader","floor":31,"turns":12},{"damage":40,"enemies":"Automaton","floor":33,"turns":11},{"damage":0,"enemies":"Orb Walker","floor":35,"turns":2},{"damage":0,"enemies":"3 Darklings","floor":36,"turns":7},{"damage":0,"enemies":"Maw","floor":39,"turns":7},{"damage":0,"enemies":"Nemesis","floor":40,"turns":9},{"damage":0,"enemies":"Jaw Worm Horde","floor":42,"turns":3},{"damage":0,"enemies":"Mind Bloom Boss Battle","floor":45,"turns":5},{"damage":10,"enemies":"Reptomancer","floor":46,"turns":8},{"damage":0,"enemies":"2 Orb Walkers","floor":48,"turns":5},{"damage":9,"enemies":"Awakened One","floor":50,"turns":9}],"seed_played":"7220938646245539636","potions_obtained":[{"floor":11,"key":"DistilledChaos"},{"floor":16,"key":"Strength Potion"},{"floor":24,"key":"GamblersBrew"},{"floor":30,"key":"Poison Potion"},{"floor":31,"key":"Dexterity Potion"},{"floor":33,"key":"CunningPotion"},{"floor":42,"key":"SpeedPotion"},{"floor":46,"key":"AttackPotion"},{"floor":48,"key":"Strength Potion"}],"is_trial":false,"path_per_floor":["M","M","M","?","M","R","E","M","T","T","M","?","R","$","R","B",null,"M","?","M","$","?","R","E","R","T","R","E","M","M","E","R","B",null,"M","M","$","?","M","E","R","M","T","?","?","E","$","?","R","B",null],"character_chosen":"THE_SILENT","items_purchased":["Toy Ornithopter","GhostInAJar","Accuracy","Backflip","Expertise","DollysMirror"],"campfire_rested":1,"item_purchase_floors":[14,14,21,21,37,47],"current_hp_per_floor":[61,61,58,58,47,47,35,35,35,42,42,42,42,42,42,46,69,69,69,45,45,45,45,47,47,47,47,47,47,47,13,36,6,59,59,59,59,59,59,59,59,64,64,64,64,54,54,54,54,55],"gold":57,"neow_bonus":"RANDOM_COMMON_RELIC","is_daily":false,"chose_seed":false,"campfire_upgraded":8,"win_rate":0.0,"timestamp":1613552405,"path_taken":["M","M","M","?","M","R","E","M","T","?","M","?","R","$","R","BOSS","M","?","M","$","?","R","E","R","T","R","E","M","M","E","R","BOSS","M","M","$","?","M","E","R","M","T","?","?","E","$","?","R","BOSS"],"items_purchased_type":["Relic","Potion","Card","Card","Card","Relic"],"build_version":"2020-12-22","purchased_purges":3,"victory":true,"max_hp_per_floor":[70,70,70,70,70,70,70,70,70,77,77,77,77,77,77,77,77,77,77,77,77,77,77,77,77,77,77,77,77,77,77,77,77,77,77,77,77,77,77,77,77,77,77,77,77,77,77,77,77,77],"relic_stats":{"Centennial Puzzle":[6],"Lizard Tail":0,"counters":[25,155],"Astrolabe":["Blur","Escape Plan","Catalyst"],"StoneCalendar":[89],"Art of War":[17],"War Paint":["Expertise","Storm of Steel"],"obtain_stats":[{"Lantern":46,"Astrolabe":17,"Thread and Needle":7,"StoneCalendar":45,"Omamori":24,"Paper Crane":9,"War Paint":40,"Bottled Flame":26,"Centennial Puzzle":43,"Lizard Tail":48,"DollysMirror":47,"Strawberry":10,"Molten Egg 2":31,"Philosopher\u0027s Stone":34,"Art of War":0,"Toy Ornithopter":14,"FossilizedHelix":28,"Ring of the Snake":0},{"Lantern":23,"Astrolabe":8,"Thread and Needle":5,"StoneCalendar":22,"Omamori":11,"Paper Crane":6,"War Paint":20,"Bottled Flame":11,"Centennial Puzzle":21,"Lizard Tail":24,"DollysMirror":23,"Strawberry":6,"Molten Egg 2":15,"Philosopher\u0027s Stone":16,"Art of War":0,"Toy Ornithopter":7,"FossilizedHelix":12,"Ring of the Snake":0},{"Lantern":141,"Astrolabe":46,"Thread and Needle":23,"StoneCalendar":133,"Omamori":61,"Paper Crane":28,"War Paint":125,"Bottled Flame":61,"Centennial Puzzle":128,"Lizard Tail":146,"DollysMirror":141,"Strawberry":28,"Molten Egg 2":89,"Philosopher\u0027s Stone":100,"Art of War":0,"Toy Ornithopter":31,"FossilizedHelix":65,"Ring of the Snake":0}],"Toy Ornithopter":45,"Ring of the Snake":[50]},"card_choices":[{"not_picked":["Deflect","Prepared"],"picked":"Dagger Throw","floor":1},{"not_picked":["Outmaneuver","Cloak And Dagger"],"picked":"Phantasmal Killer","floor":2},{"not_picked":["Backflip","Bane"],"picked":"Caltrops","floor":3},{"not_picked":["Crippling Poison","Dodge and Roll"],"picked":"Poisoned Stab","floor":5},{"not_picked":["Infinite Blades","Quick Slash"],"picked":"Cloak And Dagger","floor":7},{"not_picked":["All Out Attack","Bane"],"picked":"Backflip","floor":8},{"not_picked":["Backflip","Slice"],"picked":"Dash","floor":11},{"not_picked":["Night Terror","Phantasmal Killer"],"picked":"Storm of Steel","floor":16},{"not_picked":["Underhanded Strike+1","Quick Slash+1"],"picked":"Blade Dance","floor":18},{"not_picked":["Skewer","Dodge and Roll"],"picked":"Masterful Stab","floor":20},{"not_picked":["PiercingWail","Deflect"],"picked":"Blade Dance","floor":24},{"not_picked":["Deadly Poison","Dagger Throw+1","Malaise"],"picked":"SKIP","floor":28},{"not_picked":["Deadly Poison","Dagger Throw+1"],"picked":"Malaise","floor":28},{"not_picked":["Crippling Poison","Prepared","Sucker Punch"],"picked":"SKIP","floor":29},{"not_picked":["All Out Attack+1","Blade Dance","Distraction"],"picked":"SKIP","floor":30},{"not_picked":["Backflip","Underhanded Strike+1"],"picked":"PiercingWail","floor":31},{"not_picked":["Envenom","Tools of the Trade"],"picked":"After Image","floor":33},{"not_picked":["Tactician+1","Deflect+1"],"picked":"PiercingWail+1","floor":35},{"not_picked":["Prepared+1","Poisoned Stab+1"],"picked":"Backflip+1","floor":36},{"not_picked":["PiercingWail+1","Doppelganger","Predator+1"],"picked":"SKIP","floor":39},{"not_picked":["Noxious Fumes+1","Distraction"],"picked":"Well Laid Plans","floor":40},{"not_picked":["Dagger Spray+1","Prepared"],"picked":"Acrobatics+1","floor":42},{"not_picked":["Blade Dance+1","All Out Attack+1"],"picked":"Acrobatics+1","floor":46},{"not_picked":["Slice+1","Bouncing Flask"],"picked":"Choke+1","floor":48}],"player_experience":34935,"relics_obtained":[{"floor":7,"key":"Thread and Needle"},{"floor":9,"key":"Paper Crane"},{"floor":10,"key":"Strawberry"},{"floor":24,"key":"Omamori"},{"floor":26,"key":"Bottled Flame"},{"floor":28,"key":"FossilizedHelix"},{"floor":31,"key":"Molten Egg 2"},{"floor":40,"key":"War Paint"},{"floor":43,"key":"Centennial Puzzle"},{"floor":45,"key":"StoneCalendar"},{"floor":46,"key":"Lantern"},{"floor":48,"key":"Lizard Tail"}],"event_choices":[{"damage_healed":0,"gold_gain":0,"player_choice":"Ignored","damage_taken":0,"max_hp_gain":0,"max_hp_loss":0,"event_name":"Liars Game","floor":4,"gold_loss":0},{"damage_healed":0,"gold_gain":69,"player_choice":"Gained Gold","damage_taken":0,"max_hp_gain":0,"max_hp_loss":0,"event_name":"Golden Wing","floor":12,"gold_loss":0},{"damage_healed":0,"gold_gain":0,"player_choice":"Read","damage_taken":0,"max_hp_gain":0,"max_hp_loss":0,"event_name":"The Library","floor":19,"gold_loss":0,"cards_obtained":["Blade Dance"]},{"damage_healed":0,"gold_gain":0,"player_choice":"Simplicity","damage_taken":0,"max_hp_gain":0,"max_hp_loss":0,"event_name":"Back to Basics","floor":22,"gold_loss":0,"cards_upgraded":["Strike_G","Defend_G","Defend_G","Defend_G","Defend_G","Defend_G"]},{"cards_removed":["Strike_G"],"damage_healed":0,"gold_gain":0,"player_choice":"Removed Attack","damage_taken":0,"max_hp_gain":0,"max_hp_loss":0,"event_name":"Falling","floor":38,"gold_loss":0},{"damage_healed":0,"gold_gain":0,"player_choice":"Ignored","damage_taken":0,"max_hp_gain":0,"max_hp_loss":0,"event_name":"Tomb of Lord Red Mask","floor":44,"gold_loss":0},{"damage_healed":0,"gold_gain":0,"player_choice":"Fight","damage_taken":0,"max_hp_gain":0,"max_hp_loss":0,"event_name":"MindBloom","floor":45,"gold_loss":0},{"damage_healed":0,"gold_gain":0,"player_choice":"Fight","damage_taken":0,"max_hp_gain":0,"max_hp_loss":0,"event_name":"Mysterious Sphere","floor":48,"gold_loss":0}],"is_beta":false,"boss_relics":[{"not_picked":["Runic Dome","Calling Bell"],"picked":"Astrolabe"},{"not_picked":["SacredBark","WristBlade"],"picked":"Philosopher\u0027s Stone"}],"items_purged_floors":[14,37,47],"is_endless":false,"potions_floor_spawned":[11,16,24,30,31,33,42,46,48],"ascension_level":8}}