{"host":"1poy056mauca3bbh","time":1613570184,"event":{"mods":["Ascension Unlocker","BaseMod","Bestiary","Block Reminder","Colored Map","Colored Powertips","Curses Come First","Highlight Path","Minty Spire (QoL Compilation)","Permanent Neow","Quick Restart","Rare Cards Sparkle","Relic Stats","Smile Girya","StSLib","UnlockEverythingMod"],"gold_per_floor":[114,114,264,6,21,56,83,83,83,83,83,83,99,5,5,79,79,98,112,27,27,27,27],"floor_reached":22,"language":"ENG","playtime":855,"items_purged":["Doubt"],"score":410,"play_id":"52622111-fdf3-4035-bb3f-fb60da9c71c5","local_time":"20210217085624","is_ascension_mode":true,"campfire_choices":[{"data":"Caltrops","floor":10.0,"key":"SMITH"},{"data":"After Image","floor":12.0,"key":"SMITH"},{"data":"Distraction","floor":15.0,"key":"SMITH"}],"circlet_count":0,"master_deck":["AscendersBane","Strike_G","Strike_G","Strike_G","Strike_G","Strike_G","Defend_G","Defend_G","Defend_G","Defend_G","Defend_G","Survivor","Neutralize","Dagger Spray+1","Dodge and Roll","Dodge and Roll","Caltrops+1","After Image+1","Cloak And Dagger","Distraction+1","Envenom","Cloak And Dagger+1","Outmaneuver","Writhe"],"relics":["Ring of the Snake","NeowsBlessing","Oddly Smooth Stone","Strawberry","Odd Mushroom","Vajra","SacredBark","Eternal Feather","Dream Catcher"],"acts_visited":["Exordium","TheCity"],"potions_floor_usage":[22],"damage_taken":[{"damage":0.0,"enemies":"Jaw Worm","floor":1.0,"turns":1.0},{"damage":0.0,"enemies":"2 Louse","floor":5.0,"turns":1.0},{"damage":0.0,"enemies":"3 Sentries","floor":6.0,"turns":2.0},{"damage":0.0,"enemies":"The Mushroom Lair","floor":7.0,"turns":4.0},{"damage":0.0,"enemies":"Small Slimes","floor":13.0,"turns":4.0},{"damage":44.0,"enemies":"Slime Boss","floor":16.0,"turns":13.0},{"damage":27.0,"enemies":"3 Byrds","floor":18.0,"turns":5.0},{"damage":17.0,"enemies":"2 Thieves","floor":19.0,"turns":4.0},{"damage":22,"enemies":"Snecko","floor":22,"turns":5}],"seed_played":"-8926676620113741292","potions_obtained":[{"floor":6.0,"key":"GamblersBrew"},{"floor":18.0,"key":"Poison Potion"}],"is_trial":false,"path_per_floor":["M","?","?","$","M","E","?","?","T","R","?","R","M","$","R","B",null,"M","M","?","?","M"],"character_chosen":"THE_SILENT","items_purchased":["Oddly Smooth Stone","Dodge and Roll","Distraction","Explosive Potion"],"campfire_rested":0,"item_purchase_floors":[4,4,14,14],"current_hp_per_floor":[59,59,59,59,59,66,66,66,66,66,62,62,62,62,62,18,59,32,15,15,15,0,0],"gold":27,"neow_bonus":"THREE_ENEMY_KILL","is_daily":false,"chose_seed":false,"campfire_upgraded":3,"win_rate":0.0,"timestamp":1613570184,"path_taken":["M","?","?","?","M","E","?","?","T","R","?","R","M","$","R","BOSS","M","M","?","?","M"],"items_purchased_type":["Relic","Card","Card","Potion"],"build_version":"2020-12-22","purchased_purges":1,"victory":false,"max_hp_per_floor":[66,66,66,66,66,73,73,73,73,73,73,73,73,73,73,73,73,73,73,73,73,73,73],"relic_stats":{"Dream Catcher":0,"counters":[9,39],"Eternal Feather":0,"obtain_stats":[{"Dream Catcher":21,"NeowsBlessing":0,"Strawberry":6,"SacredBark":17,"Oddly Smooth Stone":4,"Vajra":9,"Eternal Feather":20,"Odd Mushroom":7,"Ring of the Snake":0},{"Dream Catcher":8,"NeowsBlessing":0,"Strawberry":3,"SacredBark":6,"Oddly Smooth Stone":1,"Vajra":4,"Eternal Feather":8,"Odd Mushroom":4,"Ring of the Snake":0},{"Dream Catcher":34,"NeowsBlessing":0,"Strawberry":4,"SacredBark":25,"Oddly Smooth Stone":1,"Vajra":8,"Eternal Feather":34,"Odd Mushroom":8,"Ring of the Snake":0}],"Ring of the Snake":[18]},"card_choices":[{"not_picked":["Deflect","Backflip"],"picked":"Dagger Spray","floor":1.0},{"not_picked":["Heel Hook","Poisoned Stab"],"picked":"Dodge and Roll","floor":5.0},{"not_picked":["Finisher","Eviscerate"],"picked":"Caltrops","floor":6.0},{"not_picked":["Poisoned Stab","Flying Knee"],"picked":"After Image","floor":7.0},{"not_picked":["Slice","Deflect"],"picked":"Cloak And Dagger","floor":13.0},{"not_picked":["Storm of Steel","Malaise"],"picked":"Envenom","floor":16.0},{"not_picked":["Slice","Acrobatics+1"],"picked":"Cloak And Dagger+1","floor":18.0},{"not_picked":["Slice","Well Laid Plans"],"picked":"Outmaneuver","floor":19.0}],"player_experience":156029,"relics_obtained":[{"floor":6.0,"key":"Strawberry"},{"floor":7.0,"key":"Odd Mushroom"},{"floor":9.0,"key":"Vajra"}],"event_choices":[{"damage_healed":0.0,"max_hp_gain":0.0,"max_hp_loss":0.0,"gold_gain":0.0,"event_name":"Living Wall","player_choice":"Grow","floor":2.0,"gold_loss":0.0,"damage_taken":0.0,"cards_upgraded":["Dagger Spray"]},{"damage_healed":0.0,"max_hp_gain":0.0,"max_hp_loss":0.0,"gold_gain":150.0,"event_name":"Liars Game","player_choice":"AGREE","floor":3.0,"gold_loss":0.0,"damage_taken":0.0,"cards_obtained":["Doubt"]},{"damage_healed":0.0,"max_hp_gain":0.0,"max_hp_loss":0.0,"gold_gain":0.0,"event_name":"Mushrooms","player_choice":"Fought Mushrooms","floor":7.0,"gold_loss":0.0,"damage_taken":0.0},{"damage_healed":0.0,"max_hp_gain":0.0,"max_hp_loss":0.0,"gold_gain":0.0,"event_name":"Shining Light","player_choice":"Ignored","floor":8.0,"gold_loss":0.0,"damage_taken":0.0},{"damage_healed":0.0,"max_hp_gain":0.0,"max_hp_loss":0.0,"gold_gain":0.0,"event_name":"The Woman in Blue","player_choice":"Bought 0 Potions","floor":11.0,"gold_loss":0.0,"damage_taken":0.0},{"damage_healed":0.0,"max_hp_gain":0.0,"max_hp_loss":0.0,"gold_gain":0.0,"event_name":"Addict","player_choice":"Obtained Relic","floor":20.0,"gold_loss":85.0,"damage_taken":0.0,"relics_obtained":["Eternal Feather"]},{"damage_healed":0.0,"max_hp_gain":0.0,"max_hp_loss":0.0,"gold_gain":0.0,"event_name":"The Mausoleum","player_choice":"Opened","floor":21.0,"gold_loss":0.0,"damage_taken":0.0,"relics_obtained":["Dream Catcher"],"cards_obtained":["Writhe"]}],"is_beta":false,"boss_relics":[{"not_picked":["Coffee Dripper","Tiny House"],"picked":"SacredBark"}],"items_purged_floors":[4],"is_endless":false,"potions_floor_spawned":[6,18],"killed_by":"Snecko","ascension_level":20}}