{"host":"os9owiyb0rak6c8n","time":1613582601,"event":{"mods":["AchievementEnabler","Astrologer","BaseMod","Beaked The Cultist","Better Third Choice","Block Reminder","Colored Map","Colored Powertips","Curses Come First","Dio Mod","Minty Spire (QoL Compilation)","Robot Space Explorer","Spicy Shops","StSLib","The Death Knight","The Necromancer"],"gold_per_floor":[112,129,204,204,21,21,31,62,89,105,105,105],"floor_reached":11,"language":"ENG","playtime":389,"items_purged":[],"score":95,"play_id":"03cc93ec-f033-4703-8c30-74094c220714","local_time":"20210217182321","is_ascension_mode":true,"campfire_choices":[{"data":"Madness","floor":6,"key":"SMITH"}],"circlet_count":0,"master_deck":["DeathKnight:Strike_DeathKnight","DeathKnight:Strike_DeathKnight","DeathKnight:Strike_DeathKnight","DeathKnight:Strike_DeathKnight","DeathKnight:Strike_DeathKnight","DeathKnight:Defend_DeathKnight","DeathKnight:Defend_DeathKnight+1","DeathKnight:Defend_DeathKnight","DeathKnight:Defend_DeathKnight","DeathKnight:Defend_DeathKnight","DeathKnight:RuneTap","DeathKnight:RuneStrike","PanicButton","DeathKnight:IceboundArmor","DeathKnight:Pestilence+1","Burn","Madness+1","Writhe","DeathKnight:DancingRuneblade","DeathKnight:FoulBulwark"],"relics":["DeathKnight:BrokenRuneblade","MealTicket","War Paint","Ancient Tea Set"],"acts_visited":["Exordium"],"potions_floor_usage":[10,10],"damage_taken":[{"damage":4,"enemies":"Jaw Worm","floor":1,"turns":4},{"damage":2,"enemies":"2 Louse","floor":2,"turns":4},{"damage":3,"enemies":"Cultist","floor":7,"turns":4},{"damage":43,"enemies":"3 Sentries","floor":8,"turns":13},{"damage":2,"enemies":"Blue Slaver","floor":10,"turns":3},{"damage":0,"enemies":"Lagavulin","floor":11,"turns":1}],"seed_played":"-9020339124194795031","potions_obtained":[{"floor":1,"key":"SneckoOil"},{"floor":8,"key":"Energy Potion"},{"floor":10,"key":"FairyPotion"}],"is_trial":false,"path_per_floor":["M","M","?","?","$","R","M","E","T","M","E"],"character_chosen":"DEATH_KNIGHT","items_purchased":["Madness","MealTicket"],"campfire_rested":0,"item_purchase_floors":[5,5],"current_hp_per_floor":[64,62,51,51,51,51,48,5,5,3,3,3],"gold":105,"neow_bonus":"RANDOM_COLORLESS","is_daily":false,"chose_seed":false,"campfire_upgraded":1,"win_rate":0.0,"timestamp":1613582601,"path_taken":["M","M","?","?","$","R","M","E","T","M","E"],"items_purchased_type":["Card","Relic"],"build_version":"2020-12-22","purchased_purges":0,"victory":false,"max_hp_per_floor":[75,75,75,75,75,75,75,75,75,75,75,75],"card_choices":[{"not_picked":["Trip","Panacea"],"picked":"PanicButton","floor":0},{"not_picked":["DeathKnight:IcyTouch","DeathKnight:Hysteria"],"picked":"DeathKnight:IceboundArmor","floor":1},{"not_picked":["DeathKnight:UnholyFrenzy","DeathKnight:MutagenicPlague"],"picked":"DeathKnight:Pestilence","floor":2},{"not_picked":["DeathKnight:Parry","DeathKnight:DeathGrip","DeathKnight:UnholyFrenzy"],"picked":"SKIP","floor":7},{"not_picked":["DeathKnight:Lichborne","DeathKnight:Culling"],"picked":"DeathKnight:DancingRuneblade","floor":8},{"not_picked":["DeathKnight:BloodStrike","DeathKnight:BladedArmor"],"picked":"DeathKnight:FoulBulwark","floor":10}],"player_experience":616133,"relics_obtained":[{"floor":8,"key":"War Paint"},{"floor":9,"key":"Ancient Tea Set"}],"event_choices":[{"damage_healed":0,"gold_gain":75,"player_choice":"Gold","damage_taken":11,"max_hp_gain":0,"max_hp_loss":0,"event_name":"betterThird:BetterGoop","floor":3,"gold_loss":0},{"damage_healed":51,"gold_gain":0,"player_choice":"Embrace Burn","damage_taken":0,"max_hp_gain":0,"max_hp_loss":75,"event_name":"betterThird:BetterShining","floor":4,"gold_loss":0}],"is_beta":false,"boss_relics":[],"items_purged_floors":[],"is_endless":false,"potions_floor_spawned":[1,8,10],"killed_by":"Lagavulin","ascension_level":6}}