{"host":"13o02hya6v6rzuva","time":1613570044,"event":{"mods":["BaseMod","Minty Spire (QoL Compilation)","Relic Stats"],"gold_per_floor":[115,129,79,79,2,2,37,49,99,127,140,100,100,275,275,348,348,364,364,376,137,149,149,161,161,161],"floor_reached":25,"language":"ENG","playtime":867,"items_purged":["Doubt"],"score":414,"play_id":"aeb7adc9-f1d7-417a-a1df-a332531ea6d2","local_time":"20210217145404","is_ascension_mode":true,"campfire_choices":[{"data":"Searing Blow","floor":6,"key":"SMITH"},{"data":"Searing Blow+1","floor":13,"key":"SMITH"},{"data":"Searing Blow+2","floor":15,"key":"SMITH"},{"floor":23,"key":"REST"}],"circlet_count":0,"master_deck":["AscendersBane","Strike_R","Strike_R","Strike_R","Strike_R","Strike_R","Defend_R","Defend_R","Defend_R","Bash","Iron Wave","Shrug It Off","Searing Blow+3","Infernal Blade","Intimidate","Metallicize","Battle Trance","Inflame","Feed","Flex","Inflame","Disarm+1","Spot Weakness","Fire Breathing"],"relics":["Burning Blood","NeowsBlessing","Boot","Pear","Kunai","Runic Pyramid"],"acts_visited":["Exordium","TheCity"],"potions_floor_usage":[16,20,25,25],"damage_taken":[{"damage":0,"enemies":"2 Louse","floor":1,"turns":1},{"damage":0,"enemies":"Jaw Worm","floor":2,"turns":1},{"damage":0,"enemies":"3 Sentries","floor":7,"turns":2},{"damage":0,"enemies":"Small Slimes","floor":8,"turns":3},{"damage":20,"enemies":"Gremlin Nob","floor":10,"turns":4},{"damage":9,"enemies":"Looter","floor":11,"turns":4},{"damage":59,"enemies":"The Guardian","floor":16,"turns":17},{"damage":46,"enemies":"Spheric Guardian","floor":18,"turns":8},{"damage":11,"enemies":"2 Thieves","floor":20,"turns":4},{"damage":22,"enemies":"Snake Plant","floor":22,"turns":6},{"damage":30,"enemies":"Chosen and Byrds","floor":24,"turns":7},{"damage":37,"enemies":"Gremlin Leader","floor":25,"turns":4}],"seed_played":"-5608383761428243228","potions_obtained":[{"floor":1,"key":"Weak Potion"},{"floor":8,"key":"DuplicationPotion"},{"floor":22,"key":"DuplicationPotion"}],"is_trial":false,"path_per_floor":["M","M","?","T","$","R","E","M","T","E","M","$","R","?","R","B",null,"M","?","M","$","M","R","M","E"],"character_chosen":"IRONCLAD","items_purchased":["Searing Blow","Inflame","Spot Weakness","Fruit Juice"],"campfire_rested":1,"item_purchase_floors":[5,12,21,21],"current_hp_per_floor":[78,80,80,80,80,80,90,90,90,76,73,73,73,73,73,20,73,36,36,34,34,21,50,29,0,0],"gold":161,"neow_bonus":"THREE_ENEMY_KILL","is_daily":false,"chose_seed":false,"campfire_upgraded":3,"win_rate":0.0,"timestamp":1613570044,"path_taken":["M","M","?","?","?","R","E","M","T","E","M","$","R","?","R","BOSS","M","?","M","$","M","R","M","E"],"items_purchased_type":["Card","Card","Card","Potion"],"build_version":"2020-12-22","purchased_purges":1,"victory":false,"max_hp_per_floor":[80,80,80,80,80,80,90,90,90,90,90,90,90,90,90,90,90,93,93,96,96,99,99,102,107,107],"relic_stats":{"counters":[12,61],"Kunai":[1],"Boot":[6],"obtain_stats":[{"Pear":7,"NeowsBlessing":0,"Kunai":10,"Boot":4,"Burning Blood":0,"Runic Pyramid":17},{"Pear":3,"NeowsBlessing":0,"Kunai":5,"Boot":2,"Burning Blood":0,"Runic Pyramid":7},{"Pear":4,"NeowsBlessing":0,"Kunai":11,"Boot":2,"Burning Blood":0,"Runic Pyramid":32}],"Burning Blood":50},"card_choices":[{"not_picked":["Blood for Blood","Entrench"],"picked":"Iron Wave","floor":1},{"not_picked":["Fire Breathing","Armaments"],"picked":"Shrug It Off","floor":2},{"not_picked":["Cleave","Headbutt"],"picked":"Infernal Blade","floor":7},{"not_picked":["Seeing Red","Dark Embrace"],"picked":"Intimidate","floor":8},{"not_picked":["Armaments","Evolve"],"picked":"Metallicize","floor":10},{"not_picked":["Armaments","Power Through"],"picked":"Battle Trance","floor":11},{"not_picked":["Double Tap","Exhume"],"picked":"Feed","floor":16},{"not_picked":["Iron Wave","Cleave"],"picked":"Flex","floor":18},{"not_picked":["Cleave","True Grit"],"picked":"Disarm+1","floor":20},{"not_picked":["Inflame","Infernal Blade","Combust"],"picked":"SKIP","floor":22},{"not_picked":["Headbutt","Metallicize"],"picked":"Fire Breathing","floor":24}],"player_experience":1229302,"relics_obtained":[{"floor":4,"key":"Boot"},{"floor":7,"key":"Pear"},{"floor":10,"key":"Kunai"}],"event_choices":[{"cards_removed":["Defend_R"],"damage_healed":0,"gold_gain":0,"player_choice":"Card Removal","damage_taken":0,"max_hp_gain":0,"max_hp_loss":0,"event_name":"The Cleric","floor":3,"gold_loss":50},{"damage_healed":0,"gold_gain":175,"player_choice":"AGREE","damage_taken":0,"max_hp_gain":0,"max_hp_loss":0,"event_name":"Liars Game","floor":14,"gold_loss":0,"cards_obtained":["Doubt"]},{"damage_healed":0,"gold_gain":0,"player_choice":"Copied","damage_taken":0,"max_hp_gain":0,"max_hp_loss":0,"event_name":"Duplicator","floor":19,"gold_loss":0,"cards_obtained":["Inflame"]}],"is_beta":false,"boss_relics":[{"not_picked":["Coffee Dripper","Velvet Choker"],"picked":"Runic Pyramid"}],"items_purged_floors":[21],"is_endless":false,"potions_floor_spawned":[1,8,11,22],"killed_by":"Gremlin Leader","ascension_level":13}}