{"host":"4tf6m7aukoo0nksr","time":1613576190,"event":{"mods":["AchievementEnabler","BaseMod","Better Vampires","Colored Map","Colored Powertips","Minty Spire (QoL Compilation)","Permanent Neow","StSLib","SuperFastMode","The Marked","Waifu the Spire"],"gold_per_floor":[115,127,137,151,167,167,200,200,200,200,200],"floor_reached":10,"language":"ZHS","playtime":440,"items_purged":[],"score":77,"play_id":"0a9ddc16-b4fa-40cb-96ca-6823f68fd018","local_time":"20210217233630","is_ascension_mode":true,"campfire_choices":[{"floor":6.0,"key":"REST"},{"floor":8,"key":"REST"}],"circlet_count":0,"master_deck":["Strike_P","Strike_P","Strike_P","Strike_P","Defend_P","Defend_P","Defend_P","Defend_P","Eruption","Vigilance","Mayhem","Evaluate","ClearTheMind","Evaluate","Perseverance"],"relics":["PureWater","Dream Catcher","Singing Bowl"],"acts_visited":["Exordium"],"potions_floor_usage":[7,10],"damage_taken":[{"damage":0.0,"enemies":"Cultist","floor":1.0,"turns":2.0},{"damage":0.0,"enemies":"Jaw Worm","floor":2.0,"turns":4.0},{"damage":0.0,"enemies":"2 Louse","floor":3.0,"turns":4.0},{"damage":2.0,"enemies":"Blue Slaver","floor":4.0,"turns":6.0},{"damage":45.0,"enemies":"Gremlin Gang","floor":5.0,"turns":7.0},{"damage":19,"enemies":"Gremlin Nob","floor":7,"turns":5},{"damage":23,"enemies":"3 Sentries","floor":10,"turns":10}],"seed_played":"1522347241648239592","potions_obtained":[{"floor":2.0,"key":"Regen Potion"},{"floor":5.0,"key":"PowerPotion"},{"floor":7,"key":"Swift Potion"}],"is_trial":false,"path_per_floor":["M","M","M","M","M","R","E","R","T","E"],"character_chosen":"WATCHER","items_purchased":[],"campfire_rested":2,"item_purchase_floors":[],"current_hp_per_floor":[51,51,51,49,18,39,20,41,41,18,18],"gold":200,"neow_bonus":"RANDOM_COLORLESS_2","is_daily":false,"chose_seed":false,"campfire_upgraded":0,"win_rate":0.0,"timestamp":1613576190,"path_taken":["M","M","M","M","M","R","E","R","T","E"],"items_purchased_type":[],"build_version":"2020-12-22","purchased_purges":0,"victory":false,"max_hp_per_floor":[72,72,72,72,72,72,72,72,72,72,72],"card_choices":[{"not_picked":["Panache","Secret Technique"],"picked":"Mayhem","floor":0.0},{"not_picked":["CutThroughFate","SashWhip"],"picked":"Evaluate","floor":1.0},{"not_picked":["PathToVictory","InnerPeace"],"picked":"ClearTheMind","floor":2.0},{"not_picked":["Halt","SashWhip","PathToVictory"],"picked":"SKIP","floor":3.0},{"not_picked":["Conclude","WindmillStrike"],"picked":"Evaluate","floor":4.0},{"not_picked":["CrushJoints","Indignation","Meditate"],"picked":"SKIP","floor":5.0},{"not_picked":["MentalFortress","Protect"],"picked":"Perseverance","floor":7}],"player_experience":109948,"relics_obtained":[{"floor":7,"key":"Dream Catcher"},{"floor":9,"key":"Singing Bowl"}],"event_choices":[],"is_beta":false,"boss_relics":[],"items_purged_floors":[],"is_endless":false,"potions_floor_spawned":[2,5,7],"killed_by":"3 Sentries","ascension_level":2}}