{"host":"126yiuos2nq86se7","time":1613553555,"event":{"mods":["2.2 Compatiblity","AchievementEnabler","Act Like it!","BaseMod","Colored Map","Colored Powertips","Friendly Minions","Hermit","Highlight Path","KomeijiMod","Minty Spire (QoL Compilation)","StSLib","SuperFastMode","The Bug Knight","The Hierophant"],"gold_per_floor":[109,122,139,149,163,188,188,206,206,206,221,241,241,47,47,151,201,175,175,175],"floor_reached":19,"language":"ENG","playtime":688,"items_purged":["Strike_R"],"score":173,"play_id":"2014cdfb-5357-48d6-853f-74b72c621554","local_time":"20210217201915","is_ascension_mode":false,"campfire_choices":[{"floor":7,"key":"REST"},{"floor":10,"key":"REST"},{"floor":15,"key":"REST"}],"circlet_count":0,"master_deck":["Strike_R","Strike_R","Defend_R+1","Defend_R","Defend_R+1","Defend_R+1","Bash","Dropkick","Dual Wield","Dual Wield","Warcry","Uppercut","Fire Breathing","Second Wind","Juggernaut","Seeing Red","Inflame"],"relics":["Burning Blood","Vajra","Sundial","Tiny House"],"acts_visited":["Exordium","TheCity"],"potions_floor_usage":[6,6,16,16,16],"damage_taken":[{"damage":6,"enemies":"Cultist","floor":1,"turns":3},{"damage":3,"enemies":"Small Slimes","floor":2,"turns":5},{"damage":3,"enemies":"2 Louse","floor":3,"turns":5},{"damage":25,"enemies":"Gremlin Gang","floor":4,"turns":7},{"damage":17,"enemies":"2 Fungi Beasts","floor":5,"turns":5},{"damage":31,"enemies":"Lagavulin","floor":6,"turns":6},{"damage":4,"enemies":"Exordium Wildlife","floor":8,"turns":6},{"damage":11,"enemies":"Blue Slaver","floor":11,"turns":4},{"damage":12,"enemies":"Large Slime","floor":12,"turns":9},{"damage":19,"enemies":"Slime Boss","floor":16,"turns":5},{"damage":35,"enemies":"2 Thieves","floor":18,"turns":5},{"damage":61,"enemies":"3 Byrds","floor":19,"turns":5}],"seed_played":"5194510041444504663","potions_obtained":[{"floor":1,"key":"ColorlessPotion"},{"floor":2,"key":"Energy Potion"},{"floor":8,"key":"Swift Potion"},{"floor":11,"key":"SteroidPotion"},{"floor":12,"key":"Swift Potion"},{"floor":17,"key":"Energy Potion"},{"floor":18,"key":"Explosive Potion"}],"is_trial":false,"path_per_floor":["M","M","M","M","M","E","R","M","T","R","M","M","?","$","R","B",null,"M","M"],"character_chosen":"IRONCLAD","items_purchased":["Fire Breathing","Second Wind"],"campfire_rested":3,"item_purchase_floors":[14,14],"current_hp_per_floor":[56,59,62,43,32,7,31,33,33,57,52,46,30,30,54,41,85,56,0,0],"gold":175,"neow_bonus":"REMOVE_TWO","is_daily":false,"chose_seed":false,"campfire_upgraded":0,"win_rate":0.0,"timestamp":1613553555,"path_taken":["M","?","M","M","?","E","R","M","T","R","M","?","?","$","R","BOSS","M","M"],"items_purchased_type":["Card","Card"],"build_version":"2020-12-22","purchased_purges":1,"victory":false,"max_hp_per_floor":[80,80,80,80,80,80,80,80,80,80,80,80,80,80,80,80,85,85,85,85],"card_choices":[{"not_picked":["Flex","Twin Strike"],"picked":"Dropkick","floor":1},{"not_picked":["Perfected Strike","Entrench"],"picked":"Dual Wield","floor":2},{"not_picked":["Iron Wave","Entrench"],"picked":"Dual Wield","floor":3},{"not_picked":["Clash","Feed","Clothesline"],"picked":"SKIP","floor":4},{"not_picked":["Carnage","Intimidate"],"picked":"Warcry","floor":5},{"not_picked":["Perfected Strike","Entrench","Bloodletting"],"picked":"SKIP","floor":6},{"not_picked":["Pummel","Bloodletting","Sword Boomerang"],"picked":"SKIP","floor":8},{"not_picked":["Perfected Strike","Clothesline","Iron Wave"],"picked":"SKIP","floor":11},{"not_picked":["Clothesline","Bloodletting"],"picked":"Uppercut","floor":12},{"not_picked":["Bludgeon","Double Tap"],"picked":"Juggernaut","floor":16},{"not_picked":["Iron Wave","Intimidate"],"picked":"Seeing Red","floor":17},{"not_picked":["Pommel Strike","Uppercut"],"picked":"Inflame","floor":18}],"player_experience":1549367,"relics_obtained":[{"floor":6,"key":"Vajra"},{"floor":9,"key":"Sundial"}],"event_choices":[{"damage_healed":0,"gold_gain":0,"player_choice":"Entered Light","damage_taken":16,"max_hp_gain":0,"max_hp_loss":0,"event_name":"Shining Light","floor":13,"gold_loss":0,"cards_upgraded":["Defend_R","Defend_R"]}],"is_beta":false,"boss_relics":[{"not_picked":["Velvet Choker","Runic Cube"],"picked":"Tiny House"}],"items_purged_floors":[14],"is_endless":false,"potions_floor_spawned":[1,2,8,11,12,18],"killed_by":"3 Byrds","ascension_level":0}}