{"host":"g3bty4prdobmknyh","time":1613537645,"event":{"mods":["Act Like it!","Aspiration","BaseMod","Hermit","Minty Spire (QoL Compilation)","Pale of the Ancients","Replay The Spire","StSLib","The Blackbeard","The Hierophant","The Jungle"],"gold_per_floor":[112,112,130,142,142,142,178,198,223,39,60,98,98,137,137,267,267,288,38,38,38,38,38,38,69,94,134,149,149,173,188,188,307,307,327,347,680,700,717,717,743,743,743,743,777,518,518,550,550,550,550,563,563,549,549,567,567,307,307,307,307,307],"floor_reached":60,"language":"ENG","playtime":2669,"items_purged":["Regret","Writhe"],"score":1130,"play_id":"bf2ff237-1f66-4610-aadc-8ef9c3a9f557","local_time":"20210216235405","daily_mods":["SealedDeck","Colorless Cards","Heirloom","DeadlyEvents"],"is_ascension_mode":true,"campfire_choices":[{"data":"blackbeard:BeatUp","floor":6,"key":"SMITH"},{"floor":13,"key":"REST"},{"floor":15,"key":"REST"},{"floor":23,"key":"DIG"},{"data":"Mind Blast","floor":29,"key":"SMITH"},{"floor":32,"key":"DIG"},{"floor":40,"key":"REST"},{"floor":42,"key":"DIG"},{"floor":44,"key":"REST"},{"floor":49,"key":"REST"},{"floor":55,"key":"DIG"},{"floor":57,"key":"DIG"}],"circlet_count":0,"master_deck":["blackbeard:GoldenStrike","blackbeard:BlindAttacks","blackbeard:PiratesWill","blackbeard:Toast","blackbeard:FieryDefense","blackbeard:InfiniteBarrage","blackbeard:GoldenDefense+1","Mind Blast+1","blackbeard:BrownPants","blackbeard:BeatUp+1","blackbeard:RearmingStrike","blackbeard:Spear","Replay:Sssssssssshield","Metamorphosis","ReplayTheSpireMod:Brewmster","Jack Of All Trades","Specialist","Secret Technique","blackbeard:Spear+1","blackbeard:HumongousCannonball+1","blackbeard:WiseDefense+1","blackbeard:JollyRoger","blackbeard:Shrapnel","Swift Strike","blackbeard:Sharpening","blackbeard:Halberd","blackbeard:RearmingStrike+1","Panacea","blackbeard:Rum+1","Survey Options+1","Jack Of All Trades","blackbeard:BlindAttacks+1","blackbeard:Parrot","blackbeard:GoldenStrike+1","blackbeard:BeatUp+1","blackbeard:DoubleCannonball+1","blackbeard:GoldenCannonball+1","blackbeard:Fencing+1","blackbeard:GoldenGuillotine+1"],"relics":["blackbeard:LoadTheCannons","CaptainsWheel","Letter Opener","Replay:Bottled Steam","PreservedInsect","HornCleat","Akabeko","Replay:Bronze Core","Membership Card","Shovel","Replay:Baseball","Vajra","Replay:Wax Seal","Onion Ring","Nunchaku","Black Star","Ornamental Fan","Blue Doll","Smiling Mask","Iron Hammer","Molten Egg 2","Blue Candle","blackbeard:BloodOrange","Bag of Marbles","ReplayTheSpireMod:TigerMarble","Omamori","Orichalcum","paleoftheancients:Timepiece","Anchor","Gremlin Horn","paleoftheancients:SoulOfTheTimeEater","Replay:Ringing Soul","Replay:Multitool","War Paint","Replay:Towering Pillar of Hats"],"acts_visited":["Exordium","theJungle:Jungle","TheBeyond","TheBeyond"],"potions_floor_usage":[16,25,30,30,33,33,35,50,50,50,50,51,51,52,60,60,60],"damage_taken":[{"damage":3,"enemies":"Small Slimes","floor":1,"turns":3},{"damage":0,"enemies":"2 Louse","floor":3,"turns":2},{"damage":9,"enemies":"Jaw Worm","floor":4,"turns":3},{"damage":5,"enemies":"Lagavulin","floor":7,"turns":5},{"damage":0,"enemies":"Looter","floor":8,"turns":1},{"damage":10,"enemies":"Exordium Wildlife","floor":11,"turns":4},{"damage":17,"enemies":"Gremlin Nob","floor":12,"turns":4},{"damage":9,"enemies":"Replay:BlueRogue","floor":14,"turns":2},{"damage":9,"enemies":"Slime Boss","floor":16,"turns":6},{"damage":10,"enemies":"theJungle:Flameango_and_Byrd","floor":18,"turns":5},{"damage":0,"enemies":"theJungle:2_Phrogs","floor":25,"turns":5},{"damage":0,"enemies":"theJungle:MamaSnecko","floor":27,"turns":3},{"damage":0,"enemies":"theJungle:GiantWrat","floor":28,"turns":2},{"damage":0,"enemies":"theJungle:JungleHuntersEncounter","floor":30,"turns":4},{"damage":0,"enemies":"theJungle:2_Snecko_Cultists","floor":31,"turns":2},{"damage":21,"enemies":"theJungle:FunGuy","floor":33,"turns":9},{"damage":0,"enemies":"3 Darklings","floor":35,"turns":2},{"damage":6,"enemies":"3 Shapes","floor":36,"turns":2},{"damage":17,"enemies":"Maw","floor":38,"turns":6},{"damage":22,"enemies":"Writhing Mass","floor":39,"turns":4},{"damage":11,"enemies":"Giant Head","floor":41,"turns":5},{"damage":14,"enemies":"Reptomancer","floor":45,"turns":2},{"damage":0,"enemies":"R_Hoarder","floor":48,"turns":2},{"damage":47,"enemies":"Awakened One","floor":50,"turns":11},{"damage":104,"enemies":"Awakened One","floor":51,"turns":5},{"damage":32,"enemies":"Awakened One","floor":52,"turns":11},{"damage":0,"enemies":"Awakened One","floor":56,"turns":6},{"damage":89,"enemies":"paleoftheancients:N","floor":60,"turns":8}],"seed_played":"-4456711470224626857","potions_obtained":[{"floor":3,"key":"blackbeard:RumPotion"},{"floor":4,"key":"Strength Potion"},{"floor":8,"key":"SmokeBomb"},{"floor":14,"key":"CultistPotion"},{"floor":25,"key":"Toxic Potion"},{"floor":28,"key":"Fire Potion"},{"floor":56,"key":"Venom Potion"}],"is_trial":true,"path_per_floor":["M","?","M","M","?","R","E","M","T","$","M","E","R","E","R","B",null,"M","$","?","$","?","R","$","E","T","E","M","R","M","M","R","B",null,"M","M","?","M","M","R","E","R","T","R","E","$","T","E","R","B","M","M","?","$","R","M","R","$","?","B"],"character_chosen":"BLACKBEARD_CLASS","items_purchased":["ReplayTheSpireMod:Brewmster","Membership Card","blackbeard:HumongousCannonball+1","blackbeard:Parrot","blackbeard:BloodOrange","Bag of Marbles","blackbeard:GoldenStrike+1","blackbeard:GoldenCannonball+1","War Paint","blackbeard:GoldenGuillotine+1","Replay:Towering Pillar of Hats"],"campfire_rested":5,"item_purchase_floors":[10,19,19,46,46,46,46,54,58,58,58],"current_hp_per_floor":[72,72,72,63,45,45,40,40,40,40,30,13,35,26,48,39,75,65,65,67,67,67,67,67,67,67,67,67,67,67,67,67,46,75,75,69,69,52,30,52,41,41,41,63,49,49,49,49,71,75,75,59,67,67,67,74,74,77,77,0,0,0],"gold":307,"neow_bonus":"","is_daily":false,"chose_seed":false,"campfire_upgraded":2,"win_rate":0.0,"timestamp":1613537645,"path_taken":["M","?","M","M","?","R","E","M","T","$","?","E","R","?","R","BOSS","M","$","?","$","?","R","$","E","T","E","?","R","M","M","R","BOSS","M","M","?","?","?","R","E","R","T","R","?","$","?","?","R","BOSS","M","M","?","$","R","M","R","$","?","BOSS"],"items_purchased_type":["Card","Relic","Card","Card","Relic","Relic","Card","Card","Relic","Card","Relic"],"build_version":"2020-12-22","purchased_purges":2,"victory":false,"max_hp_per_floor":[75,75,75,75,75,75,75,75,75,75,75,75,75,75,75,75,75,75,75,75,75,75,75,75,75,75,75,75,75,75,75,75,75,75,75,75,75,75,75,75,75,75,75,75,75,75,75,75,75,75,75,75,75,75,75,78,78,81,81,81,81,81],"card_choices":[{"not_picked":["blackbeard:Toast","blackbeard:Dagger"],"picked":"blackbeard:RearmingStrike","floor":1},{"not_picked":["blackbeard:WoodenLeg","blackbeard:PiratesWill"],"picked":"blackbeard:Spear","floor":3},{"not_picked":["blackbeard:RearmingStrike","blackbeard:Dagger"],"picked":"Replay:Sssssssssshield","floor":4},{"not_picked":["Jack Of All Trades","blackbeard:FishingNets"],"picked":"Metamorphosis","floor":7},{"not_picked":["blackbeard:SwordDance","blackbeard:FieryDefense","blackbeard:Fencing"],"picked":"SKIP","floor":8},{"not_picked":["blackbeard:DeadlyArsenal","blackbeard:TacticalRetreat"],"picked":"Jack Of All Trades","floor":11},{"not_picked":["blackbeard:Shrapnel","blackbeard:JollyRoger"],"picked":"Specialist","floor":12},{"not_picked":["ReplayTheSpireMod:Brewmster","blackbeard:PiratesWill","blackbeard:Eyepatch"],"picked":"SKIP","floor":14},{"not_picked":["blackbeard:UndeadForm","Mayhem"],"picked":"Secret Technique","floor":16},{"not_picked":["blackbeard:CloakAndCannonball","Impatience"],"picked":"blackbeard:Spear","floor":18},{"not_picked":["blackbeard:BrownPants","blackbeard:RemoveScurvy"],"picked":"blackbeard:WiseDefense+1","floor":25},{"not_picked":["blackbeard:WeaponProficiency","Secret Weapon"],"picked":"blackbeard:JollyRoger","floor":27},{"not_picked":["blackbeard:BeatUp","Blind"],"picked":"blackbeard:Shrapnel","floor":28},{"not_picked":["blackbeard:FieryDefense","blackbeard:GoldenDefense"],"picked":"Swift Strike","floor":30},{"not_picked":["blackbeard:WiseDefense","Blind"],"picked":"blackbeard:Sharpening","floor":31},{"not_picked":["Mayhem","blackbeard:HumongousCannonball"],"picked":"blackbeard:Halberd","floor":33},{"not_picked":["blackbeard:Toast","blackbeard:BrownPants+1"],"picked":"blackbeard:RearmingStrike+1","floor":35},{"not_picked":["blackbeard:RearmingStrike+1","blackbeard:BuriedTreasure"],"picked":"Panacea","floor":36},{"not_picked":["blackbeard:InfiniteBarrage","blackbeard:FieryDefense+1"],"picked":"blackbeard:Rum+1","floor":38},{"not_picked":["blackbeard:BlindAttacks","blackbeard:DoubleCannonball"],"picked":"Survey Options+1","floor":39},{"not_picked":["blackbeard:Sharpening+1","blackbeard:Dagger"],"picked":"Jack Of All Trades","floor":41},{"not_picked":["blackbeard:SwordDance+1","blackbeard:Fencing"],"picked":"blackbeard:BlindAttacks+1","floor":45},{"not_picked":["blackbeard:RearmingStrike+1","blackbeard:ReapersScythe"],"picked":"blackbeard:BeatUp+1","floor":48},{"not_picked":["blackbeard:WiseDefense","blackbeard:Toast+1"],"picked":"blackbeard:DoubleCannonball+1","floor":52},{"not_picked":["blackbeard:Dagger","blackbeard:PiratesWill+1"],"picked":"blackbeard:Fencing+1","floor":56}],"player_experience":950984,"relics_obtained":[{"floor":7,"key":"Replay:Bottled Steam"},{"floor":9,"key":"PreservedInsect"},{"floor":12,"key":"HornCleat"},{"floor":14,"key":"Akabeko"},{"floor":23,"key":"Replay:Baseball"},{"floor":25,"key":"Vajra"},{"floor":26,"key":"Replay:Wax Seal"},{"floor":27,"key":"Onion Ring"},{"floor":32,"key":"Nunchaku"},{"floor":41,"key":"Ornamental Fan"},{"floor":41,"key":"Blue Doll"},{"floor":42,"key":"Smiling Mask"},{"floor":43,"key":"Iron Hammer"},{"floor":45,"key":"Molten Egg 2"},{"floor":45,"key":"Blue Candle"},{"floor":47,"key":"ReplayTheSpireMod:TigerMarble"},{"floor":48,"key":"Omamori"},{"floor":48,"key":"Orichalcum"},{"floor":52,"key":"paleoftheancients:SoulOfTheTimeEater"},{"floor":55,"key":"Replay:Ringing Soul"},{"floor":57,"key":"Replay:Multitool"}],"event_choices":[{"damage_healed":0,"gold_gain":0,"player_choice":"Box","damage_taken":0,"relics_obtained":["Letter Opener"],"max_hp_gain":0,"max_hp_loss":0,"event_name":"Big Fish","floor":2,"gold_loss":0,"cards_obtained":["Regret"]},{"damage_healed":0,"gold_gain":0,"player_choice":"Take Damage","damage_taken":18,"relics_obtained":["Golden Idol"],"max_hp_gain":0,"max_hp_loss":0,"event_name":"Golden Idol","floor":5,"gold_loss":0},{"damage_healed":0,"gold_gain":333,"player_choice":"Gave Idol","damage_taken":0,"max_hp_gain":0,"max_hp_loss":0,"event_name":"The Moai Head","floor":37,"relics_lost":["Golden Idol"],"gold_loss":0}],"is_beta":false,"boss_relics":[{"not_picked":["Astrolabe","aspiration:SecretTechniqueScroll"],"picked":"Replay:Bronze Core"},{"not_picked":["Cursed Key","aspiration:DefectSkillbook"],"picked":"Black Star"}],"items_purged_floors":[19,46],"is_endless":false,"potions_floor_spawned":[3,4,8,12,14,25,28,30,41,45,51,56],"killed_by":"paleoftheancients:N","ascension_level":1}}