{"host":"cd7awanv0x2msn9z","time":1613545174,"event":{"mods":["BaseMod","Downfall","Minty Spire (QoL Compilation)","Replay The Spire","StSLib","SuperFastMode"],"gold_per_floor":[109,109,119,119,119,149,149,168,168,199,41,41,61,78,78,183,183,198,123,123,0,15,15,33,33,80,107,119,156,168,168],"floor_reached":30,"language":"ZHS","playtime":2474,"items_purged":["Strike_G"],"score":323,"play_id":"bce11d9f-48b8-418f-953a-af808fbec58e","local_time":"20210217145934","is_ascension_mode":true,"campfire_choices":[{"data":"Bane","floor":7.0,"key":"SMITH"},{"data":"Deep Breath","floor":15.0,"key":"SMITH"},{"data":"Catalyst","floor":23.0,"key":"SMITH"},{"data":"Adrenaline","floor":25.0,"key":"SMITH"}],"circlet_count":0,"master_deck":["Strike_G+1","Strike_G","Strike_G","Strike_G","Defend_G","Defend_G","Survivor","Neutralize+1","Bane+1","Tactician","Burst","Deadly Poison","Poisoned Stab","Poisoned Stab+1","Poisoned Strike","Dark Shackles","Deep Breath+1","Leg Sweep","Adrenaline+1","Acrobatics+1","Deflect+1","Deflect+1","Catalyst+1","Toxin Wave","Toxin Wave","Underhanded Strike","Bane+1"],"relics":["Ring of the Snake","NeowsBlessing","Mummified Hand","Replay:Kaleidoscope","Onion Ring","Blue Doll","ReplayTheSpireMod:ShopPack","Astrolabe","MawBank","MutagenicStrength","TungstenRod"],"acts_visited":["Exordium","TheCity"],"potions_floor_usage":[29,29],"damage_taken":[{"damage":0.0,"enemies":"Cultist","floor":1.0,"turns":1.0},{"damage":0.0,"enemies":"2 Louse","floor":3.0,"turns":1.0},{"damage":0.0,"enemies":"Lagavulin","floor":6.0,"turns":1.0},{"damage":3.0,"enemies":"Jaw Worm","floor":8.0,"turns":6.0},{"damage":43.0,"enemies":"Gremlin Nob","floor":10.0,"turns":6.0},{"damage":1.0,"enemies":"Looter","floor":13.0,"turns":2.0},{"damage":0.0,"enemies":"2 Fungi Beasts","floor":14.0,"turns":4.0},{"damage":1.0,"enemies":"Hexaghost","floor":16.0,"turns":8.0},{"damage":0.0,"enemies":"Chosen","floor":18.0,"turns":3.0},{"damage":7.0,"enemies":"Spheric Guardian","floor":22.0,"turns":3.0},{"damage":15.0,"enemies":"Snake Plant","floor":24.0,"turns":3.0},{"damage":12.0,"enemies":"3 Cultists","floor":27.0,"turns":4.0},{"damage":12,"enemies":"Slavers","floor":29,"turns":4},{"damage":11,"enemies":"Sentry and Sphere","floor":30,"turns":4}],"seed_played":"-7480934221038777608","potions_obtained":[{"floor":3.0,"key":"Reflective Coating"},{"floor":13.0,"key":"Toxic Potion"},{"floor":16.0,"key":"Swift Potion"},{"floor":24.0,"key":"FearPotion"}],"is_trial":false,"path_per_floor":["M","$","M","?","T","E","R","M","T","E","$","?","M","M","R","B",null,"M","$","?","$","M","R","M","R","T","M","?","E","M"],"character_chosen":"THE_SILENT","items_purchased":["Poisoned Stab","ReplayTheSpireMod:ShopPack","Catalyst","Toxin Wave","Energy Potion"],"campfire_rested":0,"item_purchase_floors":[11,11,19,19,21],"current_hp_per_floor":[70,70,70,70,70,70,70,67,67,24,24,10,9,9,9,8,70,70,70,57,57,50,50,35,35,35,23,23,11,0,0],"gold":168,"neow_bonus":"THREE_ENEMY_KILL","is_daily":false,"chose_seed":false,"campfire_upgraded":4,"win_rate":0.0,"timestamp":1613545174,"path_taken":["M","?","M","?","?","E","R","M","T","E","$","?","M","M","R","BOSS","M","$","?","$","M","R","M","R","T","M","?","E","M"],"items_purchased_type":["Card","Relic","Card","Card","Potion"],"build_version":"2020-12-22","purchased_purges":1,"victory":false,"max_hp_per_floor":[70,70,70,70,70,70,70,70,70,70,70,70,70,70,70,70,70,70,70,75,75,75,75,75,75,75,75,75,75,75,75],"card_choices":[{"not_picked":["Dagger Throw","Sucker Punch"],"picked":"Bane","floor":1.0},{"not_picked":["Flying Knee","ReplayTheSpireMod:Shiv Toss","Fluid Movement"],"picked":"SKIP","floor":3.0},{"not_picked":["Sneak Up","Dagger Spray"],"picked":"Tactician","floor":6.0},{"not_picked":["Eviscerate","Accuracy"],"picked":"Burst","floor":8.0},{"not_picked":["Footwork","Outmaneuver"],"picked":"Deadly Poison","floor":10.0},{"not_picked":["Chrysalis","Crow Ritual"],"picked":"Poisoned Strike","floor":11.0},{"not_picked":["The Bomb","Replay:BasicMightCard"],"picked":"Dark Shackles","floor":11.0},{"not_picked":["Dramatic Entrance","Replay:Parry"],"picked":"Deep Breath","floor":11.0},{"not_picked":["Prepared","Distraction"],"picked":"Leg Sweep","floor":13.0},{"not_picked":["Terror","Flying Knee","Expertise"],"picked":"SKIP","floor":14.0},{"not_picked":["After Image","Night Terror"],"picked":"Adrenaline","floor":16.0},{"not_picked":["Well Laid Plans+1","ReplayTheSpireMod:Tripwire","Choke"],"picked":"SKIP","floor":18.0},{"not_picked":["Acrobatics","Deflect"],"picked":"Underhanded Strike","floor":22.0},{"not_picked":["Underhanded Strike","Riddle With Holes","Outmaneuver"],"picked":"SKIP","floor":24.0},{"not_picked":["Blade Dance","Bouncing Flask","Acrobatics"],"picked":"SKIP","floor":27.0},{"not_picked":["Deflect","Wraith Form v2"],"picked":"Bane+1","floor":29}],"player_experience":75865,"relics_obtained":[{"floor":5.0,"key":"Mummified Hand"},{"floor":6.0,"key":"Replay:Kaleidoscope"},{"floor":9.0,"key":"Onion Ring"},{"floor":10.0,"key":"Blue Doll"},{"floor":26.0,"key":"MawBank"},{"floor":29,"key":"TungstenRod"}],"event_choices":[{"damage_healed":0.0,"max_hp_gain":0.0,"max_hp_loss":0.0,"gold_gain":0.0,"event_name":"Shining Light","player_choice":"Entered Light","floor":12.0,"gold_loss":0.0,"damage_taken":14.0,"cards_upgraded":["Poisoned Stab","Strike_G"]},{"damage_healed":0.0,"max_hp_gain":5.0,"max_hp_loss":0.0,"gold_gain":0.0,"event_name":"Forgotten Altar","player_choice":"Shed Blood","floor":20.0,"gold_loss":0.0,"damage_taken":18.0},{"damage_healed":0.0,"max_hp_gain":0.0,"max_hp_loss":0.0,"gold_gain":0.0,"event_name":"Drug Dealer","player_choice":"Inject Mutagens","floor":28.0,"gold_loss":0.0,"damage_taken":0.0,"relics_obtained":["MutagenicStrength"]}],"is_beta":false,"boss_relics":[{"not_picked":["Ectoplasm","SacredBark"],"picked":"Astrolabe"}],"items_purged_floors":[21],"is_endless":false,"potions_floor_spawned":[3,13,16,24],"killed_by":"Sentry and Sphere","ascension_level":1}}