{"host":"8ztb9kwpjc2zof9s","time":1613539910,"event":{"mods":["BaseMod","Block Reminder","Curses Come First","Minty Spire (QoL Compilation)","Relic Stats","StSLib"],"gold_per_floor":[116,41,41,41,59,59,59],"floor_reached":6,"language":"ENG","playtime":224,"items_purged":["Strike_P"],"score":39,"play_id":"5ede15d5-1ee8-4c05-bafd-191ec00f4008","local_time":"20210216213150","is_ascension_mode":true,"campfire_choices":[],"circlet_count":0,"master_deck":["Strike_P","Strike_P","Strike_P","Defend_P","Defend_P","Defend_P","Defend_P+1","Eruption","Vigilance","LessonLearned","Perseverance"],"relics":["PureWater","Golden Idol","Question Card"],"acts_visited":["Exordium"],"potions_floor_usage":[5],"damage_taken":[{"damage":2,"enemies":"Cultist","floor":1,"turns":4},{"damage":0,"enemies":"Small Slimes","floor":5,"turns":4},{"damage":31,"enemies":"3 Sentries","floor":6,"turns":7}],"seed_played":"-2733920999800407176","potions_obtained":[{"floor":1,"key":"Energy Potion"}],"is_trial":false,"path_per_floor":["M","$","?","?","M","E"],"character_chosen":"WATCHER","items_purchased":[],"campfire_rested":0,"item_purchase_floors":[],"current_hp_per_floor":[49,49,49,31,31,0,0],"gold":59,"neow_bonus":"THREE_RARE_CARDS","is_daily":false,"chose_seed":false,"campfire_upgraded":0,"win_rate":0.0,"timestamp":1613539910,"path_taken":["M","$","?","?","M","E"],"items_purchased_type":[],"build_version":"2020-12-22","purchased_purges":1,"victory":false,"max_hp_per_floor":[72,72,67,67,67,67,67],"relic_stats":{"counters":[3,15],"Golden Idol":4,"Question Card":1,"obtain_stats":[{"Golden Idol":3,"PureWater":0,"Question Card":4},{"Golden Idol":1,"PureWater":0,"Question Card":1},{"Golden Idol":4,"PureWater":0,"Question Card":4}]},"card_choices":[{"not_picked":["Omniscience","Judgement"],"picked":"LessonLearned","floor":0},{"not_picked":["Prostrate","WreathOfFlame"],"picked":"Perseverance","floor":1},{"not_picked":["Consecrate","Swivel","FlurryOfBlows","JustLucky"],"picked":"SKIP","floor":5}],"player_experience":352149,"relics_obtained":[],"event_choices":[{"damage_healed":0,"gold_gain":0,"player_choice":"Lose Max HP","damage_taken":0,"relics_obtained":["Golden Idol"],"max_hp_gain":0,"max_hp_loss":5,"event_name":"Golden Idol","floor":3,"gold_loss":0},{"damage_healed":0,"gold_gain":0,"player_choice":"Success","damage_taken":18,"relics_obtained":["Question Card"],"max_hp_gain":0,"max_hp_loss":0,"event_name":"Scrap Ooze","floor":4,"gold_loss":0}],"is_beta":false,"boss_relics":[],"items_purged_floors":[2],"is_endless":false,"potions_floor_spawned":[1],"killed_by":"3 Sentries","ascension_level":3}}