{"host":"ohuqxemsk44kggmp","time":1613557424,"event":{"mods":["AchievementEnabler","BaseMod","Colored Powertips","Minty Spire (QoL Compilation)","Replay The Spire","Shapeshifter Mod","StSLib"],"gold_per_floor":[113,113,128,8,8,35,35,61,86,86,98,98,173,187,187,290,290,302,106,106,124,139,168,180,205,231,245,255,255,274,374,374,478,478,496,511,166,166,178,206,206,206,229,229,255,255,280,294,294,294,294,294,43,75,75],"floor_reached":56,"language":"ENG","playtime":5552,"items_purged":["StSShapeShifter:ShapeShifter_Strike","StSShapeShifter:ShapeShifter_Defend","StSShapeShifter:ShapeShifter_Strike"],"score":1435,"play_id":"ed215914-65d5-4cd4-b005-56fd7e6b0ce1","local_time":"20210217112344","is_ascension_mode":false,"campfire_choices":[{"data":"StSShapeShifter:PoisonIvy","floor":7.0,"key":"SMITH"},{"data":"StSShapeShifter:Earthquake","floor":10.0,"key":"SMITH"},{"data":"StSShapeShifter:RatForm","floor":12.0,"key":"SMITH"},{"floor":15.0,"key":"REST"},{"floor":29.0,"key":"REST"},{"floor":32.0,"key":"RECALL"},{"data":"StSShapeShifter:Ensconce","floor":42.0,"key":"SMITH"},{"floor":44.0,"key":"REST"},{"data":"StSShapeShifter:LionForm","floor":49,"key":"SMITH"},{"data":"StSShapeShifter:LionForm","floor":52,"key":"SMITH"}],"circlet_count":0,"master_deck":["StSShapeShifter:ShapeShifter_Strike","StSShapeShifter:ShapeShifter_Strike","StSShapeShifter:ShapeShifter_Strike","StSShapeShifter:ShapeShifter_Defend+1","StSShapeShifter:ShapeShifter_Defend+1","StSShapeShifter:ShapeShifter_Defend+1","StSShapeShifter:ShapeShifter_Defend+1","StSShapeShifter:Tortoise_Form","StSShapeShifter:Lynx_Form","StSShapeShifter:PoisonIvy+1","StSShapeShifter:AdaptiveStrikes","StSShapeShifter:IntimidatingAura+1","StSShapeShifter:Earthquake+1","StSShapeShifter:RatForm+1","StSShapeShifter:BladeOfGrass","StSShapeShifter:LionForm+1","StSShapeShifter:BurstingSpore+1","StSShapeShifter:BulwarkOfDiscovery+1","StSShapeShifter:WaspSwarmForm+1","StSShapeShifter:ReplenishingNectar+1","StSShapeShifter:Ensconce+1","StSShapeShifter:Roar","Pot Of Greed","Pot Of Greed","StSShapeShifter:VineHandcuffs+1","Pot Of Greed","StSShapeShifter:Efflorescence","StSShapeShifter:BarkSkin+1","StSShapeShifter:Guard+1","StSShapeShifter:LionForm+1","StSShapeShifter:BloomingSlash+1","StSShapeShifter:Synchronicity+1","StSShapeShifter:UnicornForm","StSShapeShifter:BulwarkOfDiscovery","StSShapeShifter:VineHandcuffs+1","StSShapeShifter:WaspSwarmForm","StSShapeShifter:Efflorescence+1","Specialist+1","Pot Of Greed","StSShapeShifter:BurstingSpore+1"],"relics":["StSShapeShifter:AnimalHeart","StSShapeShifter:TheShapeShiftersMagnolia","Smiling Mask","Ring of Peace","Blue Doll","Replay:Wax Seal","Black Star","Blood Vial","MealTicket","Oddly Smooth Stone","Bag of Preparation","Replay:Bottled Eggs","Grinning Jar","StSShapeShifter:AlarmClock","StSShapeShifter:LoyalLobster","ChewingGum","Molten Egg 2","Replay:Baseball","Frozen Egg 2","ReplayTheSpireMod:Lightbulb","Chameleon Ring","StSShapeShifter:EmeraldPantherFigurine","Nunchaku","Shuriken","Guide Book","Torii","StSShapeShifter:WristwrapsOfDiscovery"],"acts_visited":["Exordium","TheCity","TheBeyond","TheEnding"],"potions_floor_usage":[55,55],"damage_taken":[{"damage":1.0,"enemies":"Cultist","floor":1.0,"turns":4.0},{"damage":3.0,"enemies":"Jaw Worm","floor":3.0,"turns":4.0},{"damage":20.0,"enemies":"Lagavulin","floor":6.0,"turns":11.0},{"damage":9.0,"enemies":"3 Sentries","floor":8.0,"turns":3.0},{"damage":0.0,"enemies":"2 Louse","floor":11.0,"turns":1.0},{"damage":0.0,"enemies":"2 Fungi Beasts","floor":14.0,"turns":2.0},{"damage":0.0,"enemies":"Slime Boss","floor":16.0,"turns":7.0},{"damage":11.0,"enemies":"Chosen","floor":18.0,"turns":6.0},{"damage":0.0,"enemies":"2 Thieves","floor":21.0,"turns":3.0},{"damage":19.0,"enemies":"Snake Plant","floor":22.0,"turns":4.0},{"damage":32.0,"enemies":"Gremlin Leader","floor":23.0,"turns":7.0},{"damage":5.0,"enemies":"Chosen and Byrds","floor":24.0,"turns":5.0},{"damage":14.0,"enemies":"Replay:Snechameleon","floor":25.0,"turns":5.0},{"damage":11.0,"enemies":"Centurion and Healer","floor":27.0,"turns":6.0},{"damage":5.0,"enemies":"3 Cultists","floor":28.0,"turns":4.0},{"damage":7.0,"enemies":"Cultist and Chosen","floor":30.0,"turns":5.0},{"damage":9.0,"enemies":"Colosseum Slavers","floor":31.0,"turns":5.0},{"damage":6.0,"enemies":"Colosseum Nobs","floor":31.0,"turns":5.0},{"damage":41.0,"enemies":"Automaton","floor":33.0,"turns":12.0},{"damage":2.0,"enemies":"3 Shapes","floor":35.0,"turns":6.0},{"damage":24.0,"enemies":"Orb Walker","floor":36.0,"turns":6.0},{"damage":22.0,"enemies":"Maw","floor":39.0,"turns":10.0},{"damage":50.0,"enemies":"Reptomancer","floor":40.0,"turns":10.0},{"damage":0.0,"enemies":"Nemesis","floor":45.0,"turns":9.0},{"damage":0,"enemies":"R_Hoarder","floor":47,"turns":10},{"damage":22,"enemies":"Transient","floor":48,"turns":5},{"damage":23,"enemies":"Time Eater","floor":50,"turns":15},{"damage":13,"enemies":"Shield and Spear","floor":54,"turns":9},{"damage":44,"enemies":"The Heart","floor":55,"turns":8}],"seed_played":"1820109740107128094","potions_obtained":[{"floor":6.0,"key":"Venom Potion"},{"floor":14.0,"key":"SkillPotion"},{"floor":22.0,"key":"Swift Potion"},{"floor":28.0,"key":"SteroidPotion"},{"floor":30.0,"key":"PowerPotion"},{"floor":36.0,"key":"BlessingOfTheForge"},{"floor":39.0,"key":"PowerPotion"}],"is_trial":false,"path_per_floor":["M","?","M","$","?","E","R","E","T","R","M","R","?","M","R","B",null,"M","$","?","M","M","E","M","E","T","M","M","R","M","?","R","B",null,"M","M","$","?","M","E","?","R","T","R","E","?","E","M","R","B",null,"R","$","E","B",null],"character_chosen":"SHAPESHIFTER","items_purchased":["StSShapeShifter:IntimidatingAura","Blood Vial","StSShapeShifter:Synchronicity+1","Molten Egg 2","Guide Book","Specialist+1"],"campfire_rested":3,"item_purchase_floors":[4,19,37,37,53,53],"current_hp_per_floor":[84,77,74,74,74,54,54,45,45,45,45,45,34,34,59,59,85,74,74,74,76,59,30,30,23,23,21,27,52,58,60,60,36,85,83,61,76,76,63,35,35,35,35,60,85,85,85,63,63,65,85,85,85,82,40],"gold":75,"neow_bonus":"TEN_PERCENT_HP_BONUS","is_daily":false,"chose_seed":false,"campfire_upgraded":6,"win_rate":0.0,"timestamp":1613557424,"path_taken":["M","?","M","$","?","E","R","E","T","R","M","R","?","M","R","BOSS","M","$","?","?","M","E","M","E","T","M","M","R","M","?","R","BOSS","M","M","$","?","M","E","?","R","T","R","E","?","E","?","R","BOSS","R","$","E","BOSS"],"items_purchased_type":["Card","Relic","Card","Relic","Relic","Card"],"build_version":"2020-12-22","purchased_purges":3,"victory":true,"max_hp_per_floor":[85,85,85,85,85,85,85,85,85,85,85,85,85,85,85,85,85,85,85,85,85,85,85,85,85,85,85,85,85,85,85,85,85,85,85,85,85,85,85,85,85,85,85,85,85,85,85,85,85,85,85,85,85,85,85],"card_choices":[{"not_picked":["StSShapeShifter:ThornToss","StSShapeShifter:Mystical_Branch"],"picked":"StSShapeShifter:PoisonIvy","floor":1.0},{"not_picked":["StSShapeShifter:IntimidatingAura","StSShapeShifter:Roar"],"picked":"StSShapeShifter:AdaptiveStrikes","floor":3.0},{"not_picked":["StSShapeShifter:ShiftingStrike","StSShapeShifter:FesteringBite"],"picked":"StSShapeShifter:Earthquake","floor":6.0},{"not_picked":["StSShapeShifter:FallingLeaves","StSShapeShifter:ThornToss","StSShapeShifter:Rest"],"picked":"SKIP","floor":8.0},{"not_picked":["StSShapeShifter:Bonk","StSShapeShifter:ThornToss"],"picked":"StSShapeShifter:RatForm","floor":11.0},{"not_picked":["StSShapeShifter:EmbraceTheCycle","StSShapeShifter:FlowerShield"],"picked":"StSShapeShifter:BladeOfGrass","floor":14.0},{"not_picked":["StSShapeShifter:FullMoon","StSShapeShifter:BurstOfLifeEscapeDeath"],"picked":"StSShapeShifter:LionForm","floor":16.0},{"not_picked":["StSShapeShifter:Rest","StSShapeShifter:SunflowerShuriken"],"picked":"StSShapeShifter:BurstingSpore+1","floor":18.0},{"not_picked":["StSShapeShifter:BearForm+1","StSShapeShifter:OakBlade"],"picked":"StSShapeShifter:WaspSwarmForm+1","floor":21.0},{"not_picked":["StSShapeShifter:Ensconce","StSShapeShifter:OakBlade"],"picked":"StSShapeShifter:ReplenishingNectar+1","floor":22.0},{"not_picked":["StSShapeShifter:RockSlide","StSShapeShifter:Maul"],"picked":"StSShapeShifter:Ensconce","floor":23.0},{"not_picked":["StSShapeShifter:DiverseSpirit+1","StSShapeShifter:Rest"],"picked":"StSShapeShifter:Roar","floor":24.0},{"not_picked":["StSShapeShifter:HummingbirdForm+1","StSShapeShifter:DeepWound","StSShapeShifter:SquirrelForm"],"picked":"SKIP","floor":25.0},{"not_picked":["StSShapeShifter:Consume","StSShapeShifter:GoldenBerries"],"picked":"StSShapeShifter:VineHandcuffs+1","floor":27.0},{"not_picked":["StSShapeShifter:VineHandcuffs","StSShapeShifter:Maul"],"picked":"StSShapeShifter:Efflorescence","floor":28.0},{"not_picked":["StSShapeShifter:RhinoCalfForm","StSShapeShifter:Rest"],"picked":"StSShapeShifter:BarkSkin+1","floor":30.0},{"not_picked":["StSShapeShifter:BladeOfGrass","StSShapeShifter:FlowerShield"],"picked":"StSShapeShifter:Guard+1","floor":31.0},{"not_picked":["StSShapeShifter:Winter","StSShapeShifter:RitualOfTheElders"],"picked":"StSShapeShifter:LionForm","floor":33.0},{"not_picked":["StSShapeShifter:FlowerShield+1","StSShapeShifter:PoisonIvy","StSShapeShifter:ThornToss+1"],"picked":"SKIP","floor":35.0},{"not_picked":["StSShapeShifter:LeapingSlash+1","StSShapeShifter:ThornToss+1"],"picked":"StSShapeShifter:BloomingSlash+1","floor":36.0},{"not_picked":["StSShapeShifter:DeerForm+1","StSShapeShifter:Guard"],"picked":"StSShapeShifter:BulwarkOfDiscovery","floor":39.0},{"not_picked":["StSShapeShifter:Bonk+1","StSShapeShifter:AdaptiveStrikes+1"],"picked":"StSShapeShifter:VineHandcuffs+1","floor":40.0},{"not_picked":["StSShapeShifter:VineHandcuffs","StSShapeShifter:FullMoon+1"],"picked":"StSShapeShifter:WaspSwarmForm","floor":45.0},{"not_picked":["StSShapeShifter:WiltingWrath+1","StSShapeShifter:ThornToss+1"],"picked":"StSShapeShifter:Efflorescence+1","floor":47},{"not_picked":["StSShapeShifter:EntForm+1","StSShapeShifter:BarkSkin+1","StSShapeShifter:Rabid+1"],"picked":"SKIP","floor":48},{"not_picked":["StSShapeShifter:Hunt+1","StSShapeShifter:PantherForm+1"],"picked":"StSShapeShifter:BurstingSpore+1","floor":54}],"player_experience":591383,"relics_obtained":[{"floor":5.0,"key":"Ring of Peace"},{"floor":6.0,"key":"Blue Doll"},{"floor":8.0,"key":"Replay:Wax Seal"},{"floor":23.0,"key":"MealTicket"},{"floor":23.0,"key":"Oddly Smooth Stone"},{"floor":25.0,"key":"Bag of Preparation"},{"floor":25.0,"key":"Replay:Bottled Eggs"},{"floor":26.0,"key":"Grinning Jar"},{"floor":31.0,"key":"StSShapeShifter:AlarmClock"},{"floor":31.0,"key":"StSShapeShifter:LoyalLobster"},{"floor":40.0,"key":"Replay:Baseball"},{"floor":40.0,"key":"Frozen Egg 2"},{"floor":43.0,"key":"ReplayTheSpireMod:Lightbulb"},{"floor":45.0,"key":"Chameleon Ring"},{"floor":45.0,"key":"StSShapeShifter:EmeraldPantherFigurine"},{"floor":47,"key":"Nunchaku"},{"floor":47,"key":"Shuriken"},{"floor":54,"key":"Torii"},{"floor":54,"key":"StSShapeShifter:WristwrapsOfDiscovery"}],"event_choices":[{"damage_healed":0.0,"max_hp_gain":0.0,"max_hp_loss":0.0,"gold_gain":0.0,"event_name":"Scrap Ooze","player_choice":"Success","floor":2.0,"gold_loss":0.0,"damage_taken":7.0,"relics_obtained":["Smiling Mask"]},{"damage_healed":0.0,"max_hp_gain":0.0,"max_hp_loss":0.0,"gold_gain":75.0,"event_name":"World of Goop","player_choice":"Gather Gold","floor":13.0,"gold_loss":0.0,"damage_taken":11.0},{"damage_healed":0.0,"max_hp_gain":0.0,"max_hp_loss":0.0,"gold_gain":0.0,"event_name":"Match and Keep!","player_choice":"1 cards matched","floor":20.0,"gold_loss":0.0,"damage_taken":0.0,"cards_obtained":["StSShapeShifter:BulwarkOfDiscovery"]},{"damage_healed":0.0,"max_hp_gain":0.0,"max_hp_loss":0.0,"gold_gain":0.0,"event_name":"Colosseum","player_choice":"Fight","floor":31.0,"gold_loss":0.0,"damage_taken":0.0},{"damage_healed":0.0,"max_hp_gain":0.0,"max_hp_loss":0.0,"gold_gain":0.0,"event_name":"Colosseum","player_choice":"Fought Nobs","floor":31.0,"gold_loss":0.0,"damage_taken":0.0},{"damage_healed":0.0,"max_hp_gain":0.0,"max_hp_loss":0.0,"gold_gain":0.0,"event_name":"The Moai Head","player_choice":"Ignored","floor":41.0,"gold_loss":0.0,"damage_taken":0.0},{"damage_healed":0,"gold_gain":0,"player_choice":"Bought 0 Potions","damage_taken":0,"max_hp_gain":0,"max_hp_loss":0,"event_name":"The Woman in Blue","floor":46,"gold_loss":0}],"is_beta":false,"boss_relics":[{"not_picked":["Replay:Wanted Poster","Pandora\u0027s Box"],"picked":"Black Star"},{"not_picked":["ReplayTheSpireMod:DimensionalGlitch","Painkiller Herb"],"picked":"ChewingGum"}],"items_purged_floors":[4,19,37],"is_endless":false,"potions_floor_spawned":[6,14,22,28,30,31,33,36,39,45,48],"ascension_level":0}}