{"host":"c83fcgyuu74iknko","time":1613533216,"event":{"mods":["BaseMod","BetterRewards","Colored Map","Colored Powertips","Minty Spire (QoL Compilation)","Quick Restart","StSLib","The Animator","The Senshi"],"gold_per_floor":[114,114,42,64,139,139,158,158,211,240,255,255,266,296,296,396,396,408,422,92,92,92,92,92,124,124,144,144,158,177,197,197,292,292,310,324,119,119,119],"floor_reached":38,"language":"ENG","playtime":2814,"items_purged":["animator:Strike","animator:Defend"],"score":423,"play_id":"a2d35fc1-5588-46e8-95eb-e44ae212cf07","local_time":"20210216194016","is_ascension_mode":false,"campfire_choices":[{"data":"animator:EmiyaShirou","floor":6,"key":"SMITH"},{"floor":12,"key":"REST"},{"data":"animator:RinTohsaka","floor":15,"key":"SMITH"},{"floor":23,"key":"REST"},{"floor":28,"key":"RECALL"},{"floor":32,"key":"REST"}],"circlet_count":0,"master_deck":["animator:Strike_Fate","animator:Defend_Fate","animator:Defend","animator:Alexander","animator:Rider","animator:Berserker","animator:ShinjiMatou","animator:EmiyaShirou+1","animator:Jibril","animator:RinTohsaka+1","animator:Assassin","animator:Caster","animator:RinTohsaka","animator:Caster","animator:Berserker","animator:Bozes+1","animator:Shiro","animator:RinTohsaka"],"relics":["animator:LivingPicture","animator:TheMissingPiece","Boot","Regal Pillow","Fusion Hammer","Philosopher\u0027s Stone","theSenshi:SuperSailorFukuRelic","Smiling Mask","Matryoshka","SlaversCollar","Dream Catcher"],"acts_visited":["Exordium","TheCity","TheBeyond"],"potions_floor_usage":[33,38],"damage_taken":[{"damage":1,"enemies":"Small Slimes","floor":1,"turns":4},{"damage":0,"enemies":"2 Louse","floor":4,"turns":3},{"damage":0,"enemies":"Cultist","floor":7,"turns":3},{"damage":35,"enemies":"3 Sentries","floor":10,"turns":12},{"damage":10,"enemies":"Gremlin Gang","floor":11,"turns":4},{"damage":0,"enemies":"3 Louse","floor":13,"turns":3},{"damage":0,"enemies":"Large Slime","floor":14,"turns":8},{"damage":28,"enemies":"Slime Boss","floor":16,"turns":10},{"damage":11,"enemies":"Shell Parasite","floor":18,"turns":8},{"damage":3,"enemies":"2 Thieves","floor":19,"turns":4},{"damage":0,"enemies":"Book of Stabbing","floor":25,"turns":6},{"damage":0,"enemies":"Snake Plant","floor":27,"turns":3},{"damage":0,"enemies":"Shelled Parasite and Fungi","floor":29,"turns":4},{"damage":0,"enemies":"Centurion and Healer","floor":30,"turns":4},{"damage":0,"enemies":"Snecko","floor":31,"turns":2},{"damage":8,"enemies":"Champ","floor":33,"turns":8},{"damage":11,"enemies":"3 Darklings","floor":35,"turns":5},{"damage":14,"enemies":"3 Shapes","floor":36,"turns":6},{"damage":25,"enemies":"Sphere and 2 Shapes","floor":38,"turns":5}],"seed_played":"2980676111327785153","potions_obtained":[{"floor":13,"key":"SteroidPotion"},{"floor":14,"key":"Explosive Potion"},{"floor":16,"key":"Fire Potion"},{"floor":30,"key":"AttackPotion"},{"floor":33,"key":"animator:FalseLifePotion"},{"floor":35,"key":"Fire Potion"}],"is_trial":false,"path_per_floor":["M","?","$","M","?","R","M","?","T","E","M","R","M","M","R","B",null,"M","M","$","?","?","R","?","E","T","M","R","M","M","M","R","B",null,"M","M","$","M"],"character_chosen":"THE_ANIMATOR","items_purchased":["animator:Berserker","animator:ShinjiMatou","theSenshi:SuperSailorFukuRelic","Dream Catcher"],"campfire_rested":3,"item_purchase_floors":[3,3,20,37],"current_hp_per_floor":[65,58,58,58,47,47,47,47,47,13,3,38,38,38,38,10,67,28,25,25,20,20,44,44,44,44,44,44,44,44,44,44,36,44,33,19,19,0,0],"gold":119,"neow_bonus":"REMOVE_CARD","is_daily":false,"chose_seed":false,"campfire_upgraded":2,"win_rate":0.0,"timestamp":1613533216,"path_taken":["M","?","$","M","?","R","M","?","T","E","M","R","?","M","R","BOSS","M","?","$","?","?","R","?","E","T","?","R","M","M","M","R","BOSS","M","M","$","M"],"items_purchased_type":["Card","Card","Relic","Relic"],"build_version":"2020-12-22","purchased_purges":2,"victory":false,"max_hp_per_floor":[66,66,66,66,66,66,66,66,66,67,67,67,67,67,67,67,67,39,39,39,44,44,44,44,44,44,44,44,44,44,44,44,44,44,44,44,44,44,44],"card_choices":[{"not_picked":["animator:Shigure","animator:Mitsuba","animator:Souei"],"picked":"SKIP","floor":1},{"not_picked":["animator:Shuna","animator:Raven"],"picked":"animator:EmiyaShirou","floor":4},{"not_picked":["animator:Berserker","animator:Arpeggio","animator:MaesHughes"],"picked":"SKIP","floor":7},{"not_picked":["animator:Lancer","animator:Caster"],"picked":"animator:RinTohsaka","floor":10},{"not_picked":["animator:DolaRiku","animator:DolaSchwi","animator:Tyuule"],"picked":"SKIP","floor":11},{"not_picked":["animator:Arpeggio","animator:Rider","animator:ElricAlphonse"],"picked":"SKIP","floor":13},{"not_picked":["animator:TukaLunaMarceau","animator:Shion"],"picked":"animator:Assassin","floor":14},{"not_picked":["animator:Eve","animator:Sora"],"picked":"animator:Father","floor":16},{"not_picked":["animator:Assassin","animator:RinTohsaka"],"picked":"animator:Caster","floor":18},{"not_picked":["animator:Souei","animator:ChlammyZell","animator:Vesta"],"picked":"SKIP","floor":19},{"not_picked":["animator:Elsword","animator:FielNirvalen+1"],"picked":"animator:Caster","floor":25},{"not_picked":["animator:MaesHughes","animator:Add+1","animator:Benimaru"],"picked":"SKIP","floor":27},{"not_picked":["animator:EmiyaShirou","animator:Assassin"],"picked":"animator:Berserker","floor":29},{"not_picked":["animator:ElricEdward","animator:RoryMercury+1"],"picked":"animator:Bozes+1","floor":30},{"not_picked":["animator:ElricAlphonse+1","animator:Shinoa","animator:Arpeggio+1"],"picked":"SKIP","floor":31},{"not_picked":["animator:Shizu","animator:FeridBathory"],"picked":"animator:Shiro","floor":33},{"not_picked":["animator:Vesta","animator:Mikaela+1","animator:Ciel+1"],"picked":"SKIP","floor":35},{"not_picked":["animator:Alexander","animator:EmiyaShirou"],"picked":"animator:RinTohsaka","floor":36}],"player_experience":243049,"relics_obtained":[{"floor":9,"key":"Boot"},{"floor":10,"key":"Regal Pillow"},{"floor":25,"key":"Smiling Mask"},{"floor":26,"key":"Matryoshka"}],"event_choices":[{"cards_removed":["animator:Strike"],"damage_healed":0,"gold_gain":0,"player_choice":"Card Removal","damage_taken":7,"max_hp_gain":0,"max_hp_loss":0,"event_name":"Golden Wing","floor":2,"gold_loss":0},{"damage_healed":0,"gold_gain":75,"player_choice":"Gather Gold","damage_taken":11,"max_hp_gain":0,"max_hp_loss":0,"event_name":"World of Goop","floor":5,"gold_loss":0},{"damage_healed":0,"gold_gain":0,"cards_transformed":["animator:Strike"],"player_choice":"Transformed","damage_taken":0,"max_hp_gain":0,"max_hp_loss":0,"event_name":"Transmorgrifier","floor":8,"gold_loss":0,"cards_obtained":["animator:Jibril"]},{"damage_healed":0,"gold_gain":0,"player_choice":"Shed Blood","damage_taken":10,"max_hp_gain":5,"max_hp_loss":0,"event_name":"Forgotten Altar","floor":21,"gold_loss":0},{"damage_healed":0,"gold_gain":0,"player_choice":"Ignored","damage_taken":0,"max_hp_gain":0,"max_hp_loss":0,"event_name":"Cursed Tome","floor":22,"gold_loss":0},{"damage_healed":0,"gold_gain":0,"player_choice":"Read","damage_taken":0,"max_hp_gain":0,"max_hp_loss":0,"event_name":"The Library","floor":24,"gold_loss":0,"cards_obtained":["animator:RinTohsaka"]}],"is_beta":false,"boss_relics":[{"not_picked":["Cursed Key","SacredBark"],"picked":"Fusion Hammer"},{"not_picked":["Coffee Dripper","Black Star"],"picked":"SlaversCollar"}],"items_purged_floors":[20,37],"is_endless":false,"potions_floor_spawned":[13,14,16,25,30,31,33,35],"killed_by":"Sphere and 2 Shapes","ascension_level":0}}