{"host":"xclr6tgk5rya0dyl","time":1613575527,"event":{"mods":["BaseMod","Bestiary","Block Reminder","Colored Map","Colored Powertips","Curses Come First","Minty Spire (QoL Compilation)","Relic Stats","StSLib"],"gold_per_floor":[111,123,123,298,278,278,305,305,305,305,305],"floor_reached":10,"language":"ENG","playtime":315,"items_purged":[],"score":83,"play_id":"4c27ae59-7264-4f4e-b3f0-4f51b5c0c020","local_time":"20210217072527","is_ascension_mode":true,"campfire_choices":[{"data":"Bash","floor":6,"key":"SMITH"},{"data":"Fiend Fire","floor":8,"key":"SMITH"}],"circlet_count":0,"master_deck":["Strike_R","Strike_R","Strike_R","Strike_R","Defend_R","Defend_R","Defend_R","Defend_R","Bash+1","Fiend Fire+1","Battle Trance","Doubt"],"relics":["Burning Blood","Darkstone Periapt","White Beast Statue"],"acts_visited":["Exordium"],"potions_floor_usage":[7,10],"damage_taken":[{"damage":0,"enemies":"Cultist","floor":1,"turns":2},{"damage":0,"enemies":"2 Louse","floor":2,"turns":2},{"damage":16,"enemies":"Gremlin Nob","floor":7,"turns":3},{"damage":50,"enemies":"3 Sentries","floor":10,"turns":8}],"seed_played":"7548705790570655568","potions_obtained":[{"floor":2,"key":"Explosive Potion"},{"floor":5,"key":"AttackPotion"}],"is_trial":false,"path_per_floor":["M","M","?","?","?","R","E","R","T","E"],"character_chosen":"IRONCLAD","items_purchased":[],"campfire_rested":0,"item_purchase_floors":[],"current_hp_per_floor":[57,63,56,56,56,56,46,46,46,0,0],"gold":305,"neow_bonus":"THREE_RARE_CARDS","is_daily":false,"chose_seed":false,"campfire_upgraded":2,"win_rate":0.0,"timestamp":1613575527,"path_taken":["M","M","?","?","?","R","E","R","T","E"],"items_purchased_type":[],"build_version":"2020-12-22","purchased_purges":0,"victory":false,"max_hp_per_floor":[80,80,80,80,80,80,80,80,80,80,80],"relic_stats":{"Darkstone Periapt":0,"counters":[4,15],"obtain_stats":[{"Darkstone Periapt":7,"Burning Blood":0,"White Beast Statue":9},{"Darkstone Periapt":3,"Burning Blood":0,"White Beast Statue":3},{"Darkstone Periapt":7,"Burning Blood":0,"White Beast Statue":7}],"Burning Blood":18},"card_choices":[{"not_picked":["Juggernaut","Double Tap"],"picked":"Fiend Fire","floor":0},{"not_picked":["Twin Strike","Blood for Blood","Headbutt"],"picked":"SKIP","floor":1},{"not_picked":["Clothesline","Body Slam"],"picked":"Battle Trance","floor":2},{"not_picked":["Havoc","Bloodletting","Iron Wave"],"picked":"SKIP","floor":7}],"player_experience":317750,"relics_obtained":[{"floor":7,"key":"Darkstone Periapt"},{"floor":9,"key":"White Beast Statue"}],"event_choices":[{"cards_removed":["Strike_R"],"damage_healed":0,"gold_gain":0,"player_choice":"Card Removal","damage_taken":7,"max_hp_gain":0,"max_hp_loss":0,"event_name":"Golden Wing","floor":3,"gold_loss":0},{"damage_healed":0,"gold_gain":175,"player_choice":"AGREE","damage_taken":0,"max_hp_gain":0,"max_hp_loss":0,"event_name":"Liars Game","floor":4,"gold_loss":0,"cards_obtained":["Doubt"]},{"damage_healed":0,"gold_gain":0,"player_choice":"Bought 1 Potion","damage_taken":0,"max_hp_gain":0,"max_hp_loss":0,"event_name":"The Woman in Blue","floor":5,"gold_loss":0}],"is_beta":false,"boss_relics":[],"items_purged_floors":[],"is_endless":false,"potions_floor_spawned":[2],"killed_by":"3 Sentries","ascension_level":6}}