{"host":"ffqn1azj9urswy62","time":1613575155,"event":{"mods":["BaseMod","Better Third Choice","Conspire","Googly Eyes","Hubris","Minty Spire (QoL Compilation)","Replay The Spire","StSLib","Wandering Minibosses","slay the spire mod where everything is the same but ironclad has a cowboy hat"],"gold_per_floor":[117,117,49,63,63,63,88,104,130,143,156,187,49,84,84,180,180,197,209,134,134,134,134],"floor_reached":22,"language":"ENG","playtime":1587,"items_purged":["Strike_B"],"score":263,"play_id":"bd830b59-8638-4752-9dfa-d97add4f3f96","local_time":"20210217101915","is_ascension_mode":true,"campfire_choices":[{"data":"Crystallizer","floor":6,"key":"SMITH"},{"data":"hubris:DuctTapeCard","floor":15,"key":"SMITH"}],"circlet_count":0,"master_deck":["Strike_B","Strike_B","Strike_B","Defend_B","Defend_B","Defend_B","Defend_B","Dualcast","Panic Button","Crystallizer+1","Cold Snap","Pot Of Greed","Pot Of Greed","Redo","ReplayGash","Thunder Strike","Defragment","hubris:DuctTapeCard+2","ReplayRNGCard","Loop","hubris:DoWhile","Double Energy"],"relics":["Cracked Core","NeowsBlessing","hubris:Towel","Akabeko","Grinning Jar","hubris:DuctTape","Bag of Preparation","conspire:SlowCooker"],"acts_visited":["Exordium","TheCity"],"potions_floor_usage":[12,14,16],"damage_taken":[{"damage":0,"enemies":"Jaw Worm","floor":1,"turns":1},{"damage":0,"enemies":"2 Louse","floor":4,"turns":1},{"damage":0,"enemies":"Gremlin Nob","floor":7,"turns":1},{"damage":0,"enemies":"Cultist","floor":8,"turns":3},{"damage":0,"enemies":"Large Slime","floor":10,"turns":3},{"damage":9,"enemies":"Looter","floor":11,"turns":2},{"damage":23,"enemies":"Lagavulin","floor":12,"turns":7},{"damage":10,"enemies":"3 Sentries","floor":14,"turns":4},{"damage":9,"enemies":"Slime Boss","floor":16,"turns":8},{"damage":33,"enemies":"Shell Parasite","floor":18,"turns":5},{"damage":20,"enemies":"Spheric Guardian","floor":19,"turns":5},{"damage":35,"enemies":"Snecko","floor":22,"turns":5}],"seed_played":"-6537746408986036695","potions_obtained":[{"floor":7,"key":"ColorlessPotion"},{"floor":8,"key":"Fire Potion"},{"floor":11,"key":"Ancient Potion"},{"floor":12,"key":"LiquidMemories"}],"is_trial":false,"path_per_floor":["M","?","$","M","?","R","E","M","T","M","M","E","$","E","R","B",null,"M","M","$","?","M"],"character_chosen":"DEFECT","items_purchased":["Crystallizer","ReplayRNGCard"],"campfire_rested":0,"item_purchase_floors":[3,13],"current_hp_per_floor":[75,75,75,75,63,63,63,63,63,63,54,31,31,21,21,12,75,42,22,22,22,0,0],"gold":134,"neow_bonus":"THREE_ENEMY_KILL","is_daily":false,"chose_seed":false,"campfire_upgraded":2,"win_rate":0.0,"timestamp":1613575155,"path_taken":["M","?","$","M","?","R","E","M","T","M","M","E","$","E","R","BOSS","M","M","$","?","M"],"items_purchased_type":["Card","Card"],"build_version":"2020-12-22","purchased_purges":1,"victory":false,"max_hp_per_floor":[75,75,75,75,75,75,75,75,75,75,75,75,75,75,75,75,75,75,75,75,75,75,75],"card_choices":[{"not_picked":["Turbo","Hello World"],"picked":"Panic Button","floor":1},{"not_picked":["Rebound","Ball Lightning"],"picked":"Cold Snap","floor":4},{"not_picked":["Ball Lightning","Sweeping Beam"],"picked":"Redo","floor":7},{"not_picked":["Stack","Sweeping Beam"],"picked":"ReplayGash","floor":8},{"not_picked":["Time Bomb","Hello World"],"picked":"Thunder Strike","floor":10},{"not_picked":["Go for the Eyes","Beam Cell"],"picked":"Defragment","floor":11},{"not_picked":["Steam","Barrage"],"picked":"Ball Lightning","floor":12},{"not_picked":["Panic Button","Conserve Battery"],"picked":"Loop","floor":14},{"not_picked":["Multi-Cast","Meteor Strike"],"picked":"hubris:DoWhile","floor":16},{"not_picked":["Beam Cell+1","Streamline"],"picked":"Double Energy","floor":18},{"not_picked":["Steam","Coolheaded","Chaos"],"picked":"SKIP","floor":19}],"player_experience":683237,"relics_obtained":[{"floor":7,"key":"Grinning Jar"},{"floor":12,"key":"hubris:DuctTape"},{"floor":14,"key":"Bag of Preparation"}],"event_choices":[{"damage_healed":0,"gold_gain":0,"player_choice":"Relic ","damage_taken":12,"max_hp_gain":0,"max_hp_loss":0,"event_name":"betterThird:BetterScrap","floor":5,"gold_loss":0,"cards_obtained":["Wireheading"]},{"damage_healed":0,"gold_gain":0,"player_choice":"Ignored","damage_taken":0,"max_hp_gain":0,"max_hp_loss":0,"event_name":"Ghosts","floor":21,"gold_loss":0}],"is_beta":false,"boss_relics":[{"not_picked":["Pandora\u0027s Box","Velvet Choker"],"picked":"conspire:SlowCooker"}],"items_purged_floors":[20],"is_endless":false,"potions_floor_spawned":[7,8,11,12],"killed_by":"Snecko","ascension_level":3}}