{"host":"dl909bjyolgrn2uw","time":1613585569,"event":{"mods":["2.2 Compatiblity","BaseMod","Bestiary","Better Altar","Better Note","Better Sensory Stone","Better Skull","Better Vampires","Better-Laid Plans","Colored Powertips","Curses Come First","Disable Question Mark Monsters","Displayed Cursed Tome","Emptier Cage","Minty Spire (QoL Compilation)","Morshu Shopkeeper","Permanent Neow","Rare Cards Sparkle","Relic Stats","Shop Mod","Spicy Shops","StSLib","SuperFastMode","Transform Curses"],"gold_per_floor":[112,127,146,15,0,0,67,67,115,75,75,87,103,133,133,206,206,224,234,249,267,267,267,182,182,251,32,66,78,108,108,108,185,185,205,219,268,268,285,285,285,318,345,370,384,416,416,449,449,449],"floor_reached":51,"language":"ENG","playtime":4169,"items_purged":["Strike_B"],"score":1541,"play_id":"89e17c15-a2c6-426f-83ea-1f489a579e6a","local_time":"20210217121249","is_ascension_mode":true,"campfire_choices":[{"data":"Melter","floor":6.0,"key":"SMITH"},{"data":"Loop","floor":8.0,"key":"SMITH"},{"data":"Zap","floor":11.0,"key":"SMITH"},{"floor":15.0,"key":"REST"},{"data":"Capacitor","floor":23.0,"key":"SMITH"},{"floor":25.0,"key":"REST"},{"data":"Defragment","floor":32.0,"key":"SMITH"},{"data":"Loop","floor":40.0,"key":"SMITH"},{"data":"Echo Form","floor":49,"key":"SMITH"}],"circlet_count":0,"master_deck":["AscendersBane","Zap+1","Dualcast","Loop+1","Ball Lightning","Glacier","Melter+1","Conserve Battery","Coolheaded","Barrage","Machine Learning","Coolheaded","Doom and Gloom","Capacitor+1","Hologram","Defragment+1","Echo Form+1","Seek","Creative AI","Self Repair","Electrodynamics","Fusion","Streamline","Chaos","Cold Snap","Reinforced Body","Leap","Loop+1","Coolheaded+1","Recycle+1","Turbo+1","Reinforced Body+1","Stack"],"relics":["SacredBark","Akabeko","Happy Flower","Bottled Tornado","Runic Pyramid","Bag of Preparation","Cables","Anchor","Art of War","Smiling Mask","Pandora\u0027s Box","Thread and Needle","Shovel","Strawberry","Dead Branch","Turnip","Ginger"],"acts_visited":["Exordium","TheCity","TheBeyond"],"potions_floor_usage":[50],"damage_taken":[{"damage":2.0,"enemies":"Cultist","floor":1.0,"turns":4.0},{"damage":7.0,"enemies":"Small Slimes","floor":2.0,"turns":6.0},{"damage":2.0,"enemies":"Jaw Worm","floor":3.0,"turns":3.0},{"damage":0.0,"enemies":"Looter","floor":5.0,"turns":4.0},{"damage":13.0,"enemies":"3 Sentries","floor":7.0,"turns":6.0},{"damage":11.0,"enemies":"Exordium Thugs","floor":12.0,"turns":5.0},{"damage":0.0,"enemies":"Red Slaver","floor":13.0,"turns":3.0},{"damage":18.0,"enemies":"Lagavulin","floor":14.0,"turns":6.0},{"damage":24.0,"enemies":"Slime Boss","floor":16.0,"turns":7.0},{"damage":0.0,"enemies":"Chosen","floor":18.0,"turns":5.0},{"damage":0.0,"enemies":"Spheric Guardian","floor":19.0,"turns":1.0},{"damage":22.0,"enemies":"Centurion and Healer","floor":20.0,"turns":6.0},{"damage":19.0,"enemies":"Snake Plant","floor":21.0,"turns":5.0},{"damage":0.0,"enemies":"Gremlin Leader","floor":28.0,"turns":8.0},{"damage":5.0,"enemies":"Cultist and Chosen","floor":29.0,"turns":8.0},{"damage":13.0,"enemies":"Slavers","floor":30.0,"turns":5.0},{"damage":22.0,"enemies":"Collector","floor":33.0,"turns":7.0},{"damage":0.0,"enemies":"3 Shapes","floor":35.0,"turns":6.0},{"damage":0.0,"enemies":"Orb Walker","floor":36.0,"turns":5.0},{"damage":34.0,"enemies":"2 Orb Walkers","floor":37.0,"turns":5.0},{"damage":5.0,"enemies":"Maw","floor":39.0,"turns":8.0},{"damage":4.0,"enemies":"Reptomancer","floor":42.0,"turns":7.0},{"damage":0.0,"enemies":"Mind Bloom Boss Battle","floor":44.0,"turns":8.0},{"damage":30.0,"enemies":"Jaw Worm Horde","floor":45.0,"turns":4.0},{"damage":0,"enemies":"Nemesis","floor":46,"turns":9},{"damage":0,"enemies":"Giant Head","floor":48,"turns":6},{"damage":38,"enemies":"Donu and Deca","floor":50,"turns":9}],"seed_played":"1772265231089534459","potions_obtained":[{"floor":3.0,"key":"GamblersBrew"},{"floor":7.0,"key":"Fire Potion"},{"floor":10.0,"key":"PotionOfCapacity"},{"floor":18.0,"key":"SpeedPotion"},{"floor":19.0,"key":"SteroidPotion"},{"floor":20.0,"key":"FocusPotion"},{"floor":28.0,"key":"SneckoOil"},{"floor":33.0,"key":"LiquidBronze"},{"floor":37.0,"key":"SpeedPotion"},{"floor":39.0,"key":"Dexterity Potion"},{"floor":42.0,"key":"DuplicationPotion"},{"floor":46,"key":"LiquidMemories"}],"is_trial":false,"path_per_floor":["M","M","M","$","M","R","E","R","T","?","R","M","M","E","R","B",null,"M","M","M","M","?","R","?","R","T","$","E","M","E","?","R","B",null,"M","M","?","?","M","R","?","E","T","?","M","E","?","E","R","B",null],"character_chosen":"DEFECT","items_purchased":["ColorlessPotion","Anchor","Hologram"],"campfire_rested":2,"item_purchase_floors":[4,27,27],"current_hp_per_floor":[62,55,53,53,53,53,40,40,40,40,40,29,29,11,32,8,55,55,55,33,14,28,28,28,49,49,49,49,44,31,10,10,24,59,71,71,44,71,71,71,67,67,74,74,51,65,65,72,72,41],"gold":449,"neow_bonus":"BOSS_RELIC","is_daily":false,"chose_seed":false,"campfire_upgraded":7,"win_rate":0.0,"timestamp":1613585569,"path_taken":["M","M","M","$","?","R","E","R","T","?","R","M","M","E","R","BOSS","M","?","M","M","?","R","?","R","T","$","E","M","E","?","R","BOSS","M","M","?","?","?","R","?","E","T","?","M","E","?","E","R","BOSS"],"items_purchased_type":["Potion","Relic","Card"],"build_version":"2020-12-22","purchased_purges":1,"victory":true,"max_hp_per_floor":[71,71,71,71,71,71,71,71,71,71,71,71,71,71,71,71,71,71,71,71,71,71,71,71,71,71,71,71,71,71,71,71,71,71,71,71,71,71,71,71,67,67,74,74,74,74,74,74,74,74],"relic_stats":{"Shovel":0,"Happy Flower":[44],"counters":[27,156],"Dead Branch":[20],"Pandora\u0027s Box":["Creative AI","Self Repair","Electrodynamics","Fusion","Streamline","Chaos","Cold Snap"],"Turnip":[0],"Bag of Preparation":[28],"Art of War":[27],"Ginger":[0],"Smiling Mask":0,"obtain_stats":[{"Happy Flower":9,"SacredBark":0,"Dead Branch":44,"Thread and Needle":37,"Bag of Preparation":24,"Ginger":48,"Bottled Tornado":14,"Smiling Mask":30,"Akabeko":7,"Cables":26,"Anchor":27,"Shovel":42,"Strawberry":43,"Pandora\u0027s Box":34,"Turnip":46,"Art of War":28,"Cracked Core":0,"Runic Pyramid":17},{"Happy Flower":5,"SacredBark":0,"Dead Branch":23,"Thread and Needle":20,"Bag of Preparation":13,"Ginger":26,"Bottled Tornado":8,"Smiling Mask":16,"Akabeko":5,"Cables":13,"Anchor":13,"Shovel":22,"Strawberry":22,"Pandora\u0027s Box":17,"Turnip":25,"Art of War":14,"Cracked Core":0,"Runic Pyramid":9},{"Happy Flower":23,"SacredBark":0,"Dead Branch":128,"Thread and Needle":105,"Bag of Preparation":61,"Ginger":147,"Bottled Tornado":37,"Smiling Mask":82,"Akabeko":23,"Cables":61,"Anchor":61,"Shovel":120,"Strawberry":120,"Pandora\u0027s Box":89,"Turnip":141,"Art of War":69,"Cracked Core":0,"Runic Pyramid":44}],"Cables":[82,25,34,7,16]},"card_choices":[{"not_picked":["Cold Snap","Streamline"],"picked":"Loop","floor":1.0},{"not_picked":["Coolheaded","Rip and Tear"],"picked":"Ball Lightning","floor":2.0},{"not_picked":["Hologram","Defragment"],"picked":"Glacier","floor":3.0},{"not_picked":["Go for the Eyes","Leap"],"picked":"Melter","floor":5.0},{"not_picked":["Chill","Amplify"],"picked":"Conserve Battery","floor":7.0},{"not_picked":["Fusion","Gash"],"picked":"Coolheaded","floor":12.0},{"not_picked":["Gash","Rebound","Storm"],"picked":"SKIP","floor":13.0},{"not_picked":["Cold Snap","White Noise"],"picked":"Barrage","floor":14.0},{"not_picked":["Fission","Multi-Cast"],"picked":"Machine Learning","floor":16.0},{"not_picked":["Consume","Fusion"],"picked":"Coolheaded","floor":18.0},{"not_picked":["Redo","Go for the Eyes","Gash"],"picked":"SKIP","floor":19.0},{"not_picked":["Redo","Gash"],"picked":"Go for the Eyes","floor":19.0},{"not_picked":["Sunder","Blizzard"],"picked":"Doom and Gloom","floor":20.0},{"not_picked":["Sunder+1","Hologram+1"],"picked":"Capacitor","floor":21.0},{"not_picked":["Reboot","Leap"],"picked":"Defragment","floor":28.0},{"not_picked":["Skim","Heatsinks","Compile Driver"],"picked":"SKIP","floor":29.0},{"not_picked":["Cold Snap+1","Steam"],"picked":"Echo Form","floor":30.0},{"not_picked":["All For One","Reboot"],"picked":"Seek","floor":33.0},{"not_picked":["Leap","Sunder+1"],"picked":"Reinforced Body","floor":35.0},{"not_picked":["Sunder","Leap","Cold Snap"],"picked":"SKIP","floor":36.0},{"not_picked":["Sunder","Cold Snap"],"picked":"Leap","floor":36.0},{"not_picked":["Go for the Eyes","Compile Driver+1"],"picked":"Loop","floor":37.0},{"not_picked":["FTL","Core Surge"],"picked":"Coolheaded+1","floor":39.0},{"not_picked":["Double Energy","Fusion"],"picked":"Recycle+1","floor":42.0},{"not_picked":["Rebound","Glacier"],"picked":"Turbo+1","floor":44.0},{"not_picked":["Stack","Hologram"],"picked":"Reinforced Body+1","floor":45.0},{"not_picked":["Hologram","Barrage"],"picked":"Stack","floor":46},{"not_picked":["Reboot","Tempest","Chill"],"picked":"SKIP","floor":48}],"player_experience":459208,"relics_obtained":[{"floor":7.0,"key":"Akabeko"},{"floor":9.0,"key":"Happy Flower"},{"floor":14.0,"key":"Bottled Tornado"},{"floor":26.0,"key":"Cables"},{"floor":28.0,"key":"Art of War"},{"floor":30.0,"key":"Smiling Mask"},{"floor":37.0,"key":"Thread and Needle"},{"floor":42.0,"key":"Shovel"},{"floor":43.0,"key":"Strawberry"},{"floor":44.0,"key":"Dead Branch"},{"floor":46,"key":"Turnip"},{"floor":48,"key":"Ginger"}],"event_choices":[{"damage_healed":0.0,"max_hp_gain":0.0,"max_hp_loss":0.0,"gold_gain":0.0,"event_name":"The Woman in Blue","player_choice":"Bought 3 Potions","floor":10.0,"gold_loss":0.0,"damage_taken":0.0},{"damage_healed":14.0,"max_hp_gain":0.0,"max_hp_loss":0.0,"gold_gain":0.0,"event_name":"The Library","player_choice":"Heal","floor":22.0,"gold_loss":0.0,"damage_taken":0.0},{"damage_healed":0.0,"max_hp_gain":0.0,"max_hp_loss":0.0,"gold_gain":0.0,"event_name":"Addict","player_choice":"Obtained Relic","floor":24.0,"gold_loss":85.0,"damage_taken":0.0,"relics_obtained":["Bag of Preparation"]},{"damage_healed":0.0,"max_hp_gain":31.0,"max_hp_loss":10.0,"gold_gain":0.0,"event_name":"betterAltar:BetterAltar","player_choice":" Potion ","floor":31.0,"potions_obtained":["betterAltar:AltarPotion"],"relics_lost":[],"gold_loss":0.0,"damage_taken":21.0,"relics_obtained":[]},{"damage_healed":0.0,"max_hp_gain":0.0,"max_hp_loss":0.0,"gold_gain":0.0,"event_name":"Mysterious Sphere","player_choice":"Fight","floor":37.0,"gold_loss":0.0,"damage_taken":0.0},{"damage_healed":27.0,"max_hp_gain":0.0,"max_hp_loss":0.0,"gold_gain":0.0,"event_name":"Wheel of Change","player_choice":"Full Heal","floor":38.0,"gold_loss":0.0,"damage_taken":0.0},{"damage_healed":0.0,"max_hp_gain":0.0,"max_hp_loss":4.0,"gold_gain":0.0,"event_name":"Winding Halls","player_choice":"Max HP","floor":41.0,"gold_loss":0.0,"damage_taken":0.0},{"damage_healed":0.0,"max_hp_gain":0.0,"max_hp_loss":0.0,"gold_gain":0.0,"event_name":"MindBloom","player_choice":"Fight","floor":44.0,"gold_loss":0.0,"damage_taken":0.0},{"cards_removed":["Go for the Eyes"],"damage_healed":0,"gold_gain":0,"player_choice":"Removed Attack","damage_taken":0,"max_hp_gain":0,"max_hp_loss":0,"event_name":"Falling","floor":47,"gold_loss":0}],"is_beta":false,"boss_relics":[{"not_picked":["Tiny House","Empty Cage"],"picked":"Runic Pyramid"},{"not_picked":["Astrolabe","Calling Bell"],"picked":"Pandora\u0027s Box"}],"items_purged_floors":[4],"is_endless":false,"potions_floor_spawned":[3,7,12,18,19,20,28,33,37,39,42,44,46],"ascension_level":17}}