{"host":"0k7350af1t8odskw","time":1613551150,"event":{"mods":["AchievementEnabler","BaseMod","Better Vampires","BetterRewards","Colored Map","Downfall","Highlight Path","Hubris","Lobotomy","Marisa£®ÏF”Í°°ƒß¿Ì…≥£©","Minty Spire (QoL Compilation)","Quick Restart","Replay The Spire","Shop Mod","StSLib","The Administrix","The Death Knight","The Runesmith","Youmu£®ªÍ∆«—˝√Œ£©"],"gold_per_floor":[113,131,147,160,177,177,195,195,195,195,195],"floor_reached":10,"language":"ZHS","playtime":1019,"items_purged":[],"score":69,"play_id":"8ae06a72-afb9-451f-9b47-6cc26d31b356","local_time":"20210217003910","is_ascension_mode":true,"campfire_choices":[{"data":"Dagger Spray","floor":6,"key":"SMITH"},{"data":"Choke","floor":8,"key":"SMITH"}],"circlet_count":0,"master_deck":["Strike_G","Strike_G","Strike_G","Strike_G","Strike_G","Defend_G","Defend_G","Defend_G","Defend_G","Defend_G","Survivor","Neutralize","Outmaneuver","Blade Dance","Acrobatics","Underhanded Strike","Prepared","Dagger Spray+1","Choke+1"],"relics":["Ring of the Snake","Byrd Skull","Paper Crane"],"acts_visited":["Exordium"],"potions_floor_usage":[10],"damage_taken":[{"damage":0,"enemies":"2 Louse","floor":1,"turns":3},{"damage":2,"enemies":"Small Slimes","floor":3,"turns":4},{"damage":0,"enemies":"Cultist","floor":4,"turns":4},{"damage":13,"enemies":"Exordium Thugs","floor":5,"turns":4},{"damage":7,"enemies":"Blue Slaver","floor":7,"turns":4},{"damage":13,"enemies":"Gremlin Nob","floor":10,"turns":4}],"seed_played":"-6426630265125765265","potions_obtained":[{"floor":4,"key":"BlessingOfTheForge"},{"floor":7,"key":"DeathKnight:BottledBloodEchoes"}],"is_trial":false,"path_per_floor":["M","?","M","M","M","R","M","R","T","E"],"character_chosen":"THE_SILENT","items_purchased":["Outmaneuver"],"campfire_rested":0,"item_purchase_floors":[0],"current_hp_per_floor":[70,53,51,51,38,38,31,31,31,18,18],"gold":195,"neow_bonus":"","is_daily":false,"chose_seed":false,"campfire_upgraded":2,"win_rate":0.0,"timestamp":1613551150,"path_taken":["M","?","M","M","M","R","M","R","T","E"],"items_purchased_type":["Card"],"build_version":"2020-12-22","purchased_purges":0,"victory":false,"max_hp_per_floor":[70,70,70,70,70,70,70,70,70,70,70],"card_choices":[{"not_picked":["Slice","Outmaneuver"],"picked":"Blade Dance","floor":1},{"not_picked":["Prepared","Deflect"],"picked":"Acrobatics","floor":2},{"not_picked":["Tactician","Dodge and Roll"],"picked":"Underhanded Strike","floor":3},{"not_picked":["Bane","Slice"],"picked":"Prepared","floor":4},{"not_picked":["Deadly Poison","PiercingWail"],"picked":"Dagger Spray","floor":5},{"not_picked":["Bouncing Flask","Burst"],"picked":"Choke","floor":7}],"player_experience":174546,"relics_obtained":[{"floor":2,"key":"Byrd Skull"},{"floor":9,"key":"Paper Crane"}],"event_choices":[],"is_beta":false,"boss_relics":[],"items_purged_floors":[],"is_endless":false,"potions_floor_spawned":[4,7],"killed_by":"Gremlin Nob","ascension_level":3}}