{"host":"lnnm69al9x392px5","time":1613535908,"event":{"mods":["BaseMod","Downfall","Minty Spire (QoL Compilation)","Reliquary","Replay The Spire","StSLib"],"gold_per_floor":[99,110,120,30,49,49,124,139,159,159,159,44,44,77,88,185,185,185,204,215,56,74,89,162,45,79,179,179,179,179],"floor_reached":28,"language":"ENG","playtime":1298,"items_purged":["hexamod:Strike","downfall:Malfunctioning"],"score":290,"play_id":"c8b17761-6d43-4a2a-ae80-8f1ecccc30ec","local_time":"20210216202508","is_ascension_mode":false,"campfire_choices":[{"data":"hexamod:SuperheatedStrike","floor":6,"key":"SMITH"},{"data":"hexamod:GhostOfSpirePresent","floor":11,"key":"SMITH"},{"data":"hexamod:Sear","floor":13,"key":"SMITH"}],"circlet_count":0,"master_deck":["hexamod:Strike+1","hexamod:Defend+1","hexamod:Defend","hexamod:Defend","hexamod:Sear+1","hexamod:Float","hexamod:RainOfEmbers+1","hexamod:FirstSeal","hexamod:ThermalTransfer","hexamod:Firestarter","hexamod:SuperheatedStrike+1","hexamod:GhostOfSpirePresent+1","hexamod:PhantomFireball","hexamod:ThirdSeal","hexamod:TimeOfNeed","hexamod:WildfireWeapon","hexamod:FastForward+1","hexamod:RadiantFlame+1","hexamod:ThirdSeal","hexamod:GhostOfSpirePresent","hexamod:FourthSeal","hexamod:Sear","hexamod:BurningTouch","hexamod:SoulSteal","hexamod:GhostOfSpirePresent","Mind Blast","downfall:Aged"],"relics":["hexamod:SpiritBrand","Mummified Hand","Omamori","Empty Cage","sneckomod:BabySnecko","ClockworkSouvenir","ReplayTheSpireMod:CursedCoin","Pantograph","ReplayTheSpireMod:Lightbulb","downfall:GremlinSack"],"acts_visited":["Exordium","TheCity"],"potions_floor_usage":[14,16,25,25,27,27,28,28],"damage_taken":[{"damage":1,"enemies":"Jaw Worm","floor":2,"turns":3},{"damage":4,"enemies":"Small Slimes","floor":3,"turns":5},{"damage":0,"enemies":"downfall:FleeingMerchant","floor":4,"turns":4},{"damage":0,"enemies":"2 Louse","floor":5,"turns":3},{"damage":18,"enemies":"Exordium Thugs","floor":8,"turns":4},{"damage":5,"enemies":"downfall:LooterAlt","floor":9,"turns":3},{"damage":0,"enemies":"downfall:FleeingMerchant","floor":12,"turns":4},{"damage":0,"enemies":"Lagavulin","floor":14,"turns":3},{"damage":1,"enemies":"Exordium Wildlife","floor":15,"turns":3},{"damage":4,"enemies":"WA_ARCHETYPE_RETAIN","floor":16,"turns":5},{"damage":35,"enemies":"downfall:LooterAlt2","floor":19,"turns":3},{"damage":0,"enemies":"Chosen","floor":20,"turns":3},{"damage":0,"enemies":"downfall:FleeingMerchant","floor":21,"turns":4},{"damage":22,"enemies":"Centurion and Healer","floor":22,"turns":4},{"damage":6,"enemies":"Chosen and Byrds","floor":23,"turns":4},{"damage":15,"enemies":"downfall:FleeingMerchant","floor":25,"turns":4},{"damage":6,"enemies":"Replay:Snechameleon","floor":26,"turns":4},{"damage":14,"enemies":"Replay:Snechameleon","floor":27,"turns":4},{"damage":39,"enemies":"Gremlin Leader","floor":28,"turns":2}],"seed_played":"-2448730924631823467","potions_obtained":[{"floor":3,"key":"hexamod:SoulburnPotion"},{"floor":9,"key":"Flashbang"},{"floor":15,"key":"SneckoOil"},{"floor":16,"key":"BlessingOfTheForge"},{"floor":20,"key":"Swift Potion"},{"floor":23,"key":"LiquidMemories"},{"floor":25,"key":"Flashbang"},{"floor":27,"key":"Death Potion"},{"floor":27,"key":"Fruit Juice"}],"is_trial":false,"path_per_floor":["R","M","M","$","M","R","T","M","M","?","R","$","R","E","M","B",null,"R","M","M","$","M","M","T","$","E","?","E"],"character_chosen":"THE_SPIRIT","items_purchased":["ClockworkSouvenir","ReplayTheSpireMod:CursedCoin","Pantograph"],"campfire_rested":0,"item_purchase_floors":[21,25,25],"current_hp_per_floor":[77,76,77,77,77,77,77,66,68,68,68,75,75,75,77,73,77,77,49,56,56,41,42,42,34,35,33,0,0,0],"gold":179,"neow_bonus":"TEN_PERCENT_HP_BONUS","is_daily":false,"chose_seed":false,"campfire_upgraded":3,"win_rate":0.0,"timestamp":1613535908,"path_taken":["R","M","M","$","M","R","T","M","M","?","R","$","R","E","M","BOSS","R","M","M","$","M","M","T","$","E","?","E"],"items_purchased_type":["Relic","Relic","Relic"],"build_version":"2020-12-22","purchased_purges":2,"victory":false,"max_hp_per_floor":[77,77,77,77,77,77,77,77,77,77,77,77,77,77,77,77,77,77,77,77,77,77,77,77,77,77,82,82,82,82],"card_choices":[{"not_picked":["hexamod:InspiringFlames","hexamod:GhostShield"],"picked":"hexamod:FirstSeal","floor":2},{"not_picked":["hexamod:FirstSeal","hexamod:InspiringFlames"],"picked":"hexamod:ThermalTransfer","floor":3},{"not_picked":["hexamod:ChargedBarrage","hexamod:Incineration"],"picked":"hexamod:Firestarter","floor":4},{"not_picked":["hexamod:SwordOfDarkness","hexamod:HeatMetal"],"picked":"hexamod:SuperheatedStrike","floor":5},{"not_picked":["hexamod:Hexaguard","hexamod:ShieldOfDarkness"],"picked":"hexamod:GhostOfSpirePresent","floor":8},{"not_picked":["hexamod:ChargedBarrage","hexamod:SwordOfDarkness"],"picked":"hexamod:PhantomFireball","floor":9},{"not_picked":["hexamod:HeatMetal","hexamod:BacktrackSmack","hexamod:NightmareGuise"],"picked":"SKIP","floor":12},{"not_picked":["hexamod:ExtraCrispy","hexamod:GhostOfSpireFuture"],"picked":"hexamod:ThirdSeal","floor":14},{"not_picked":["hexamod:HauntingEcho","hexamod:HeatMetal","hexamod:FlameSwitch"],"picked":"SKIP","floor":15},{"not_picked":["hexamod:NightmareStrike","hexamod:SpectersWail","hexamod:AdvancingGuard"],"picked":"SKIP","floor":15},{"not_picked":["hexamod:ApocalypseNow","hexamod:GiftsFromTheDead"],"picked":"hexamod:TimeOfNeed","floor":16},{"not_picked":["hexamod:UnleashSpirits","hexamod:GiftsFromTheDead"],"picked":"hexamod:WildfireWeapon","floor":16},{"not_picked":["hexamod:HauntingEcho","hexamod:GhostLash+1","hexamod:SuperheatedStrike"],"picked":"SKIP","floor":19},{"not_picked":["hexamod:InspiringFlames+1","hexamod:HauntingEcho+1","hexamod:PhantomFireball"],"picked":"SKIP","floor":19},{"not_picked":["hexamod:SuperheatedStrike+1","hexamod:EmpoweredFlame","hexamod:FlamesFromBeyond"],"picked":"SKIP","floor":20},{"not_picked":["hexamod:HeatShield","hexamod:SpectralSpark","hexamod:PhantomCloak"],"picked":"SKIP","floor":20},{"not_picked":["hexamod:HeatCrush","hexamod:ThermalTransfer"],"picked":"hexamod:FastForward+1","floor":21},{"not_picked":["hexamod:FastForward","hexamod:GhostLash","hexamod:RainOfEmbers"],"picked":"SKIP","floor":21},{"not_picked":["hexamod:SwordOfDarkness+1","hexamod:StepThrough"],"picked":"hexamod:RadiantFlame+1","floor":22},{"not_picked":["hexamod:GhostLash","hexamod:CatchUp"],"picked":"hexamod:ThirdSeal","floor":22},{"not_picked":["hexamod:CatchUp","hexamod:SuperheatedStrike"],"picked":"hexamod:GhostOfSpirePresent","floor":23},{"not_picked":["hexamod:ThirdSeal","hexamod:RecurringNightmare"],"picked":"hexamod:FourthSeal","floor":23},{"not_picked":["hexamod:SpectersWail","hexamod:ThermalTransfer","hexamod:GhostOfSpireFuture"],"picked":"SKIP","floor":23},{"not_picked":["hexamod:SpectersWail","hexamod:ThermalTransfer","hexamod:GhostOfSpireFuture"],"picked":"SKIP","floor":23},{"not_picked":["hexamod:PhantomFireball","hexamod:PhantomCloak","hexamod:SuperheatedStrike"],"picked":"SKIP","floor":25},{"not_picked":["hexamod:NightmareGuise+1","hexamod:InspiringFlames","hexamod:SwordOfDarkness+1"],"picked":"SKIP","floor":25},{"not_picked":["hexamod:ShieldOfDarkness","hexamod:FlamesFromBeyond","hexamod:StepThrough+1"],"picked":"SKIP","floor":25},{"not_picked":["hexamod:EtherealExpedition","hexamod:GhostOfSpirePast+1","hexamod:GhostflameBarrier"],"picked":"SKIP","floor":26},{"not_picked":["hexamod:FourthSeal","hexamod:AdvancingGuard","hexamod:GhostShield"],"picked":"SKIP","floor":26}],"player_experience":311297,"relics_obtained":[{"floor":7,"key":"Mummified Hand"},{"floor":14,"key":"Omamori"},{"floor":26,"key":"ReplayTheSpireMod:Lightbulb"},{"floor":27,"key":"downfall:GremlinSack"}],"event_choices":[],"is_beta":false,"boss_relics":[{"not_picked":["reliquary:KinkedSpring","reliquary:Ember"],"picked":"Empty Cage"}],"items_purged_floors":[4,12],"is_endless":false,"potions_floor_spawned":[3,9,15,16,20,23,27],"killed_by":"Gremlin Leader","ascension_level":0}}