{"host":"0awa854l6bexpjrv","time":1613536309,"event":{"mods":["BaseMod","Block Reminder","Colored Map","Colored Powertips","Downfall","Highlight Path","Minty Spire (QoL Compilation)","Quick Restart","Rare Cards Sparkle","StSLib","SuperFastMode"],"gold_per_floor":[112,128,128,128,53,68,68,68,95,95,121,21,34,34,34,132,132,143,143,143,50,68,68,68,68,68],"floor_reached":25,"language":"ENG","playtime":736,"items_purged":["Strike_B","Strike_B"],"score":271,"play_id":"293b1327-3104-4a1a-94c2-b15f1bb7c7d5","local_time":"20210216203149","is_ascension_mode":true,"campfire_choices":[{"floor":8,"key":"REST"},{"data":"Trip","floor":10,"key":"SMITH"},{"floor":15,"key":"REST"},{"data":"Defragment","floor":23,"key":"SMITH"}],"circlet_count":0,"master_deck":["Defend_B+1","Defend_B+1","Defend_B","Zap","Dualcast","Trip+1","Streamline","Streamline","Undo","Ball Lightning","Sunder","Electrodynamics","Capacitor","Bite","Bite","Bite","Bite","Bite","Defragment+1","Stack","Doom and Gloom"],"relics":["Cracked Core","Oddly Smooth Stone","Gremlin Horn","War Paint","Snecko Eye"],"acts_visited":["Exordium","TheCity"],"potions_floor_usage":[16,22],"damage_taken":[{"damage":3,"enemies":"2 Louse","floor":1,"turns":2},{"damage":7,"enemies":"Jaw Worm","floor":2,"turns":2},{"damage":10,"enemies":"Small Slimes","floor":6,"turns":3},{"damage":22,"enemies":"3 Sentries","floor":11,"turns":8},{"damage":2,"enemies":"Looter","floor":13,"turns":3},{"damage":18,"enemies":"The Guardian","floor":16,"turns":8},{"damage":2,"enemies":"Spheric Guardian","floor":18,"turns":3},{"damage":3,"enemies":"3 Byrds","floor":22,"turns":3},{"damage":78,"enemies":"Book of Stabbing","floor":25,"turns":5}],"seed_played":"7776557851747680690","potions_obtained":[{"floor":1,"key":"SteroidPotion"},{"floor":11,"key":"bronze:BurnAndBuffPotion"},{"floor":13,"key":"hexamod:SoulburnPotion"},{"floor":18,"key":"ColorlessPotion"}],"is_trial":false,"path_per_floor":["M","M","?","T","$","M","?","R","T","R","E","$","M","?","R","B",null,"M","?","?","$","M","R","?","E"],"character_chosen":"DEFECT","items_purchased":["Defragment","Stack"],"campfire_rested":2,"item_purchase_floors":[21,21],"current_hp_per_floor":[72,65,53,53,53,43,43,65,65,65,43,43,43,36,58,42,67,67,67,67,67,74,74,74,0,0],"gold":68,"neow_bonus":"RANDOM_COLORLESS","is_daily":false,"chose_seed":false,"campfire_upgraded":2,"win_rate":0.0,"timestamp":1613536309,"path_taken":["M","M","?","?","$","M","?","R","T","R","E","?","?","?","R","BOSS","M","?","?","$","?","R","?","E"],"items_purchased_type":["Card","Card"],"build_version":"2020-12-22","purchased_purges":2,"victory":false,"max_hp_per_floor":[75,75,75,75,75,75,75,75,75,75,75,75,75,75,75,75,75,75,75,75,75,75,75,75,75,75],"card_choices":[{"not_picked":["Flash of Steel","Good Instincts"],"picked":"Trip","floor":0},{"not_picked":["Rebound","Coolheaded"],"picked":"Streamline","floor":1},{"not_picked":["Gash","Hologram"],"picked":"Streamline","floor":2},{"not_picked":["Hologram","Beam Cell"],"picked":"Undo","floor":6},{"not_picked":["Heatsinks","Rebound"],"picked":"Ball Lightning","floor":11},{"not_picked":["Chaos","Self Repair"],"picked":"Sunder","floor":13},{"not_picked":["Meteor Strike","All For One"],"picked":"Electrodynamics","floor":16},{"not_picked":["Steam","Tempest"],"picked":"Capacitor","floor":18},{"not_picked":["Streamline","Gash+1"],"picked":"Doom and Gloom","floor":22}],"player_experience":792854,"relics_obtained":[{"floor":4,"key":"Gremlin Horn"},{"floor":9,"key":"War Paint"},{"floor":11,"key":"Blood Vial"}],"event_choices":[{"damage_healed":0,"gold_gain":0,"player_choice":"Success","damage_taken":12,"relics_obtained":["Oddly Smooth Stone"],"max_hp_gain":0,"max_hp_loss":0,"event_name":"Scrap Ooze","floor":3,"gold_loss":0},{"damage_healed":0,"gold_gain":0,"player_choice":"Ignored","damage_taken":0,"max_hp_gain":0,"max_hp_loss":0,"event_name":"Liars Game","floor":7,"gold_loss":0},{"cards_removed":["Strike_B"],"damage_healed":0,"gold_gain":0,"player_choice":"Card Removal","damage_taken":7,"max_hp_gain":0,"max_hp_loss":0,"event_name":"Golden Wing","floor":14,"gold_loss":0},{"damage_healed":0,"gold_gain":0,"player_choice":"Became a vampire (Vial)","damage_taken":0,"max_hp_gain":0,"max_hp_loss":0,"event_name":"Vampires","floor":19,"relics_lost":["Blood Vial"],"gold_loss":0,"cards_obtained":["Bite","Bite","Bite","Bite","Bite"]},{"cards_removed":["Defend_B"],"damage_healed":0,"gold_gain":0,"player_choice":"Purged","damage_taken":0,"max_hp_gain":0,"max_hp_loss":0,"event_name":"Purifier","floor":20,"gold_loss":0},{"damage_healed":0,"gold_gain":0,"player_choice":"Ignored","damage_taken":0,"max_hp_gain":0,"max_hp_loss":0,"event_name":"Ghosts","floor":24,"gold_loss":0}],"is_beta":false,"boss_relics":[{"not_picked":["Empty Cage","Ectoplasm"],"picked":"Snecko Eye"}],"items_purged_floors":[5,12],"is_endless":false,"potions_floor_spawned":[1,11,13,18],"killed_by":"Book of Stabbing","ascension_level":5}}