{"host":"7z9izfsmsy4azoxx","time":1613577054,"event":{"mods":["AchievementEnabler","BaseMod","Colored Map","Custom Start","Hermit","Minty Spire (QoL Compilation)","Replay The Spire","StSLib","SuperFastMode"],"gold_per_floor":[4645580,4645580,4645593,4645593,4645182,4645213,4645213,4645224,4645247,4645272,4644585,4644613,4644626,4644643,4644643,4644718,4644718,4644730,4644750,4644750,4644198,4644198,4644223,4644223,4644257,4644308,4644308,4644326,4644338,4644338,4643771,4643771,4643845,4643845,4643864,4643912,4643926,4643187,4643204,4643204,4643220,4643255,4643255,4643287,4643287,4643297,4643312,4643343,4643343,4643343,4643343,4643343,4643343,4642968,4643000,4643000],"floor_reached":57,"language":"KOR","playtime":2095,"items_purged":["Regret","Strike_R","Strike_R","Bash","Strike_R+1"],"score":3575,"play_id":"73f92b73-5c45-4476-887d-be9b199ba8ae","local_time":"20210218005054","is_ascension_mode":true,"campfire_choices":[{"floor":7.0,"key":"RECALL"},{"data":"Feel No Pain","floor":15.0,"key":"SMITH"},{"data":"Feel No Pain","floor":24.0,"key":"SMITH"},{"data":"Shockwave","floor":30.0,"key":"SMITH"},{"data":"Offering","floor":40.0,"key":"SMITH"},{"data":"Shrug It Off","floor":49,"key":"SMITH"},{"data":"Finesse","floor":53,"key":"SMITH"}],"circlet_count":1,"master_deck":["AscendersBane","Defend_R","Defend_R","Defend_R","Defend_R","Corruption","Shockwave+1","Feel No Pain+1","Feel No Pain+1","Shrug It Off+1","Battle Trance+1","Finesse+1","Offering+1","Entrench+1","ReplayTheSpireMod:Strike From Hell+1"],"relics":["Burning Blood","Circlet","Dead Branch","Bottled Tornado","Ring of Peace","Ring of Hypnosis","Simple Rune","Replay:Baseball","Bag of Marbles","Replay:Mystery Machine","Lee\u0027s Waffle","Vajra","Blood Vial","Potion Belt","ChewingGum","Anchor","Centennial Puzzle","Ancient Tea Set","Omamori","Oddly Smooth Stone","Red Skull","Orichalcum","Runic Dome","Bird Faced Urn","MealTicket","Frozen Egg 2","Membership Card","Boot","Ornamental Fan","Dream Catcher","Pen Nib","ReplayTheSpireMod:TigerMarble","Replay:PocketPolymizer","PrismaticShard","Lantern"],"acts_visited":["Exordium","TheCity","TheBeyond","TheEnding"],"potions_floor_usage":[56,56,56,56],"damage_taken":[{"damage":1.0,"enemies":"Small Slimes","floor":1.0,"turns":2.0},{"damage":7.0,"enemies":"2 Louse","floor":3.0,"turns":3.0},{"damage":0.0,"enemies":"Lagavulin","floor":6.0,"turns":1.0},{"damage":0.0,"enemies":"Cultist","floor":8.0,"turns":2.0},{"damage":27.0,"enemies":"Replay:BlueRogue","floor":10.0,"turns":4.0},{"damage":0.0,"enemies":"Lagavulin","floor":12.0,"turns":5.0},{"damage":0.0,"enemies":"2 Fungi Beasts","floor":13.0,"turns":1.0},{"damage":0.0,"enemies":"Exordium Thugs","floor":14.0,"turns":3.0},{"damage":6.0,"enemies":"The Guardian","floor":16.0,"turns":5.0},{"damage":0.0,"enemies":"3 Byrds","floor":18.0,"turns":4.0},{"damage":0.0,"enemies":"Chosen","floor":19.0,"turns":4.0},{"damage":0.0,"enemies":"Book of Stabbing","floor":23.0,"turns":3.0},{"damage":1.0,"enemies":"Replay:Snechameleon","floor":25.0,"turns":4.0},{"damage":0.0,"enemies":"Snake Plant","floor":28.0,"turns":2.0},{"damage":0.0,"enemies":"Snecko","floor":29.0,"turns":2.0},{"damage":22.0,"enemies":"Champ","floor":33.0,"turns":6.0},{"damage":0.0,"enemies":"3 Shapes","floor":35.0,"turns":2.0},{"damage":0.0,"enemies":"2 Orb Walkers","floor":36.0,"turns":4.0},{"damage":0.0,"enemies":"Orb Walker","floor":37.0,"turns":2.0},{"damage":14.0,"enemies":"Transient","floor":39.0,"turns":6.0},{"damage":6.0,"enemies":"Maw","floor":41.0,"turns":3.0},{"damage":0,"enemies":"Giant Head","floor":42,"turns":1},{"damage":6,"enemies":"R_Hoarder","floor":44,"turns":5},{"damage":0,"enemies":"3 Darklings","floor":46,"turns":2},{"damage":0,"enemies":"4 Shapes","floor":47,"turns":3},{"damage":10,"enemies":"Giant Head","floor":48,"turns":6},{"damage":6,"enemies":"Donu and Deca","floor":50,"turns":5},{"damage":4,"enemies":"Awakened One","floor":51,"turns":6},{"damage":0,"enemies":"Shield and Spear","floor":55,"turns":3},{"damage":50,"enemies":"The Heart","floor":56,"turns":8}],"seed_played":"-980662953936522763","potions_obtained":[{"floor":0.0,"key":"Ancient Potion"},{"floor":0.0,"key":"Venom Potion"},{"floor":14.0,"key":"LifebloodPotion"},{"floor":16.0,"key":"Milkshake"},{"floor":33.0,"key":"LiquidBronze"}],"is_trial":false,"path_per_floor":["M","?","M","?","$","E","R","M","T","E","$","E","M","M","R","B",null,"M","M","?","$","?","E","R","E","T","?","M","M","R","$","R_BF","B",null,"M","?","M","$","M","R","M","E","T","E","?","M","M","E","R","B","B",null,"R","$","E","B",null],"character_chosen":"IRONCLAD","items_purchased":["Simple Rune","Replay:Baseball","Lee\u0027s Waffle","Vajra","Blood Vial","Feel No Pain","Anchor","Centennial Puzzle","Feel No Pain","Red Skull","Orichalcum","Finesse","MealTicket","Frozen Egg 2","Membership Card","Elixir","Fire Potion","ReplayTheSpireMod:TigerMarble","Replay:PocketPolymizer","PrismaticShard","DistilledChaos"],"campfire_rested":0,"item_purchase_floors":[5,5,11,11,11,11,21,21,21,31,31,31,38,38,38,38,38,54,54,54,54],"current_hp_per_floor":[73,73,72,72,72,75,75,75,75,54,82,82,82,82,82,82,82,82,82,82,82,82,82,82,82,82,82,82,82,82,82,82,66,78,82,82,82,82,80,80,82,82,82,82,70,82,82,82,82,82,82,82,82,82,82,51],"gold":4643000,"neow_bonus":"THREE_SMALL_POTIONS","is_daily":false,"chose_seed":false,"campfire_upgraded":6,"win_rate":0.0,"timestamp":1613577054,"path_taken":["M","?","M","?","$","E","R","?","T","E","$","E","M","M","R","BOSS","M","M","?","$","?","E","R","E","T","?","?","M","R","$","R_BF","BOSS","M","?","M","$","M","R","M","E","T","E","?","M","?","E","R","BOSS","BOSS","R","$","E","BOSS"],"items_purchased_type":["Relic","Relic","Relic","Relic","Relic","Card","Relic","Relic","Card","Relic","Relic","Card","Relic","Relic","Relic","Potion","Potion","Relic","Relic","Relic","Potion"],"build_version":"2020-12-22","purchased_purges":5,"victory":true,"max_hp_per_floor":[75,75,75,75,75,75,75,75,75,75,82,82,82,82,82,82,82,82,82,82,82,82,82,82,82,82,82,82,82,82,82,82,82,82,82,82,82,82,82,82,82,82,82,82,82,82,82,82,82,82,82,82,82,82,82,82],"card_choices":[{"not_picked":["Massacre","Clash"],"picked":"Shockwave","floor":1.0},{"not_picked":["Clothesline","Run Through","Heavy Blade"],"picked":"SKIP","floor":3.0},{"not_picked":["Anger","ReplayTheSpireMod:Corrosion Curse","Pommel Strike"],"picked":"SKIP","floor":6.0},{"not_picked":["Combust","Heavy Blade","Impervious"],"picked":"SKIP","floor":8.0},{"not_picked":["Twin Strike","True Grit","Blood for Blood"],"picked":"SKIP","floor":10.0},{"not_picked":["Replay:Undeath\u0027s Touch","Bloodletting","Seeing Red"],"picked":"SKIP","floor":12.0},{"not_picked":["Anger","ReplayTheSpireMod:Strike From Hell","Wild Strike"],"picked":"SKIP","floor":13.0},{"not_picked":["Immolate","Armaments","Dropkick"],"picked":"SKIP","floor":14.0},{"not_picked":["Headbutt","Ghostly Armor","Replay:Undeath\u0027s Touch+1"],"picked":"SKIP","floor":18.0},{"not_picked":["Metallicize","Iron Wave","Headbutt"],"picked":"SKIP","floor":19.0},{"not_picked":["Exhume","Iron Wave","ReplayTheSpireMod:Limb From Limb"],"picked":"SKIP","floor":23.0},{"not_picked":["ReplayTheSpireMod:Strike From Hell","Headbutt","Battle Trance+1"],"picked":"SKIP","floor":25.0},{"not_picked":["ReplayTheSpireMod:Strike From Hell","Headbutt"],"picked":"Battle Trance+1","floor":25.0},{"not_picked":["Twin Strike+1","Clash","Replay:Undeath\u0027s Touch"],"picked":"SKIP","floor":28.0},{"not_picked":["Twin Strike","Pommel Strike","Replay:Undeath\u0027s Touch"],"picked":"SKIP","floor":29.0},{"not_picked":["Exhume","Impervious"],"picked":"Offering","floor":33.0},{"not_picked":["Perfected Strike+1","Anger","Rampage"],"picked":"SKIP","floor":35.0},{"not_picked":["Warcry","Thunderclap","Anger"],"picked":"SKIP","floor":37.0},{"not_picked":["Heavy Blade+1","Life Link+1","Body Slam"],"picked":"SKIP","floor":39.0},{"not_picked":["Warcry","ReplayReversal","Perfected Strike+1"],"picked":"SKIP","floor":41.0},{"not_picked":["Demon Form+1","Warcry+1","Armaments"],"picked":"SKIP","floor":42},{"not_picked":["Sever Soul","Shrug It Off"],"picked":"Entrench+1","floor":44},{"not_picked":["ReplayTheSpireMod:Corrosion Curse","Thunderclap","Combust+1"],"picked":"SKIP","floor":46},{"not_picked":["Clash","Hemokinesis","Havoc"],"picked":"SKIP","floor":47},{"not_picked":["Hemokinesis","ReplayTheSpireMod:Strike From Hell+1","Sword Boomerang"],"picked":"SKIP","floor":48},{"not_picked":["Hemokinesis","Sword Boomerang"],"picked":"ReplayTheSpireMod:Strike From Hell+1","floor":48},{"not_picked":["Pummel","Consecrate","Reckless Charge+1"],"picked":"SKIP","floor":55}],"player_experience":548782,"relics_obtained":[{"floor":2.0,"key":"Ring of Peace"},{"floor":2.0,"key":"Ring of Hypnosis"},{"floor":6.0,"key":"Bag of Marbles"},{"floor":10.0,"key":"Replay:Mystery Machine"},{"floor":12.0,"key":"Potion Belt"},{"floor":23.0,"key":"Ancient Tea Set"},{"floor":25.0,"key":"Omamori"},{"floor":26.0,"key":"Oddly Smooth Stone"},{"floor":36.0,"key":"Bird Faced Urn"},{"floor":42,"key":"Boot"},{"floor":43,"key":"Ornamental Fan"},{"floor":44,"key":"Dream Catcher"},{"floor":48,"key":"Pen Nib"},{"floor":55,"key":"Lantern"}],"event_choices":[{"damage_healed":0.0,"max_hp_gain":0.0,"max_hp_loss":0.0,"gold_gain":0.0,"event_name":"FaceTrader","player_choice":"Leave","floor":4.0,"gold_loss":0.0,"damage_taken":0.0},{"damage_healed":0.0,"max_hp_gain":0.0,"max_hp_loss":0.0,"gold_gain":0.0,"event_name":"Vampires","player_choice":"Ignored","floor":20.0,"gold_loss":0.0,"damage_taken":0.0},{"damage_healed":0.0,"max_hp_gain":0.0,"max_hp_loss":0.0,"gold_gain":0.0,"event_name":"The Library","player_choice":"Read","floor":22.0,"gold_loss":0.0,"damage_taken":0.0,"cards_obtained":["Shrug It Off"]},{"cards_removed":["Strike_R"],"damage_healed":0.0,"max_hp_gain":0.0,"max_hp_loss":0.0,"gold_gain":0.0,"event_name":"Bonfire Elementals","player_choice":"Offered Basic","floor":27.0,"gold_loss":0.0,"damage_taken":0.0},{"cards_removed":["Strike_R"],"damage_healed":0.0,"max_hp_gain":0.0,"max_hp_loss":0.0,"gold_gain":0.0,"event_name":"Wheel of Change","player_choice":"Card Removal","floor":32.0,"gold_loss":0.0,"damage_taken":0.0},{"damage_healed":0.0,"max_hp_gain":0.0,"max_hp_loss":0.0,"gold_gain":0.0,"event_name":"Mysterious Sphere","player_choice":"Fight","floor":36.0,"gold_loss":0.0,"damage_taken":0.0},{"damage_healed":0,"gold_gain":0,"player_choice":"Damaged","damage_taken":12,"max_hp_gain":0,"max_hp_loss":0,"event_name":"Wheel of Change","floor":45,"gold_loss":0}],"is_beta":false,"boss_relics":[{"not_picked":["Astrolabe","Abe\u0027s Treasure"],"picked":"ChewingGum"},{"not_picked":["Honey Jar","Runic Cube"],"picked":"Runic Dome"}],"items_purged_floors":[5,11,21,31,38],"is_endless":false,"potions_floor_spawned":[1,3,10,14,16,19,23,29,33,39,42,44,46,47],"ascension_level":20}}