{"host":"Doisman","time":1613585295,"event":{"mods":["AchievementEnabler","BaseMod","Better Note","Curses Come First","Minty Spire (QoL Compilation)","Permanent Neow","Quick Restart","Relic Stats","Replay The Spire","StSLib","slay the spire mod where everything is the same but ironclad has a cowboy hat"],"gold_per_floor":[113,113,113,127,137,137,164,164,187,462,472,34,72,104,104,219,219,255,11,11,11,11,11,11,11,34,77,117,179,179,212,212,337,337,379,433,433,433,466,528,528,561,630,666,666,666,723,723,422,478,478,508],"floor_reached":53,"language":"ENG","playtime":4365,"items_purged":["Regret","Strike_G+1"],"score":607,"play_id":"91dce12a-d838-440d-900f-0e5a8adffacc","local_time":"20210217120815","is_ascension_mode":false,"campfire_choices":[{"data":"ReplayTheSpireMod:Scrap Shanks","floor":6,"key":"SMITH"},{"data":"Cloak And Dagger","floor":8,"key":"SMITH"},{"data":"Replay:Bag of Tricks","floor":15,"key":"SMITH"},{"data":"Cloak And Dagger","floor":23,"key":"SMITH"},{"data":"Accuracy","floor":25,"key":"SMITH"},{"data":"Dodge and Roll","floor":30,"key":"SMITH"},{"data":"Hidden Blade","floor":32,"key":"SMITH"},{"data":"Adrenaline","floor":41,"key":"SMITH"},{"data":"Cloak And Dagger","floor":48,"key":"SMITH"},{"data":"Pot Of Greed","floor":51,"key":"SMITH"}],"circlet_count":0,"master_deck":["Defend_G+1","Defend_G","Defend_G","Defend_G","Defend_G+1","Survivor","Neutralize+1","ReplayTheSpireMod:Scrap Shanks+1","Tools of the Trade","Dodge and Roll+1","Hidden Blade+1","Cloak And Dagger+1","Acrobatics","Accuracy+1","Replay:Bag of Tricks+1","Cloak And Dagger+1","Infinite Blades","Tools of the Trade","Hidden Blade","ReplayTheSpireMod:Scrap Shanks+1","Leg Sweep+1","Corpse Explosion","Deflect+1","Adrenaline+1","Cloak And Dagger+1","Bullet Time","Leg Sweep+1","Blur+1","Blade Dance+1","Pot Of Greed+1","Pot Of Greed","Pot Of Greed","Dodge and Roll","Cloak And Dagger+1"],"relics":["WristBlade","Regal Pillow","Pet Ghost","Replay:Bandana","Coffee Dripper","Membership Card","War Paint","Replay:Mystery Machine","Toy Ornithopter","Empty Cage","Replay:Rubber Ducky","CeramicFish","Pear","Mummified Hand","Grinning Jar"],"acts_visited":["Exordium","TheCity","TheBeyond"],"potions_floor_usage":[16,27,40,40,47,52,52],"damage_taken":[{"damage":0,"enemies":"Small Slimes","floor":1,"turns":3},{"damage":0,"enemies":"Cultist","floor":4,"turns":3},{"damage":0,"enemies":"2 Louse","floor":5,"turns":3},{"damage":5,"enemies":"3 Sentries","floor":7,"turns":7},{"damage":3,"enemies":"Red Slaver","floor":11,"turns":4},{"damage":6,"enemies":"Exordium Thugs","floor":13,"turns":4},{"damage":0,"enemies":"Large Slime","floor":14,"turns":3},{"damage":21,"enemies":"The Guardian","floor":16,"turns":8},{"damage":0,"enemies":"Chosen","floor":18,"turns":3},{"damage":0,"enemies":"Spheric Guardian","floor":27,"turns":3},{"damage":3,"enemies":"Centurion and Healer","floor":28,"turns":3},{"damage":0,"enemies":"Gremlin Leader","floor":29,"turns":5},{"damage":0,"enemies":"Cultist and Chosen","floor":31,"turns":4},{"damage":32,"enemies":"Automaton","floor":33,"turns":7},{"damage":6,"enemies":"3 Shapes","floor":35,"turns":3},{"damage":0,"enemies":"3 Darklings","floor":39,"turns":3},{"damage":10,"enemies":"Reptomancer","floor":40,"turns":4},{"damage":0,"enemies":"Spire Growth","floor":42,"turns":5},{"damage":0,"enemies":"Jaw Worm Horde","floor":44,"turns":3},{"damage":4,"enemies":"Transient","floor":47,"turns":5},{"damage":0,"enemies":"Spire Growth","floor":50,"turns":3},{"damage":0,"enemies":"Replay:Hell Engine","floor":52,"turns":6}],"seed_played":"-3899927358613991614","potions_obtained":[{"floor":1,"key":"FairyPotion"},{"floor":4,"key":"Venom Potion"},{"floor":16,"key":"CunningPotion"},{"floor":29,"key":"Elixir"},{"floor":33,"key":"PowerPotion"},{"floor":35,"key":"SkillPotion"},{"floor":44,"key":"SteroidPotion"}],"is_trial":false,"path_per_floor":["M","?","?","M","M","R","E","R","T","?","M","$","M","M","R","B",null,"M","$","?","$","?","R","?","R","T","M","M","E","R","M","R","B",null,"M","T","?","?","M","E","R","M","T","M","PTL","PTL","M","R","$","M","R","B",null],"character_chosen":"THE_SILENT","items_purchased":["Accuracy","Replay:Bandana","Replay:Bag of Tricks","Membership Card","War Paint","Hidden Blade","Mummified Hand","Grinning Jar","Reflective Coating","FearPotion","Dodge and Roll"],"campfire_rested":0,"item_purchase_floors":[12,12,12,19,19,19,49,49,49,49,49],"current_hp_per_floor":[70,56,56,56,56,56,51,51,51,51,48,48,42,42,42,21,70,70,70,70,70,70,70,70,70,70,70,67,67,67,67,67,35,70,64,64,64,64,64,56,56,56,66,66,66,66,67,67,67,67,67,76],"gold":508,"neow_bonus":"BOSS_RELIC","is_daily":false,"chose_seed":false,"campfire_upgraded":10,"win_rate":0.0,"timestamp":1613585295,"path_taken":["M","?","?","?","M","R","E","R","T","?","M","$","?","M","R","BOSS","M","$","?","?","?","R","?","R","T","M","M","E","R","M","R","BOSS","M","?","?","?","M","E","R","M","T","M","PTL","PTL","M","R","$","M","R","BOSS"],"items_purchased_type":["Card","Relic","Card","Relic","Relic","Card","Relic","Relic","Potion","Potion","Card"],"build_version":"2020-12-18","purchased_purges":2,"victory":true,"max_hp_per_floor":[70,70,70,70,70,70,70,70,70,70,70,70,70,70,70,70,70,70,70,70,70,70,70,70,70,70,70,70,70,70,70,70,70,70,70,70,66,66,66,66,66,66,76,76,76,76,76,76,76,76,76,76],"relic_stats":{"Regal Pillow":0,"counters":[22,92],"Mummified Hand":[6],"CeramicFish":63,"War Paint":["Defend_G","Defend_G"],"obtain_stats":[{"Regal Pillow":7,"Pear":43,"CeramicFish":40,"War Paint":19,"Replay:Mystery Machine":26,"Empty Cage":34,"Pet Ghost":9,"Replay:Rubber Ducky":36,"Replay:Bandana":12,"WristBlade":0,"Mummified Hand":49,"Coffee Dripper":17,"Membership Card":19,"Grinning Jar":49,"Toy Ornithopter":29,"Ring of the Snake":0},{"Regal Pillow":4,"Pear":18,"CeramicFish":17,"War Paint":9,"Replay:Mystery Machine":9,"Empty Cage":14,"Pet Ghost":4,"Replay:Rubber Ducky":15,"Replay:Bandana":5,"WristBlade":0,"Mummified Hand":20,"Coffee Dripper":8,"Membership Card":9,"Grinning Jar":20,"Toy Ornithopter":12,"Ring of the Snake":0},{"Regal Pillow":16,"Pear":75,"CeramicFish":70,"War Paint":38,"Replay:Mystery Machine":38,"Empty Cage":60,"Pet Ghost":16,"Replay:Rubber Ducky":63,"Replay:Bandana":20,"WristBlade":0,"Mummified Hand":83,"Coffee Dripper":35,"Membership Card":38,"Grinning Jar":83,"Toy Ornithopter":49,"Ring of the Snake":0}],"Toy Ornithopter":16},"card_choices":[{"not_picked":["Sucker Punch","Skewer"],"picked":"ReplayTheSpireMod:Scrap Shanks","floor":1},{"not_picked":["Dagger Throw","ReplayTheSpireMod:Exploit Weakness"],"picked":"Dodge and Roll","floor":4},{"not_picked":["Bane","Crippling Poison"],"picked":"Hidden Blade","floor":5},{"not_picked":["Slice","Flying Knee"],"picked":"Cloak And Dagger","floor":7},{"not_picked":["Doppelganger","ReplayTheSpireMod:Exploit Weakness"],"picked":"Acrobatics","floor":11},{"not_picked":["Escape Plan","Slice"],"picked":"Cloak And Dagger","floor":13},{"not_picked":["All Out Attack","Dagger Throw"],"picked":"Infinite Blades","floor":14},{"not_picked":["Grand Finale","Bullet Time"],"picked":"Tools of the Trade","floor":16},{"not_picked":["Quick Slash","Outmaneuver","Dagger Spray"],"picked":"SKIP","floor":18},{"not_picked":["Deflect","Deadly Poison"],"picked":"Leg Sweep+1","floor":27},{"not_picked":["Outmaneuver","Underhanded Strike"],"picked":"Corpse Explosion","floor":28},{"not_picked":["Toxin Wave+1","Quick Slash","Sneak Up+1"],"picked":"SKIP","floor":29},{"not_picked":["Flying Knee","Hidden Blade"],"picked":"Deflect+1","floor":31},{"not_picked":["Tools of the Trade","Atom Bomb"],"picked":"Adrenaline","floor":33},{"not_picked":["ReplayTheSpireMod:Scrap Shanks+1","PiercingWail"],"picked":"Cloak And Dagger","floor":35},{"not_picked":["ReplayTheSpireMod:Shiv Toss","Flying Knee+1"],"picked":"Leg Sweep+1","floor":39},{"not_picked":["Outmaneuver","Flying Knee"],"picked":"Blur+1","floor":40},{"not_picked":["Dagger Spray+1","Deflect"],"picked":"Blade Dance+1","floor":42},{"not_picked":["Calculated Gamble","Hidden Blade","Dagger Throw"],"picked":"SKIP","floor":44},{"not_picked":["Outmaneuver","Poisoned Stab+1","Quick Slash+1"],"picked":"SKIP","floor":47},{"not_picked":["Calculated Gamble","Distraction+1"],"picked":"Cloak And Dagger+1","floor":50}],"player_experience":749765,"relics_obtained":[{"floor":7,"key":"Regal Pillow"},{"floor":9,"key":"Pet Ghost"},{"floor":26,"key":"Replay:Mystery Machine"},{"floor":29,"key":"Toy Ornithopter"},{"floor":36,"key":"Replay:Rubber Ducky"},{"floor":40,"key":"CeramicFish"},{"floor":43,"key":"Pear"}],"event_choices":[{"damage_healed":0,"gold_gain":0,"player_choice":"Entered Light","damage_taken":14,"max_hp_gain":0,"max_hp_loss":0,"event_name":"Shining Light","floor":2,"gold_loss":0,"cards_upgraded":["Strike_G","Neutralize"]},{"damage_healed":0,"gold_gain":0,"cards_transformed":["Strike_G"],"player_choice":"Transformed","damage_taken":0,"max_hp_gain":0,"max_hp_loss":0,"event_name":"Transmorgrifier","floor":3,"gold_loss":0,"cards_obtained":["Tools of the Trade"]},{"damage_healed":0,"gold_gain":275,"player_choice":"Desecrate","damage_taken":0,"max_hp_gain":0,"max_hp_loss":0,"event_name":"Golden Shrine","floor":10,"gold_loss":0,"cards_obtained":["Regret"]},{"damage_healed":0,"gold_gain":0,"player_choice":"Ignored","damage_taken":0,"max_hp_gain":0,"max_hp_loss":0,"event_name":"betterNote:BetterNote","floor":20,"gold_loss":0,"cards_obtained":["Die Die Die"]},{"damage_healed":0,"gold_gain":0,"player_choice":"Ignored","damage_taken":0,"max_hp_gain":0,"max_hp_loss":0,"event_name":"Vampires","floor":22,"gold_loss":0},{"damage_healed":0,"gold_gain":0,"player_choice":"Copied","damage_taken":0,"max_hp_gain":0,"max_hp_loss":0,"event_name":"Duplicator","floor":24,"gold_loss":0,"cards_obtained":["ReplayTheSpireMod:Scrap Shanks"]},{"damage_healed":0,"gold_gain":0,"player_choice":"Max HP","damage_taken":0,"max_hp_gain":0,"max_hp_loss":4,"event_name":"Winding Halls","floor":37,"gold_loss":0},{"damage_healed":0,"gold_gain":0,"cards_transformed":["Strike_G"],"player_choice":"Transformed","damage_taken":0,"max_hp_gain":0,"max_hp_loss":0,"event_name":"Transmorgrifier","floor":38,"gold_loss":0,"cards_obtained":["Bullet Time"]}],"is_beta":true,"boss_relics":[{"not_picked":["Ring of Chaos","Calling Bell"],"picked":"Coffee Dripper"},{"not_picked":["Fusion Hammer","HoveringKite"],"picked":"Empty Cage"}],"items_purged_floors":[12,49],"is_endless":false,"potions_floor_spawned":[1,4,16,29,33,35,39,44],"ascension_level":0}}