{"host":"d76q0rb9a0s9bgr5","time":1613580306,"event":{"mods":["BaseMod","Downfall","Hubris","Minty Spire (QoL Compilation)","StSLib"],"gold_per_floor":[116,129,146,158,258,271,271,271,421,440,440,440,200,218,218,315,315,315,330,330,58,71,90,90,90,90,90],"floor_reached":25,"language":"ENG","playtime":1520,"items_purged":["downfall:Icky","sneckomod:Defend"],"score":195,"play_id":"d6f95f7e-6d90-4b32-aaba-59a1bb58edca","local_time":"20210217174506","is_ascension_mode":false,"campfire_choices":[{"data":"sneckomod:Unknown","floor":11,"key":"SMITH"},{"data":"sneckomod:UnknownClassTHE_CHAMP_GRAY","floor":15,"key":"SMITH"}],"circlet_count":0,"master_deck":["sneckomod:Defend","sneckomod:Defend","sneckomod:TailWhip","sneckomod:Unknown+1","sneckomod:Unknown","sneckomod:QuickBite+1","sneckomod:UnknownCommonAttack","sneckomod:QuickMove","sneckomod:UnknownClassTHE_CHAMP_GRAY+1","sneckomod:UnknownBoss","sneckomod:UnknownClassTHE_CHAMP_GRAY","sneckomod:IronFang+1"],"relics":["Empty Cage","Blood Vial","sneckomod:SneckoCommon","Sozu","Lantern","Eternal Feather"],"acts_visited":["Exordium","TheCity"],"potions_floor_usage":[16,16],"damage_taken":[{"damage":0,"enemies":"2 Louse","floor":1,"turns":2},{"damage":0,"enemies":"Small Slimes","floor":2,"turns":4},{"damage":8,"enemies":"Jaw Worm","floor":3,"turns":3},{"damage":9,"enemies":"Large Slime","floor":4,"turns":6},{"damage":44,"enemies":"downfall:Heads","floor":5,"turns":7},{"damage":2,"enemies":"Exordium Thugs","floor":6,"turns":3},{"damage":0,"enemies":"downfall:LooterAlt","floor":10,"turns":3},{"damage":5,"enemies":"downfall:FleeingMerchant","floor":13,"turns":4},{"damage":0,"enemies":"Red Slaver","floor":14,"turns":2},{"damage":6,"enemies":"DF_ARCHETYPE_STREAMLINE","floor":16,"turns":8},{"damage":0,"enemies":"Chosen","floor":18,"turns":1},{"damage":20,"enemies":"Spheric Guardian","floor":19,"turns":3},{"damage":2,"enemies":"downfall:FleeingMerchant","floor":21,"turns":4},{"damage":20,"enemies":"Snecko","floor":22,"turns":4},{"damage":19,"enemies":"Snake Plant","floor":23,"turns":6},{"damage":58,"enemies":"Slavers","floor":25,"turns":3}],"seed_played":"4613320528320270008","potions_obtained":[{"floor":2,"key":"LiquidMemories"},{"floor":4,"key":"Regen Potion"},{"floor":6,"key":"Guardian:BlockOnCardUsePotion"},{"floor":16,"key":"BlessingOfTheForge"}],"is_trial":false,"path_per_floor":["M","M","M","M","?","M","T","?","?","M","R","?","$","M","R","B",null,"M","M","?","$","M","M","T","E"],"character_chosen":"THE_SNECKO","items_purchased":["sneckomod:SneckoCommon","Lantern"],"campfire_rested":0,"item_purchase_floors":[13,21],"current_hp_per_floor":[90,90,82,73,29,27,27,27,27,29,29,29,31,33,33,43,90,90,85,85,90,70,53,53,0,0,0],"gold":90,"neow_bonus":"BOSS_RELIC","is_daily":false,"chose_seed":false,"campfire_upgraded":2,"win_rate":0.0,"timestamp":1613580306,"path_taken":["M","M","M","M","?","M","T","?","?","?","R","?","?","?","R","BOSS","M","M","?","$","?","M","T","E"],"items_purchased_type":["Relic","Relic"],"build_version":"2020-12-22","purchased_purges":2,"victory":false,"max_hp_per_floor":[90,90,90,90,90,90,90,90,90,90,90,90,90,90,90,90,90,90,90,90,90,90,90,90,90,90,90],"card_choices":[{"not_picked":["sneckomod:Nope","sneckomod:IronFang","sneckomod:Unknown1Cost"],"picked":"SKIP","floor":1},{"not_picked":["sneckomod:UnknownCommonAttack","sneckomod:Unknown1Cost","sneckomod:UnendingSupply"],"picked":"SKIP","floor":2},{"not_picked":["sneckomod:DiceCrush","sneckomod:UnknownStrike","sneckomod:ImprovisedGuard"],"picked":"SKIP","floor":3},{"not_picked":["sneckomod:IronFang","sneckomod:UnknownStrength"],"picked":"sneckomod:QuickBite","floor":4},{"not_picked":["sneckomod:DiceBlock","sneckomod:RainOfDice","sneckomod:SoulExchange"],"picked":"SKIP","floor":6},{"not_picked":["sneckomod:UnknownBlock","sneckomod:DiceBlock","sneckomod:MixItUp"],"picked":"SKIP","floor":10},{"not_picked":["sneckomod:TrashToTreasure","sneckomod:SerpentMind"],"picked":"sneckomod:QuickMove","floor":13},{"not_picked":["sneckomod:TrashToTreasure","sneckomod:DiceBlock","sneckomod:Rotation"],"picked":"SKIP","floor":14},{"not_picked":["sneckomod:SerpentMind","sneckomod:Cheat"],"picked":"sneckomod:UnknownBoss","floor":16},{"not_picked":["sneckomod:Unknown2Cost","sneckomod:UnknownBlock"],"picked":"sneckomod:UnknownClassTHE_CHAMP_GRAY","floor":18},{"not_picked":["sneckomod:UnknownExhaust+1","sneckomod:SoulDraw+1","sneckomod:DiceBoulder"],"picked":"SKIP","floor":19},{"not_picked":["sneckomod:RainOfDice","sneckomod:Memorize","sneckomod:UnknownX"],"picked":"SKIP","floor":21},{"not_picked":["sneckomod:UnknownBlock","sneckomod:DiceCrush"],"picked":"sneckomod:IronFang+1","floor":22},{"not_picked":["sneckomod:Rotation","sneckomod:UnknownUncommonSkill+1","sneckomod:UnknownVulnerable"],"picked":"SKIP","floor":23}],"player_experience":160618,"relics_obtained":[{"floor":7,"key":"Blood Vial"},{"floor":24,"key":"Eternal Feather"}],"event_choices":[{"damage_healed":0,"gold_gain":0,"player_choice":"Got Potions","damage_taken":0,"max_hp_gain":0,"max_hp_loss":0,"event_name":"Lab","floor":20,"gold_loss":0}],"is_beta":false,"boss_relics":[{"not_picked":["hubris:RunicObelisk","hubris:GrandSneckoEye"],"picked":"Sozu"}],"items_purged_floors":[13,21],"is_endless":false,"potions_floor_spawned":[2,4,6,14,16,22,23],"killed_by":"Slavers","ascension_level":0}}