{"host":"kmd7yw11mgzs6kox","time":1613545762,"event":{"mods":["ATMod(阿瑾Mod)","BaseMod","Decade(王小明)","Downfall","GungeonMod","Lobotomy","LobotomyExtend","Marisa（F雨　魔理沙）","Minty Spire (QoL Compilation)","Remilia（蕾米莉亚）","Replay The Spire","Shop Mod","StSLib","The Bladedancer","The Bug Knight","The Poker Player","The Servant 0.9.4","Waifu the Spire","WarShipGirlsR/战舰少女R mod","Youmu（魂魄妖梦）","Yuri Mod"],"gold_per_floor":[99,119,132,150,150,184,265,265,265,282,298,298,318,53,66,165,165,165,178,188,202,54,54,54,54,184,184,214,214,214,70,85,85,85,85],"floor_reached":33,"language":"ZHS","playtime":2009,"items_purged":["Dazed"],"score":292,"play_id":"8dfb8831-89f0-477f-9dd4-8b4a82a672c5","local_time":"20210217150922","is_ascension_mode":false,"campfire_choices":[{"floor":1,"key":"RECALL"},{"data":"Slimebound:CorrosiveSpit","floor":9,"key":"SMITH"},{"data":"AT_EmpoweredMortalDraw","floor":18,"key":"SMITH"},{"floor":25,"key":"REST"},{"floor":27,"key":"REST"},{"data":"Slimebound:LeadByExample","floor":30,"key":"SMITH"}],"circlet_count":0,"master_deck":["Slimebound:Strike_Slimebound+1","Slimebound:Strike_Slimebound","Slimebound:Strike_Slimebound","Slimebound:Tackle+1","Slimebound:Defend_Slimebound","Slimebound:Defend_Slimebound","Slimebound:Defend_Slimebound","Slimebound:Defend_Slimebound","Slimebound:Split","Slimebound:CorrosiveSpit+1","Dazed","Slimebound:SlimeBarrage+1","Slimebound:SplitMire+1","Dazed","Slimebound:SplitAcid","Slimebound:Replication","Slimebound:FlameTackle","Sword Boomerang","Slimebound:GrowthPunch","Slimebound:FirmFortitude","AT_EmpoweredMortalDraw+1","Slimebound:SplitAcid+1","Slimebound:TongueLash+1","Slimebound:ProtectTheBoss+1","Slimebound:LeadByExample+1","Slimebound:BestDefense+1","Slimebound:ItLooksTasty","Slimebound:GoopSpray+1","Voices","Slimebound:LevelUp"],"relics":["AT_ATBox","LetterFromLob","DemoMod:PoisonVial","MagicBullet_r","m_BurningSludge","Slimebound:MaxSlimesRelic","AT_MortalBlade","Pen Nib","Eternal Feather","HandDrill","Bag of Preparation","White Beast Statue","DemoMod:WeirdEgg"],"acts_visited":["Exordium","TheCity"],"potions_floor_usage":[14,20,22,22,33],"damage_taken":[{"damage":11,"enemies":"Jaw Worm","floor":2,"turns":2},{"damage":5,"enemies":"2 Louse","floor":3,"turns":3},{"damage":3,"enemies":"Small Slimes","floor":4,"turns":2},{"damage":25,"enemies":"3 Sentries","floor":6,"turns":5},{"damage":4,"enemies":"Lagavulin","floor":8,"turns":8},{"damage":8,"enemies":"Gremlin Gang","floor":10,"turns":2},{"damage":11,"enemies":"Exordium Thugs","floor":11,"turns":3},{"damage":10,"enemies":"downfall:LooterAlt","floor":13,"turns":2},{"damage":0,"enemies":"downfall:FleeingMerchant","floor":14,"turns":4},{"damage":0,"enemies":"Exordium Wildlife","floor":15,"turns":3},{"damage":4,"enemies":"SI_SHIV_ARCHETYPE","floor":16,"turns":5},{"damage":49,"enemies":"3 Byrds","floor":19,"turns":4},{"damage":8,"enemies":"Snecko","floor":20,"turns":3},{"damage":12,"enemies":"Cultist and Chosen","floor":21,"turns":2},{"damage":0,"enemies":"downfall:FleeingMerchant","floor":22,"turns":4},{"damage":16,"enemies":"downfall:FleeingMerchant","floor":26,"turns":4},{"damage":12,"enemies":"Gremlin Leader","floor":28,"turns":3},{"damage":0,"enemies":"Snake Plant","floor":32,"turns":1},{"damage":65,"enemies":"IC_MUSHROOM_ARCHETYPE","floor":33,"turns":8}],"seed_played":"7298309413025472003","potions_obtained":[{"floor":2,"key":"SpeedPotion"},{"floor":4,"key":"Adrenaline Potion"},{"floor":10,"key":"Fire Potion"},{"floor":16,"key":"Ancient Potion"},{"floor":20,"key":"Guardian:BlockOnCardUsePotion"},{"floor":32,"key":"SkillPotion"}],"is_trial":false,"path_per_floor":["R","M","M","M","?","E","T","E","R","M","M","?","M","$","M","B",null,"R","M","M","M","$","?","T","R","$","R","E","?","R","$","M","B"],"character_chosen":"SLIMEBOUND","items_purchased":["Slimebound:MaxSlimesRelic","Slimebound:BestDefense+1","Eternal Feather","HandDrill","Bag of Preparation","DemoMod:WeirdEgg"],"campfire_rested":2,"item_purchase_floors":[14,22,26,26,26,31],"current_hp_per_floor":[71,60,59,58,58,39,39,35,35,33,24,24,16,22,28,32,71,71,28,26,18,26,13,13,35,23,60,48,48,63,63,65,0,0,0],"gold":85,"neow_bonus":"TEN_PERCENT_HP_BONUS","is_daily":false,"chose_seed":false,"campfire_upgraded":3,"win_rate":0.0,"timestamp":1613545762,"path_taken":["R","M","M","M","?","E","T","E","R","M","M","?","M","?","M","BOSS","R","M","M","?","?","?","T","R","$","R","E","?","R","$","M","BOSS"],"items_purchased_type":["Relic","Card","Relic","Relic","Relic","Relic"],"build_version":"2020-12-22","purchased_purges":1,"victory":false,"max_hp_per_floor":[71,71,71,71,71,71,71,71,71,71,71,71,71,71,71,71,71,71,71,71,71,71,76,76,76,76,76,76,76,76,76,76,76,76,76],"card_choices":[{"not_picked":["Slimebound:RainOfGoop","Slimebound:Equalize"],"picked":"Slimebound:SlimeBarrage","floor":2},{"not_picked":["Slimebound:RejuvenatingLick","Slimebound:Nibble"],"picked":"Slimebound:SplitLeeching","floor":3},{"not_picked":["Slimebound:DisruptingSlam","Slimebound:Equalize"],"picked":"Slimebound:SplitMire","floor":4},{"not_picked":["Slimebound:ProtectTheBoss","Slimebound:Gluttony"],"picked":"Slimebound:LeadByExample","floor":6},{"not_picked":["Slimebound:MinionMaster","Slimebound:LeadByExample"],"picked":"Slimebound:SplitAcid","floor":10},{"not_picked":["Slimebound:FinishingTackle","Slimebound:LeechingTouch"],"picked":"Slimebound:Replication","floor":11},{"not_picked":["Slimebound:LeechEnergy","Slimebound:LeadByExample"],"picked":"Slimebound:FlameTackle","floor":13},{"not_picked":["Slimebound:Grow","Slimebound:Chomp"],"picked":"Sword Boomerang","floor":14},{"not_picked":["Slimebound:ViciousTackle","Sword Boomerang"],"picked":"Slimebound:GrowthPunch","floor":15},{"not_picked":["Slimebound:CheckThePlaybook","Slimebound:SlimeSlap"],"picked":"Slimebound:FirmFortitude","floor":16},{"not_picked":["Slimebound:Prepare","Slimebound:Gluttony"],"picked":"Slimebound:SplitAcid+1","floor":19},{"not_picked":["Slimebound:GoopTackle","Slimebound:Chomp"],"picked":"Slimebound:TongueLash+1","floor":20},{"not_picked":["Slimebound:DouseInSlime","Slimebound:LivingWall"],"picked":"Slimebound:ProtectTheBoss+1","floor":21},{"not_picked":["Slimebound:SplitLeeching","Slimebound:SlimeSpikes"],"picked":"Slimebound:LeadByExample","floor":22},{"not_picked":["Slimebound:LivingWall","Slimebound:SplitBruiser"],"picked":"Slimebound:ItLooksTasty","floor":26},{"not_picked":["Slimebound:PressTheAttack","Slimebound:FinishingTackle"],"picked":"Slimebound:GoopSpray+1","floor":28},{"not_picked":["Slimebound:Gluttony","Slimebound:ItLooksTasty"],"picked":"Slimebound:LevelUp","floor":32}],"player_experience":38089,"relics_obtained":[{"floor":2,"key":"LetterFromLob"},{"floor":6,"key":"DemoMod:PoisonVial"},{"floor":24,"key":"Pen Nib"},{"floor":28,"key":"White Beast Statue"}],"event_choices":[],"is_beta":false,"boss_relics":[{"not_picked":["SlaversCollar","Calling Bell"],"picked":"AT_MortalBlade"}],"items_purged_floors":[22],"is_endless":false,"potions_floor_spawned":[2,4,10,16,20,21,32],"killed_by":"IC_MUSHROOM_ARCHETYPE","ascension_level":0}}