{"host":"ty2cix8xj6r3ad26","time":1613584595,"event":{"mods":["AchievementEnabler","BaseMod","BetterRewards","Minty Spire (QoL Compilation)","Quick Restart","StSLib","SuperFastMode"],"gold_per_floor":[115,125,125,125,81,81,81,106,106,132,165,165,41,41,41,118,118,137,152,186,186,202,231,247,267,290,315,369,399,399,399,399,471,471,486,504,555,574,250,278,278,296,296,296,296,518,405,434,434,434,434,434,301,329,329],"floor_reached":56,"language":"ENG","playtime":4296,"items_purged":["Strike_R","Defend_R","Strike_R","Strike_R","Strike_R","Strike_R","Defend_R"],"score":3586,"play_id":"1a5a5f56-5feb-4c51-95f8-f12e6f5aa9e7","local_time":"20210217195635","is_ascension_mode":true,"campfire_choices":[{"floor":6,"key":"REST"},{"data":"Corruption","floor":7,"key":"SMITH"},{"data":"Uppercut","floor":12,"key":"SMITH"},{"data":"Shrug It Off","floor":15,"key":"SMITH"},{"data":"Body Slam","floor":30,"key":"SMITH"},{"floor":32,"key":"RECALL"},{"data":"Juggernaut","floor":41,"key":"SMITH"},{"data":"Feel No Pain","floor":45,"key":"SMITH"},{"data":"Defend_R","floor":49,"key":"SMITH"},{"data":"Defend_R","floor":52,"key":"SMITH"}],"circlet_count":0,"master_deck":["AscendersBane","Defend_R+1","Defend_R+1","Shrug It Off+1","Rampage+1","Master of Strategy+1","Feel No Pain+1","Spot Weakness+1","Uppercut+1","Disarm+1","Heavy Blade+1","True Grit+1","Corruption+1","Shockwave+1","Offering+1","Impervious+1","Battle Trance+1","Body Slam+1","Sentinel+1","Ghostly Armor+1","Entrench+1","Juggernaut+1","Dark Embrace+1","Seeing Red+1"],"relics":["Burning Blood","CaptainsWheel","Centennial Puzzle","Membership Card","Charon\u0027s Ashes","Anchor","Pocketwatch","Toxic Egg 2","Thread and Needle","WingedGreaves","Eternal Feather","MealTicket","Orichalcum","Brimstone","Coffee Dripper","Red Mask","Dream Catcher","Art of War","Bag of Preparation","Bag of Marbles","Darkstone Periapt","Sozu","Torii","Bottled Lightning","ClockworkSouvenir","Bronze Scales","Ancient Tea Set","Magic Flower","Bottled Tornado","War Paint"],"acts_visited":["Exordium","TheCity","TheBeyond","TheEnding"],"potions_floor_usage":[33,33,55],"damage_taken":[{"damage":0,"enemies":"Jaw Worm","floor":1,"turns":3},{"damage":0,"enemies":"Cultist","floor":2,"turns":3},{"damage":0,"enemies":"3 Sentries","floor":8,"turns":4},{"damage":0,"enemies":"Lagavulin","floor":10,"turns":4},{"damage":6,"enemies":"Gremlin Nob","floor":11,"turns":3},{"damage":6,"enemies":"The Guardian","floor":16,"turns":4},{"damage":6,"enemies":"Shell Parasite","floor":18,"turns":2},{"damage":6,"enemies":"Spheric Guardian","floor":19,"turns":2},{"damage":0,"enemies":"Masked Bandits","floor":20,"turns":2},{"damage":6,"enemies":"Snecko","floor":22,"turns":3},{"damage":6,"enemies":"Slavers","floor":23,"turns":3},{"damage":6,"enemies":"Centurion and Healer","floor":24,"turns":3},{"damage":6,"enemies":"Chosen and Byrds","floor":25,"turns":2},{"damage":6,"enemies":"Book of Stabbing","floor":27,"turns":3},{"damage":6,"enemies":"Gremlin Leader","floor":29,"turns":3},{"damage":6,"enemies":"Champ","floor":33,"turns":5},{"damage":6,"enemies":"3 Darklings","floor":35,"turns":1},{"damage":0,"enemies":"Orb Walker","floor":36,"turns":2},{"damage":6,"enemies":"2 Orb Walkers","floor":37,"turns":2},{"damage":6,"enemies":"Transient","floor":38,"turns":5},{"damage":6,"enemies":"Giant Head","floor":40,"turns":1},{"damage":6,"enemies":"Jaw Worm Horde","floor":42,"turns":2},{"damage":6,"enemies":"Reptomancer","floor":48,"turns":1},{"damage":6,"enemies":"Awakened One","floor":50,"turns":2},{"damage":6,"enemies":"Shield and Spear","floor":54,"turns":3},{"damage":8,"enemies":"The Heart","floor":55,"turns":5}],"seed_played":"-3049935248868755576","potions_obtained":[{"floor":1,"key":"SkillPotion"},{"floor":10,"key":"SteroidPotion"},{"floor":18,"key":"EntropicBrew"}],"is_trial":false,"path_per_floor":["M","M","?","?","$","R","R","E","T","E","E","R","$","$","R","B",null,"M","M","?","?","M","E","M","M","T","E","T","E","R","?","R","B",null,"M","M","?","M","$","E","R","M","T","?","R","?","$","E","R","B",null,"R","$","E","B",null],"character_chosen":"IRONCLAD","items_purchased":["Shrug It Off","Centennial Puzzle","Membership Card","Charon\u0027s Ashes","Anchor","Rampage","Toxic Egg 2","Master of Strategy+1","Feel No Pain","Spot Weakness+1","Uppercut","Disarm+1","Heavy Blade","SpeedPotion","Corruption","Brimstone","Flame Barrier+1","Bottled Lightning","ClockworkSouvenir","Bottled Tornado"],"campfire_rested":1,"item_purchase_floors":[0,0,0,0,0,0,0,0,0,0,0,0,0,0,5,13,13,39,39,53],"current_hp_per_floor":[27,33,10,10,10,32,32,38,38,44,44,53,68,75,75,75,75,75,75,75,75,75,75,75,75,75,75,75,75,75,75,75,75,75,75,75,75,75,75,75,75,75,75,75,75,75,75,75,75,75,75,75,75,75,75],"gold":329,"neow_bonus":"","is_daily":false,"chose_seed":false,"campfire_upgraded":8,"win_rate":0.0,"timestamp":1613584595,"path_taken":["M","M","?","?","$","R","R","E","T","E","E","R","?","$","R","BOSS","M","?","?","?","?","E","M","M","T","E","?","E","R","?","R","BOSS","M","M","?","M","$","E","R","M","T","?","R","?","$","E","R","BOSS","R","$","E","BOSS"],"items_purchased_type":["Card","Relic","Relic","Relic","Relic","Card","Relic","Card","Card","Card","Card","Card","Card","Potion","Card","Relic","Card","Relic","Relic","Relic"],"build_version":"2020-12-22","purchased_purges":7,"victory":true,"max_hp_per_floor":[75,75,75,75,75,75,75,75,75,75,75,75,75,75,75,75,75,75,75,75,75,75,75,75,75,75,75,75,75,75,75,75,75,75,75,75,75,75,75,75,75,75,75,75,75,75,75,75,75,75,75,75,75,75,75],"card_choices":[{"not_picked":["Flex+1","Headbutt"],"picked":"True Grit+1","floor":1},{"not_picked":["Combust","Whirlwind","Pommel Strike"],"picked":"SKIP","floor":2},{"not_picked":["Dropkick","Carnage"],"picked":"Shockwave+1","floor":8},{"not_picked":["Rage+1","Perfected Strike"],"picked":"Offering+1","floor":10},{"not_picked":["Cleave","Thunderclap","Wild Strike"],"picked":"SKIP","floor":11},{"not_picked":["Brutality","Demon Form"],"picked":"Impervious+1","floor":16},{"not_picked":["Twin Strike","Intimidate+1","Flex+1"],"picked":"SKIP","floor":18},{"not_picked":["Whirlwind","Feel No Pain"],"picked":"Battle Trance+1","floor":19},{"not_picked":["Headbutt","Sword Boomerang"],"picked":"Body Slam","floor":20},{"not_picked":["Armaments+1","Evolve"],"picked":"Sentinel+1","floor":22},{"not_picked":["Metallicize","Cleave","Iron Wave"],"picked":"SKIP","floor":23},{"not_picked":["True Grit+1","Metallicize","Dual Wield+1"],"picked":"SKIP","floor":24},{"not_picked":["Dual Wield+1","Perfected Strike","Intimidate+1"],"picked":"SKIP","floor":25},{"not_picked":["Uppercut","Sword Boomerang","Corruption"],"picked":"SKIP","floor":27},{"not_picked":["Body Slam","Uppercut"],"picked":"Ghostly Armor+1","floor":29},{"not_picked":["Immolate","Demon Form"],"picked":"Juggernaut","floor":33},{"not_picked":["Perfected Strike","Havoc+1"],"picked":"Dark Embrace+1","floor":35},{"not_picked":["Thunderclap","Ghostly Armor+1","Power Through+1"],"picked":"SKIP","floor":36},{"not_picked":["Intimidate+1","Reckless Charge","Shrug It Off+1"],"picked":"SKIP","floor":38},{"not_picked":["Hemokinesis","Sever Soul+1","Body Slam"],"picked":"SKIP","floor":40},{"not_picked":["Shrug It Off+1","Anger+1"],"picked":"Seeing Red+1","floor":42},{"not_picked":["Battle Trance+1","Havoc+1","Inflame+1"],"picked":"SKIP","floor":48},{"not_picked":["Blood for Blood","Intimidate+1","Anger"],"picked":"SKIP","floor":54}],"player_experience":608279,"relics_obtained":[{"floor":8,"key":"Eternal Feather"},{"floor":10,"key":"MealTicket"},{"floor":11,"key":"Orichalcum"},{"floor":20,"key":"Red Mask"},{"floor":23,"key":"Dream Catcher"},{"floor":26,"key":"Art of War"},{"floor":27,"key":"Bag of Preparation"},{"floor":28,"key":"Bag of Marbles"},{"floor":29,"key":"Darkstone Periapt"},{"floor":37,"key":"Torii"},{"floor":40,"key":"Bronze Scales"},{"floor":43,"key":"Ancient Tea Set"},{"floor":48,"key":"Magic Flower"},{"floor":54,"key":"War Paint"}],"event_choices":[{"damage_healed":0,"gold_gain":0,"player_choice":"Entered Light","damage_taken":23,"max_hp_gain":0,"max_hp_loss":0,"event_name":"Shining Light","floor":3,"gold_loss":0,"cards_upgraded":["Rampage","Heavy Blade"]},{"damage_healed":0,"gold_gain":0,"player_choice":"Ignored","damage_taken":0,"max_hp_gain":0,"max_hp_loss":0,"event_name":"Liars Game","floor":4,"gold_loss":0},{"damage_healed":0,"gold_gain":0,"player_choice":"Fought Bandits","damage_taken":0,"max_hp_gain":0,"max_hp_loss":0,"event_name":"Masked Bandits","floor":20,"gold_loss":0},{"cards_removed":["Bash"],"damage_healed":0,"gold_gain":0,"player_choice":"Offered Basic","damage_taken":0,"max_hp_gain":0,"max_hp_loss":0,"event_name":"Bonfire Elementals","floor":21,"gold_loss":0},{"damage_healed":0,"gold_gain":0,"player_choice":"Read","damage_taken":0,"max_hp_gain":0,"max_hp_loss":0,"event_name":"The Library","floor":31,"gold_loss":0,"cards_obtained":["Entrench"]},{"damage_healed":0,"gold_gain":0,"player_choice":"Fight","damage_taken":0,"max_hp_gain":0,"max_hp_loss":0,"event_name":"Mysterious Sphere","floor":37,"gold_loss":0},{"cards_removed":["Flame Barrier"],"damage_healed":0,"gold_gain":0,"player_choice":"Removed Skill","damage_taken":0,"max_hp_gain":0,"max_hp_loss":0,"event_name":"Falling","floor":44,"gold_loss":0},{"damage_healed":0,"gold_gain":222,"player_choice":"Wore Mask","damage_taken":0,"max_hp_gain":0,"max_hp_loss":0,"event_name":"Tomb of Lord Red Mask","floor":46,"gold_loss":0}],"is_beta":false,"boss_relics":[{"not_picked":["Snecko Eye","Astrolabe"],"picked":"Coffee Dripper"},{"not_picked":["Busted Crown","SacredBark"],"picked":"Sozu"}],"items_purged_floors":[0,0,0,0,0,39,47],"is_endless":false,"potions_floor_spawned":[1,8,10,18,19,22,27,35,36,42],"ascension_level":18}}