{"host":"k5fgrtcqzqosfxt0","time":1613581896,"event":{"mods":["Act Like it!","Aspiration","BaseMod","Downfall","Gensokyo","Minty Spire (QoL Compilation)","StSLib","TestMod","UnlockEverythingMod"],"gold_per_floor":[111,121,121,121,134,134,169,169,169,169,169,94,132,156,156,251,251,272,293,293,51,51,82,82,125,125,150,65,103,117,117,117,210,210,230,284,333,386,435,503,503,603,603,666,711,802,855,878,878,908,938,938,938,193,226,226,226],"floor_reached":56,"language":"ZHS","playtime":2937,"items_purged":["Injury","Slimebound:Tackle+1"],"score":2495,"play_id":"b3fb7b7f-5152-4283-ab14-5851bdd821da","local_time":"20210218011136","is_ascension_mode":true,"campfire_choices":[{"data":"Eruption","floor":6.0,"key":"SMITH"},{"data":"Adaptation","floor":8.0,"key":"SMITH"},{"data":"Crescendo","floor":10.0,"key":"SMITH"},{"data":"ClearTheMind","floor":15.0,"key":"SMITH"},{"data":"SpiritShield","floor":24.0,"key":"SMITH"},{"data":"Wish","floor":32.0,"key":"SMITH"},{"floor":41.0,"key":"RECALL"},{"data":"Pray","floor":49.0,"key":"SMITH"},{"data":"EmptyMind","floor":53.0,"key":"SMITH"}],"circlet_count":0,"master_deck":["AscendersBane","Defend_P","Defend_P","Defend_P","Eruption+1","Vigilance","ClearTheMind+1","Crescendo+1","SandsOfTime+1","Adaptation+1","BowlingBash+1","FlurryOfBlows+1","SpiritShield+1","Slimebound:Tackle+1","FollowUp+1","Pray+1","EmptyMind+1","Wish+1","Scrawl","Study+1","Adaptation+1","testmod-Superconductor"],"relics":["PureWater","testmod-TestBox","testmod-Recursion","Molten Egg 2","NeowsBlessing","aspiration:FetidBarrel","Meat on the Bone","Golden Idol","testmod-AssaultLearning","testmod-PortableAltar","aspiration:Nostalgia","champ:ChampionCrown","Orichalcum","testmod-RandomTest","Bottled Tornado","Nunchaku","testmod-Déjàvu","testmod-EnergyCheck","Ornamental Fan","aspiration:SeaSaltIceCream","testmod-AssaultLearning","Ice Cream","testmod-LifeArmor","Art of War","PrismaticShard","Bottled Lightning","Blood Vial"],"acts_visited":["Exordium","TheCity","TheBeyond","TheEnding"],"potions_floor_usage":[56,56],"damage_taken":[{"damage":0.0,"enemies":"Jaw Worm","floor":1.0,"turns":1.0},{"damage":0.0,"enemies":"2 Louse","floor":2.0,"turns":1.0},{"damage":0.0,"enemies":"Small Slimes","floor":5.0,"turns":1.0},{"damage":0.0,"enemies":"Lagavulin","floor":7.0,"turns":1.0},{"damage":0.0,"enemies":"Gremlin Nob","floor":13.0,"turns":1.0},{"damage":0.0,"enemies":"3 Louse","floor":14.0,"turns":1.0},{"damage":18.0,"enemies":"Slime Boss","floor":16.0,"turns":6.0},{"damage":2.0,"enemies":"Chosen","floor":18.0,"turns":2.0},{"damage":6.0,"enemies":"2 Thieves","floor":19.0,"turns":2.0},{"damage":2.0,"enemies":"Gremlin Leader","floor":23.0,"turns":3.0},{"damage":2.0,"enemies":"Book of Stabbing","floor":25.0,"turns":3.0},{"damage":0.0,"enemies":"Snake Plant","floor":27.0,"turns":2.0},{"damage":16.0,"enemies":"Slavers","floor":29.0,"turns":3.0},{"damage":2.0,"enemies":"Snecko","floor":30.0,"turns":4.0},{"damage":9.0,"enemies":"Champ","floor":33.0,"turns":6.0},{"damage":0.0,"enemies":"Orb Walker","floor":35.0,"turns":2.0},{"damage":2.0,"enemies":"3 Shapes","floor":36.0,"turns":3.0},{"damage":5.0,"enemies":"Transient","floor":37.0,"turns":6.0},{"damage":1.0,"enemies":"Jaw Worm Horde","floor":38.0,"turns":4.0},{"damage":21.0,"enemies":"Maw","floor":39.0,"turns":5.0},{"damage":8.0,"enemies":"Nemesis","floor":40.0,"turns":5.0},{"damage":7.0,"enemies":"Giant Head","floor":42.0,"turns":4.0},{"damage":1.0,"enemies":"Reptomancer","floor":44.0,"turns":5.0},{"damage":0.0,"enemies":"Spire Growth","floor":45.0,"turns":5.0},{"damage":19.0,"enemies":"Nemesis","floor":46.0,"turns":4.0},{"damage":0.0,"enemies":"Transient","floor":47.0,"turns":6.0},{"damage":4.0,"enemies":"Donu and Deca","floor":50.0,"turns":4.0},{"damage":12.0,"enemies":"Time Eater","floor":51.0,"turns":6.0},{"damage":0.0,"enemies":"Shield and Spear","floor":55.0,"turns":5.0},{"damage":31,"enemies":"The Heart","floor":56,"turns":5}],"seed_played":"7056702665559698561","potions_obtained":[{"floor":14.0,"key":"Block Potion"},{"floor":18.0,"key":"SkillPotion"},{"floor":25.0,"key":"PowerPotion"},{"floor":27.0,"key":"testmod-SpacePotion"},{"floor":36.0,"key":"SteroidPotion"},{"floor":37.0,"key":"Energy Potion"},{"floor":38.0,"key":"testmod-SpacePotion"},{"floor":45.0,"key":"SpeedPotion"},{"floor":47.0,"key":"FearPotion"}],"is_trial":false,"path_per_floor":["M","M","?","?","M","R","E","R","T","R","?","?","E","M","R","B",null,"M","M","?","$","?","E","R","E","T","M","?","E","M","?","R","B",null,"M","M","M","M","M","E","R","E","T","E","M","E","M","T","R","B","B",null,"R","$","E","B"],"character_chosen":"WATCHER","items_purchased":["aspiration:Nostalgia","PrismaticShard","testmod-Superconductor","Bottled Lightning"],"campfire_rested":0,"item_purchase_floors":[21,54,54,54],"current_hp_per_floor":[61,61,61,61,61,61,61,61,61,61,38,38,38,38,38,32,59,57,51,51,51,51,49,49,47,47,47,47,31,29,29,29,32,46,46,44,39,38,29,33,33,26,26,25,25,18,30,30,30,26,26,31,31,31,30,0,0],"gold":226,"neow_bonus":"THREE_ENEMY_KILL","is_daily":false,"chose_seed":false,"campfire_upgraded":8,"win_rate":0.0,"timestamp":1613581896,"path_taken":["M","M","?","?","M","R","E","R","T","R","?","?","E","M","R","BOSS","M","M","?","$","?","E","R","E","T","M","?","E","?","?","R","BOSS","M","M","M","M","M","E","R","E","T","E","M","E","M","?","R","BOSS","BOSS","R","$","E","BOSS"],"items_purchased_type":["Relic","Relic","Card","Relic"],"build_version":"2020-12-22","purchased_purges":2,"victory":false,"max_hp_per_floor":[68,68,68,68,68,68,68,68,68,68,68,68,68,68,68,68,68,67,66,65,64,63,62,61,60,59,58,57,56,55,54,53,52,51,50,49,48,47,46,45,44,43,42,41,40,39,38,37,36,35,34,33,32,31,30,29,29],"card_choices":[{"not_picked":["SashWhip","EmptyFist"],"picked":"ClearTheMind","floor":1.0},{"not_picked":["ReachHeaven","Nirvana"],"picked":"Crescendo","floor":2.0},{"not_picked":["Crescendo","Meditate"],"picked":"SandsOfTime+1","floor":5.0},{"not_picked":["MentalFortress","Protect"],"picked":"Adaptation","floor":7.0},{"not_picked":["WindmillStrike+1","Study"],"picked":"BowlingBash+1","floor":13.0},{"not_picked":["Evaluate","BowlingBash+1"],"picked":"FlurryOfBlows+1","floor":14.0},{"not_picked":["Wish","Devotion"],"picked":"SpiritShield","floor":16.0},{"not_picked":["WheelKick+1","Protect","Crescendo"],"picked":"SKIP","floor":18.0},{"not_picked":["BowlingBash+1","PathToVictory","WaveOfTheHand+1"],"picked":"SKIP","floor":19.0},{"not_picked":["Weave+1","Worship","Consecrate+1"],"picked":"SKIP","floor":23.0},{"not_picked":["FlurryOfBlows+1","Collect","FlyingSleeves+1"],"picked":"SKIP","floor":25.0},{"not_picked":["Meditate","CutThroughFate+1"],"picked":"EmptyMind","floor":27.0},{"not_picked":["FlurryOfBlows+1","Fasting2","Halt"],"picked":"SKIP","floor":29.0},{"not_picked":["WreathOfFlame+1","WindmillStrike+1","Crescendo"],"picked":"SKIP","floor":30.0},{"not_picked":["Vault","MasterReality"],"picked":"Scrawl","floor":33.0},{"not_picked":["Consecrate+1","ReachHeaven+1","BowlingBash+1"],"picked":"SKIP","floor":35.0},{"not_picked":["EmptyFist+1","Evaluate+1"],"picked":"Study+1","floor":36.0},{"not_picked":["WindmillStrike+1","SashWhip+1","FollowUp+1"],"picked":"SKIP","floor":37.0},{"not_picked":["JustLucky+1","Evaluate","ClearTheMind+1"],"picked":"SKIP","floor":38.0},{"not_picked":["Fasting2","WindmillStrike+1"],"picked":"Adaptation+1","floor":39.0},{"not_picked":["CutThroughFate+1","BattleHymn","Weave+1"],"picked":"SKIP","floor":40.0},{"not_picked":["EmptyFist+1","WindmillStrike+1","Crescendo"],"picked":"SKIP","floor":42.0},{"not_picked":["ReachHeaven+1","Halt+1","MasterReality"],"picked":"SKIP","floor":44.0},{"not_picked":["Halt+1","FollowUp+1","EmptyBody+1"],"picked":"SKIP","floor":45.0},{"not_picked":["Nirvana","Scrawl","Alpha"],"picked":"SKIP","floor":46.0},{"not_picked":["ThirdEye","Adaptation+1","Consecrate+1"],"picked":"SKIP","floor":47.0},{"not_picked":["Leap","bronze:Fortify+1","Compile Driver+1"],"picked":"SKIP","floor":55.0}],"player_experience":674309,"relics_obtained":[{"floor":7.0,"key":"aspiration:FetidBarrel"},{"floor":9.0,"key":"Meat on the Bone"},{"floor":13.0,"key":"testmod-AssaultLearning"},{"floor":23.0,"key":"Orichalcum"},{"floor":25.0,"key":"testmod-RandomTest"},{"floor":26.0,"key":"Bottled Tornado"},{"floor":29.0,"key":"testmod-Déjàvu"},{"floor":40.0,"key":"Ornamental Fan"},{"floor":42.0,"key":"aspiration:SeaSaltIceCream"},{"floor":44.0,"key":"Ice Cream"},{"floor":46.0,"key":"testmod-LifeArmor"},{"floor":48.0,"key":"Art of War"},{"floor":55.0,"key":"Blood Vial"}],"event_choices":[{"damage_healed":0.0,"max_hp_gain":0.0,"max_hp_loss":0.0,"gold_gain":0.0,"event_name":"给自己的盒子","player_choice":"Swap Relic","floor":4.0,"relics_lost":["NeowsBlessing"],"gold_loss":0.0,"damage_taken":0.0,"relics_obtained":["NeowsBlessing"]},{"damage_healed":0.0,"max_hp_gain":0.0,"max_hp_loss":0.0,"gold_gain":0.0,"event_name":"Golden Idol","player_choice":"Take Damage","floor":11.0,"gold_loss":0.0,"damage_taken":23.0,"relics_obtained":["Golden Idol"]},{"cards_removed":["Strike_P"],"damage_healed":0.0,"max_hp_gain":0.0,"max_hp_loss":0.0,"gold_gain":0.0,"event_name":"The Cleric","player_choice":"Card Removal","floor":12.0,"gold_loss":75.0,"damage_taken":0.0},{"damage_healed":0.0,"max_hp_gain":0.0,"max_hp_loss":0.0,"gold_gain":0.0,"cards_transformed":["Defend_P","Slimebound:Tackle"],"event_name":"Drug Dealer","player_choice":"Became Test Subject","floor":22.0,"gold_loss":0.0,"damage_taken":0.0,"cards_obtained":["FollowUp","Pray"]},{"damage_healed":0.0,"max_hp_gain":0.0,"max_hp_loss":0.0,"gold_gain":0.0,"event_name":"Addict","player_choice":"Obtained Relic","floor":28.0,"gold_loss":85.0,"damage_taken":0.0,"relics_obtained":["Nunchaku"]},{"damage_healed":0.0,"max_hp_gain":0.0,"max_hp_loss":0.0,"gold_gain":0.0,"event_name":"Match and Keep!","player_choice":"1 cards matched","floor":31.0,"gold_loss":0.0,"damage_taken":0.0,"cards_obtained":["Wish"]}],"is_beta":false,"boss_relics":[{"not_picked":["testmod-GoldenSoul","testmod-NegativeEmotionEnhancer"],"picked":"testmod-PortableAltar"},{"not_picked":["testmod-KeyOfTheVoid","Pandora\u0027s Box"],"picked":"testmod-EnergyCheck"}],"items_purged_floors":[21,54],"is_endless":false,"potions_floor_spawned":[14,18,25,27,36,37,38,45,47],"killed_by":"The Heart","ascension_level":20}}