{"host":"Cenci","time":1613580432,"event":{"mods":["BaseMod","Bestiary","Downfall","Highlight Path","Minty Spire (QoL Compilation)","StSLib"],"gold_per_floor":[99,116,136,121,271,305,305,305,305,305,305],"floor_reached":9,"language":"ENG","playtime":310,"items_purged":[],"score":96,"play_id":"b4429031-440a-48f4-875d-38dd86ae78b6","local_time":"20210217174712","is_ascension_mode":true,"campfire_choices":[{"floor":1,"key":"RECALL"}],"circlet_count":0,"master_deck":["sneckomod:Strike","sneckomod:Strike","sneckomod:Strike","sneckomod:Defend","sneckomod:Defend","sneckomod:Defend","sneckomod:TailWhip","sneckomod:SnekBite","sneckomod:Unknown","sneckomod:Unknown","downfall:Icky","sneckomod:CheapStock"],"relics":["sneckomod:SneckoSoul","Strawberry","Tiny Chest"],"acts_visited":["Exordium"],"potions_floor_usage":[6],"damage_taken":[{"damage":2,"enemies":"Jaw Worm","floor":2,"turns":4},{"damage":0,"enemies":"Cultist","floor":3,"turns":3},{"damage":0,"enemies":"downfall:FleeingMerchant","floor":4,"turns":4},{"damage":55,"enemies":"Lagavulin","floor":6,"turns":6},{"damage":0,"enemies":"3 Sentries","floor":9,"turns":1}],"seed_played":"-844084290463144731","potions_obtained":[{"floor":3,"key":"SkillPotion"},{"floor":6,"key":"SkillPotion"}],"is_trial":false,"path_per_floor":["R","M","M","$","?","E","T","?","E"],"character_chosen":"THE_SNECKO","items_purchased":[],"campfire_rested":0,"item_purchase_floors":[],"current_hp_per_floor":[99,97,97,97,97,49,49,49,49,49,49],"gold":305,"neow_bonus":"TEN_PERCENT_HP_BONUS","is_daily":false,"chose_seed":false,"campfire_upgraded":0,"win_rate":0.0,"timestamp":1613580432,"path_taken":["R","M","M","$","?","E","T","?","E"],"items_purchased_type":[],"build_version":"2020-11-17","purchased_purges":0,"victory":false,"max_hp_per_floor":[99,99,99,99,99,106,106,106,106,106,106],"card_choices":[{"not_picked":["sneckomod:RainOfDice","sneckomod:SoulRoll","sneckomod:Unknown2Cost"],"picked":"SKIP","floor":2},{"not_picked":["sneckomod:DefensiveFlair","sneckomod:SlitherStrike","sneckomod:UnknownCommonSkill"],"picked":"SKIP","floor":3},{"not_picked":["sneckomod:UnknownStrike","sneckomod:DiceCrush","sneckomod:UnknownCommonSkill"],"picked":"SKIP","floor":4},{"not_picked":["sneckomod:SoulRoll","sneckomod:UnknownBlock"],"picked":"sneckomod:CheapStock","floor":6}],"player_experience":360322,"relics_obtained":[{"floor":6,"key":"Strawberry"},{"floor":7,"key":"Tiny Chest"}],"event_choices":[],"is_beta":true,"boss_relics":[],"items_purged_floors":[],"is_endless":false,"potions_floor_spawned":[3,6],"killed_by":"3 Sentries","ascension_level":4}}