{"host":"o7j6aatxjwpw1421","time":1613587808,"event":{"mods":["2.2 Compatiblity","AchievementEnabler","BaseMod","Colored Map","DeckTracker","Highlight Path","Keyboard Shortcuts","Minty Spire (QoL Compilation)","Permanent Neow","Quick Restart","StSLib","SuperFastMode","everything is the same but u backflip on backflip"],"gold_per_floor":[19,39,39,59,69,69,69,81,81,81,94,94,152,152,152,250,250,260,272,284,284,294,294,305,305,305,318,318,77,96,96,96,96,96],"floor_reached":33,"language":"KOR","playtime":859,"items_purged":["Defend_P"],"score":241,"play_id":"0e9d8bfa-603a-4625-8a22-bb89dca31dea","local_time":"20210218035008","is_ascension_mode":false,"campfire_choices":[{"data":"Eruption","floor":6.0,"key":"SMITH"},{"data":"Halt","floor":10.0,"key":"SMITH"},{"data":"WheelKick","floor":12.0,"key":"SMITH"},{"data":"MentalFortress","floor":15.0,"key":"SMITH"},{"data":"InnerPeace","floor":23.0,"key":"SMITH"},{"data":"Adaptation","floor":25.0,"key":"SMITH"},{"data":"EmptyMind","floor":28.0,"key":"SMITH"},{"data":"Ragnarok","floor":32,"key":"SMITH"}],"circlet_count":0,"master_deck":["Defend_P","Eruption+1","Vigilance","FearNoEvil","WheelKick+1","EmptyMind+1","TalkToTheHand","Halt+1","InnerPeace+1","MentalFortress+1","Halt+1","MentalFortress+1","BattleHymn+1","Adaptation+1","Master of Strategy","Ragnarok+1"],"relics":["PureWater","Dream Catcher","Oddly Smooth Stone","Astrolabe","Smiling Mask"],"acts_visited":["Exordium","TheCity"],"potions_floor_usage":[33,33],"damage_taken":[{"damage":0.0,"enemies":"2 Louse","floor":1.0,"turns":2.0},{"damage":0.0,"enemies":"Cultist","floor":2.0,"turns":2.0},{"damage":11.0,"enemies":"Jaw Worm","floor":4.0,"turns":2.0},{"damage":2.0,"enemies":"3 Louse","floor":5.0,"turns":2.0},{"damage":4.0,"enemies":"Lots of Slimes","floor":8.0,"turns":4.0},{"damage":0.0,"enemies":"Looter","floor":11.0,"turns":2.0},{"damage":4.0,"enemies":"Gremlin Nob","floor":13.0,"turns":4.0},{"damage":26.0,"enemies":"The Guardian","floor":16.0,"turns":10.0},{"damage":4.0,"enemies":"Chosen","floor":18.0,"turns":4.0},{"damage":0.0,"enemies":"Spheric Guardian","floor":19.0,"turns":3.0},{"damage":0.0,"enemies":"Centurion and Healer","floor":20.0,"turns":5.0},{"damage":0.0,"enemies":"3 Cultists","floor":22.0,"turns":4.0},{"damage":17.0,"enemies":"Shelled Parasite and Fungi","floor":24.0,"turns":4.0},{"damage":0.0,"enemies":"Snake Plant","floor":27.0,"turns":5.0},{"damage":3,"enemies":"Chosen and Byrds","floor":30,"turns":4},{"damage":4,"enemies":"Collector","floor":33,"turns":5}],"seed_played":"4336032251828194167","potions_obtained":[{"floor":4.0,"key":"Ancient Potion"},{"floor":5.0,"key":"FairyPotion"},{"floor":11.0,"key":"Fire Potion"},{"floor":16.0,"key":"Block Potion"},{"floor":18.0,"key":"ColorlessPotion"},{"floor":22.0,"key":"LiquidBronze"},{"floor":30,"key":"AttackPotion"}],"is_trial":false,"path_per_floor":["M","M","$","M","M","R","?","M","T","R","M","R","?","?","R","B",null,"M","M","M","?","M","R","M","R","T","M","R","$","M","?","R","B"],"character_chosen":"WATCHER","items_purchased":["Master of Strategy"],"campfire_rested":0,"item_purchase_floors":[29],"current_hp_per_floor":[72,72,72,61,59,59,59,55,55,55,55,55,51,51,51,25,72,68,68,68,68,68,68,51,51,51,51,51,51,48,48,48,44,44],"gold":96,"neow_bonus":"REMOVE_TWO","is_daily":false,"chose_seed":false,"campfire_upgraded":8,"win_rate":0.0,"timestamp":1613587808,"path_taken":["M","M","$","M","M","R","?","?","T","R","M","R","?","?","R","BOSS","M","?","M","?","M","R","M","R","T","M","R","$","M","?","R","BOSS"],"items_purchased_type":["Card"],"build_version":"2020-12-22","purchased_purges":1,"victory":false,"max_hp_per_floor":[72,72,72,72,72,72,72,72,72,72,72,72,72,72,72,72,72,72,72,72,72,72,72,72,72,72,72,72,72,72,72,72,72,72],"card_choices":[{"not_picked":["EmptyFist","JustLucky"],"picked":"FearNoEvil","floor":1.0},{"not_picked":["Conclude","FollowUp"],"picked":"WheelKick","floor":2.0},{"not_picked":["JustLucky","FollowUp"],"picked":"EmptyMind","floor":4.0},{"not_picked":["FlyingSleeves","JustLucky"],"picked":"TalkToTheHand","floor":5.0},{"not_picked":["Evaluate","FlurryOfBlows"],"picked":"InnerPeace","floor":8.0},{"not_picked":["JustLucky","Swivel","FlyingSleeves"],"picked":"SKIP","floor":11.0},{"not_picked":["Vengeance","SignatureMove"],"picked":"MentalFortress","floor":13.0},{"not_picked":["WaveOfTheHand+1","PathToVictory+1","Swivel"],"picked":"SKIP","floor":18.0},{"not_picked":["WheelKick","ClearTheMind+1","Pray"],"picked":"SKIP","floor":19.0},{"not_picked":["TalkToTheHand","PathToVictory","Weave"],"picked":"SKIP","floor":20.0},{"not_picked":["BowlingBash+1","PathToVictory+1","Consecrate"],"picked":"SKIP","floor":22.0},{"not_picked":["FollowUp+1","Perseverance"],"picked":"Adaptation","floor":24.0},{"not_picked":["TalkToTheHand","Omniscience","JustLucky"],"picked":"SKIP","floor":27.0},{"not_picked":["Crescendo","Conclude","FlyingSleeves"],"picked":"SKIP","floor":30}],"player_experience":624260,"relics_obtained":[{"floor":9.0,"key":"Dream Catcher"},{"floor":13.0,"key":"Oddly Smooth Stone"},{"floor":26.0,"key":"Smiling Mask"}],"event_choices":[{"damage_healed":0.0,"max_hp_gain":0.0,"max_hp_loss":0.0,"gold_gain":0.0,"event_name":"Match and Keep!","player_choice":"1 cards matched","floor":7.0,"gold_loss":0.0,"damage_taken":0.0,"cards_obtained":["Halt"]},{"damage_healed":0.0,"max_hp_gain":0.0,"max_hp_loss":0.0,"gold_gain":0.0,"event_name":"Dead Adventurer","player_choice":"Searched \u00271\u0027 times","floor":13.0,"gold_loss":0.0,"damage_taken":0.0},{"cards_removed":["Strike_P"],"damage_healed":0.0,"max_hp_gain":0.0,"max_hp_loss":0.0,"gold_gain":0.0,"event_name":"Purifier","player_choice":"Purged","floor":14.0,"gold_loss":0.0,"damage_taken":0.0},{"damage_healed":0.0,"max_hp_gain":0.0,"max_hp_loss":0.0,"gold_gain":0.0,"event_name":"Vampires","player_choice":"Ignored","floor":21.0,"gold_loss":0.0,"damage_taken":0.0},{"damage_healed":0,"gold_gain":0,"player_choice":"Read","damage_taken":0,"max_hp_gain":0,"max_hp_loss":0,"event_name":"The Library","floor":31,"gold_loss":0,"cards_obtained":["Ragnarok"]}],"is_beta":false,"boss_relics":[{"not_picked":["Busted Crown","Velvet Choker"],"picked":"Astrolabe"}],"items_purged_floors":[29],"is_endless":false,"potions_floor_spawned":[4,5,11,16,18,22,24,30],"killed_by":"Collector","ascension_level":0}}