{"host":"52m1o8iwwagurbjs","time":1613526446,"event":{"mods":["AchievementEnabler","BaseMod","Bestiary","Challenge The Spire","Colored Powertips","GifTheSpireLib","Minty Spire (QoL Compilation)","Quick Restart","Relic Stats","StSLib"],"gold_per_floor":[118,18,33,52,52,87,87,126,150,20,38,63,63,63,63,194,194,207,306,327,237,261,261,304,304,379,393,413,436,436,457,457,588,588,607,169,169,169,21,56,56,56,56],"floor_reached":42,"language":"ENG","playtime":1684,"items_purged":["Accuracy+1"],"score":505,"play_id":"f75ca2aa-40eb-4b3a-8800-f538a17752af","local_time":"20210216204726","is_ascension_mode":true,"campfire_choices":[{"data":"Venomology","floor":7.0,"key":"SMITH"},{"data":"Crippling Poison","floor":13.0,"key":"SMITH"},{"data":"The Bomb","floor":15.0,"key":"SMITH"},{"floor":23.0,"key":"REST"},{"data":"Well Laid Plans","floor":25.0,"key":"SMITH"},{"floor":30,"key":"REST"},{"floor":32,"key":"REST"},{"data":"Neutralize","floor":41,"key":"SMITH"}],"circlet_count":0,"master_deck":["Strike_G","Defend_G","Defend_G","Defend_G","Defend_G","Defend_G","Survivor+1","Neutralize+1","The Bomb+1","Slice","Escape Plan","Dagger Throw","Calculated Gamble","Venomology+1","Bane","Crippling Poison+1","Deadly Poison","Acrobatics","PiercingWail","Corpse Explosion","Backflip+1","Well Laid Plans+1","PiercingWail+1","Noxious Fumes+1","Prepared","Adrenaline","Expertise+1","Noxious Fumes+1","After Image","Heel Hook"],"relics":["Ring of the Snake","Golden Idol","Snake Skull","Potion Belt","PreservedInsect","Black Star","Unceasing Top","Bottled Flame","Shuriken","Astrolabe","Oddly Smooth Stone","TwistedFunnel","Centennial Puzzle","Kunai"],"acts_visited":["Exordium","TheCity","TheBeyond"],"potions_floor_usage":[28,28,29,29,31,33,33,33,35,40,40],"damage_taken":[{"damage":1.0,"enemies":"Cultist","floor":1.0,"turns":4.0},{"damage":0.0,"enemies":"2 Louse","floor":3.0,"turns":2.0},{"damage":0.0,"enemies":"Small Slimes","floor":4.0,"turns":3.0},{"damage":9.0,"enemies":"3 Sentries","floor":6.0,"turns":3.0},{"damage":10.0,"enemies":"Gremlin Nob","floor":8.0,"turns":3.0},{"damage":3.0,"enemies":"Exordium Thugs","floor":11.0,"turns":4.0},{"damage":7.0,"enemies":"2 Fungi Beasts","floor":12.0,"turns":3.0},{"damage":4.0,"enemies":"Hexaghost","floor":16.0,"turns":8.0},{"damage":20.0,"enemies":"2 Thieves","floor":18.0,"turns":3.0},{"damage":0.0,"enemies":"Chosen","floor":20.0,"turns":4.0},{"damage":24.0,"enemies":"Shelled Parasite and Fungi","floor":22.0,"turns":7.0},{"damage":15.0,"enemies":"Gremlin Leader","floor":24.0,"turns":5.0},{"damage":9.0,"enemies":"Snake Plant","floor":27.0,"turns":5.0},{"damage":1,"enemies":"Centurion and Healer","floor":28,"turns":5},{"damage":0,"enemies":"3 Cultists","floor":29,"turns":3},{"damage":12,"enemies":"Snake Plant","floor":31,"turns":4},{"damage":28,"enemies":"Automaton","floor":33,"turns":9},{"damage":11,"enemies":"Orb Walker","floor":35,"turns":5},{"damage":15,"enemies":"Nemesis","floor":40,"turns":6},{"damage":38,"enemies":"Reptomancer","floor":42,"turns":4}],"seed_played":"8155381734350011532","potions_obtained":[{"floor":3.0,"key":"Fire Potion"},{"floor":4.0,"key":"ColorlessPotion"},{"floor":8.0,"key":"FearPotion"},{"floor":12.0,"key":"Fire Potion"},{"floor":22.0,"key":"SkillPotion"},{"floor":24.0,"key":"GhostInAJar"},{"floor":28,"key":"LiquidBronze"},{"floor":31,"key":"Poison Potion"},{"floor":35,"key":"DuplicationPotion"}],"is_trial":false,"path_per_floor":["M","$","M","M","?","E","R","E","T","$","M","M","R","?","R","B",null,"M","?","M","?","M","R","E","R","T","M","M","M","R","M","R","B",null,"M","$","?","?","$","E","R","E"],"character_chosen":"THE_SILENT","items_purchased":["Escape Plan","Dagger Throw","Crippling Poison","Deadly Poison","Oddly Smooth Stone","DuplicationPotion","After Image","TwistedFunnel"],"campfire_rested":3,"item_purchase_floors":[2,2,10,10,36,36,36,39],"current_hp_per_floor":[62,62,62,62,58,49,49,39,39,39,36,29,29,34,34,30,63,43,43,43,43,19,37,22,22,22,13,12,12,30,18,36,8,63,52,52,52,52,52,37,37,0,0],"gold":56,"neow_bonus":"RANDOM_COLORLESS_2","is_daily":false,"chose_seed":false,"campfire_upgraded":5,"win_rate":0.0,"timestamp":1613526446,"path_taken":["M","$","M","M","?","E","R","E","T","$","M","M","R","?","R","BOSS","M","?","M","?","M","R","E","R","T","?","M","M","R","M","R","BOSS","M","$","?","?","?","E","R","E"],"items_purchased_type":["Card","Card","Card","Card","Relic","Potion","Card","Relic"],"build_version":"2020-12-22","purchased_purges":1,"victory":false,"max_hp_per_floor":[63,63,63,63,58,58,58,58,58,58,58,58,58,63,63,63,63,63,63,63,63,63,63,63,63,63,63,63,63,63,63,63,63,63,63,63,60,60,60,60,60,60,60],"relic_stats":{"Centennial Puzzle":[3],"counters":[20,90],"Golden Idol":131,"Shuriken":[1],"Astrolabe":["Accuracy","Expertise","Noxious Fumes"],"Snake Skull":[67],"PreservedInsect":150,"Black Star":2,"Kunai":[0],"obtain_stats":[{"Potion Belt":8,"TwistedFunnel":39,"Golden Idol":5,"Astrolabe":34,"Oddly Smooth Stone":36,"Snake Skull":6,"PreservedInsect":9,"Bottled Flame":24,"Centennial Puzzle":40,"Shuriken":26,"Black Star":17,"Kunai":40,"Unceasing Top":24,"Ring of the Snake":0},{"Potion Belt":5,"TwistedFunnel":18,"Golden Idol":3,"Astrolabe":17,"Oddly Smooth Stone":18,"Snake Skull":4,"PreservedInsect":5,"Bottled Flame":12,"Centennial Puzzle":19,"Shuriken":12,"Black Star":8,"Kunai":19,"Unceasing Top":12,"Ring of the Snake":0},{"Potion Belt":15,"TwistedFunnel":80,"Golden Idol":9,"Astrolabe":75,"Oddly Smooth Stone":80,"Snake Skull":12,"PreservedInsect":15,"Bottled Flame":49,"Centennial Puzzle":86,"Shuriken":49,"Black Star":30,"Kunai":86,"Unceasing Top":49,"Ring of the Snake":0}],"Unceasing Top":[0],"Ring of the Snake":[40]},"card_choices":[{"not_picked":["Violence","Secret Weapon"],"picked":"The Bomb","floor":0.0},{"not_picked":["Caltrops","Acrobatics"],"picked":"Slice","floor":1.0},{"not_picked":["Dagger Throw","Underhanded Strike","Outmaneuver"],"picked":"SKIP","floor":3.0},{"not_picked":["Outmaneuver","Slice"],"picked":"Calculated Gamble","floor":4.0},{"not_picked":["Blur","Blade Dance"],"picked":"Venomology","floor":6.0},{"not_picked":["Skewer","Eviscerate"],"picked":"Bane","floor":8.0},{"not_picked":["Flying Knee","Prepared"],"picked":"Acrobatics","floor":11.0},{"not_picked":["Deadly Poison","Expertise"],"picked":"PiercingWail","floor":12.0},{"not_picked":["Night Terror","Doppelganger"],"picked":"Corpse Explosion","floor":16.0},{"not_picked":["Dagger Throw","Sucker Punch","Poisoned Stab+1"],"picked":"SKIP","floor":18.0},{"not_picked":["Sucker Punch","Poisoned Stab"],"picked":"Backflip+1","floor":20.0},{"not_picked":["Dagger Throw+1","Riddle With Holes"],"picked":"Well Laid Plans","floor":22.0},{"not_picked":["Expertise","Outmaneuver+1"],"picked":"PiercingWail+1","floor":24.0},{"not_picked":["Distraction","Dagger Throw","Poisoned Stab+1"],"picked":"SKIP","floor":27.0},{"not_picked":["Reflex","All Out Attack+1","Dagger Spray"],"picked":"SKIP","floor":28},{"not_picked":["Dagger Spray","Accuracy"],"picked":"Noxious Fumes+1","floor":29},{"not_picked":["Riddle With Holes+1","Infinite Blades"],"picked":"Prepared","floor":31},{"not_picked":["Storm of Steel","Grand Finale"],"picked":"Adrenaline","floor":33},{"not_picked":["Quick Slash+1","Poisoned Stab","Flying Knee"],"picked":"SKIP","floor":35},{"not_picked":["Dagger Spray+1","Backflip"],"picked":"Heel Hook","floor":40}],"player_experience":1370972,"relics_obtained":[{"floor":6.0,"key":"Snake Skull"},{"floor":8.0,"key":"Potion Belt"},{"floor":9.0,"key":"PreservedInsect"},{"floor":24.0,"key":"Unceasing Top"},{"floor":24.0,"key":"Bottled Flame"},{"floor":26.0,"key":"Shuriken"},{"floor":40,"key":"Centennial Puzzle"},{"floor":40,"key":"Kunai"}],"event_choices":[{"damage_healed":0.0,"max_hp_gain":0.0,"max_hp_loss":5.0,"gold_gain":0.0,"event_name":"Golden Idol","player_choice":"Lose Max HP","floor":5.0,"gold_loss":0.0,"damage_taken":0.0,"relics_obtained":["Golden Idol"]},{"damage_healed":0.0,"max_hp_gain":5.0,"max_hp_loss":0.0,"gold_gain":0.0,"event_name":"Big Fish","player_choice":"Donut","floor":14.0,"gold_loss":0.0,"damage_taken":0.0},{"damage_healed":0.0,"max_hp_gain":0.0,"max_hp_loss":0.0,"gold_gain":99.0,"event_name":"Nest","player_choice":"Stole From Cult","floor":19.0,"gold_loss":0.0,"damage_taken":0.0},{"cards_removed":["Strike_G"],"damage_healed":0.0,"max_hp_gain":0.0,"max_hp_loss":0.0,"gold_gain":0.0,"event_name":"Designer","player_choice":"Upgrade and Remove","floor":21.0,"gold_loss":90.0,"damage_taken":0.0,"cards_upgraded":["Survivor"]},{"damage_healed":0,"gold_gain":0,"player_choice":"Max HP","damage_taken":0,"max_hp_gain":0,"max_hp_loss":3,"event_name":"Winding Halls","floor":37,"gold_loss":0},{"damage_healed":0,"gold_gain":0,"player_choice":"Ignored","damage_taken":0,"max_hp_gain":0,"max_hp_loss":0,"event_name":"Tomb of Lord Red Mask","floor":38,"gold_loss":0}],"is_beta":false,"boss_relics":[{"not_picked":["Pandora\u0027s Box","Busted Crown"],"picked":"Black Star"},{"not_picked":["HoveringKite","Philosopher\u0027s Stone"],"picked":"Astrolabe"}],"items_purged_floors":[36],"is_endless":false,"potions_floor_spawned":[3,4,8,12,22,24,28,31,35],"killed_by":"Reptomancer","ascension_level":1}}