{"host":"3hzk4hwwdropes3d","time":1613526608,"event":{"mods":["BaseMod","Minty Spire (QoL Compilation)","StSLib"],"gold_per_floor":[113,113,131,131,62,81,96,121,203,203,213,213,32,45,45,140,140,158,158,175,192,206,206,206],"floor_reached":23,"language":"ENG","playtime":1179,"items_purged":[],"score":234,"play_id":"e8d7b5cd-7a3c-4eb9-8b71-679b6069e492","local_time":"20210216175008","is_ascension_mode":true,"campfire_choices":[{"data":"Adaptation","floor":10,"key":"SMITH"},{"data":"EmptyBody","floor":12,"key":"SMITH"},{"data":"CutThroughFate","floor":15,"key":"SMITH"}],"circlet_count":0,"master_deck":["Strike_P","Strike_P","Strike_P","Strike_P","Defend_P","Defend_P","Defend_P","Defend_P","Eruption+1","Vigilance","EmptyBody+1","FlurryOfBlows","Adaptation+1","ThirdEye","CutThroughFate","Vengeance","CutThroughFate+1","Prostrate","Meditate","DevaForm","FollowUp","FlyingSleeves","SashWhip","BowlingBash"],"relics":["PureWater","NeowsBlessing","Kunai","Shuriken","Mummified Hand","Damaru","VioletLotus"],"acts_visited":["Exordium","TheCity"],"potions_floor_usage":[8,16,16,19,22,22,23],"damage_taken":[{"damage":0,"enemies":"Cultist","floor":1,"turns":1},{"damage":0,"enemies":"Jaw Worm","floor":3,"turns":1},{"damage":0,"enemies":"2 Louse","floor":6,"turns":1},{"damage":7,"enemies":"Red Slaver","floor":7,"turns":4},{"damage":22,"enemies":"Lagavulin","floor":8,"turns":6},{"damage":2,"enemies":"Exordium Wildlife","floor":11,"turns":3},{"damage":0,"enemies":"Blue Slaver","floor":14,"turns":4},{"damage":1,"enemies":"Slime Boss","floor":16,"turns":5},{"damage":0,"enemies":"Chosen","floor":18,"turns":4},{"damage":33,"enemies":"2 Thieves","floor":20,"turns":3},{"damage":0,"enemies":"Snecko","floor":21,"turns":3},{"damage":0,"enemies":"3 Cultists","floor":22,"turns":3},{"damage":45,"enemies":"Book of Stabbing","floor":23,"turns":3}],"seed_played":"2007691631956800441","potions_obtained":[{"floor":3,"key":"GamblersBrew"},{"floor":8,"key":"Block Potion"},{"floor":14,"key":"BottledMiracle"},{"floor":18,"key":"Explosive Potion"},{"floor":19,"key":"Fruit Juice"},{"floor":19,"key":"LiquidMemories"},{"floor":19,"key":"FearPotion"},{"floor":20,"key":"DuplicationPotion"}],"is_trial":false,"path_per_floor":["M","T","M","?","$","M","M","E","T","R","M","R","$","M","R","B",null,"M","?","M","M","M","E"],"character_chosen":"WATCHER","items_purchased":["Adaptation","Damaru","Prostrate"],"campfire_rested":0,"item_purchase_floors":[5,13,13],"current_hp_per_floor":[72,72,72,72,72,72,65,43,43,43,41,41,41,41,41,40,72,72,77,44,44,44,0,0],"gold":206,"neow_bonus":"THREE_ENEMY_KILL","is_daily":false,"chose_seed":false,"campfire_upgraded":3,"win_rate":0.0,"timestamp":1613526608,"path_taken":["M","?","M","?","?","M","M","E","T","R","M","R","$","M","R","BOSS","M","?","?","M","M","E"],"items_purchased_type":["Card","Relic","Card"],"build_version":"2020-12-22","purchased_purges":0,"victory":false,"max_hp_per_floor":[72,72,72,72,72,72,72,72,72,72,72,72,72,72,72,72,72,72,77,77,77,77,77,77],"card_choices":[{"not_picked":["BowlingBash","Halt"],"picked":"EmptyBody","floor":1},{"not_picked":["Crescendo","Vengeance"],"picked":"FlurryOfBlows","floor":3},{"not_picked":["Consecrate","BowlingBash"],"picked":"ThirdEye","floor":6},{"not_picked":["Conclude","FollowUp"],"picked":"CutThroughFate","floor":7},{"not_picked":["Judgement","Adaptation"],"picked":"Vengeance","floor":8},{"not_picked":["SignatureMove","Collect"],"picked":"CutThroughFate","floor":11},{"not_picked":["BowlingBash","MentalFortress"],"picked":"Meditate","floor":14},{"not_picked":["LessonLearned","Vault"],"picked":"DevaForm","floor":16},{"not_picked":["WindmillStrike","Evaluate"],"picked":"FollowUp","floor":18},{"not_picked":["FollowUp","Nirvana"],"picked":"FlyingSleeves","floor":20},{"not_picked":["Perseverance+1","CutThroughFate"],"picked":"SashWhip","floor":21},{"not_picked":["WheelKick","BattleHymn"],"picked":"BowlingBash","floor":22}],"player_experience":220858,"relics_obtained":[{"floor":2,"key":"Kunai"},{"floor":8,"key":"Shuriken"},{"floor":9,"key":"Mummified Hand"}],"event_choices":[{"damage_healed":0,"gold_gain":0,"player_choice":"Grow","damage_taken":0,"max_hp_gain":0,"max_hp_loss":0,"event_name":"Living Wall","floor":4,"gold_loss":0,"cards_upgraded":["Eruption"]},{"damage_healed":0,"gold_gain":0,"player_choice":"Got Potions","damage_taken":0,"max_hp_gain":0,"max_hp_loss":0,"event_name":"Lab","floor":19,"gold_loss":0}],"is_beta":false,"boss_relics":[{"not_picked":["Empty Cage","Sozu"],"picked":"VioletLotus"}],"items_purged_floors":[],"is_endless":false,"potions_floor_spawned":[3,8,14,18,20],"killed_by":"Book of Stabbing","ascension_level":4}}