{"host":"0m8zx4nh2snqg8t8","time":1613542299,"event":{"mods":["BaseMod","Colored Map","Hermit","Infinite Spire","Jorbs\u0027s Wanderer Trilogy","Minty Spire (QoL Compilation)","Replay The Spire","StSLib","The Cursed","The Jungle"],"gold_per_floor":[111,204,204,221,19,39,70,80,105,135,135,135,163,176,176,176,176],"floor_reached":16,"language":"ENG","playtime":848,"items_purged":["Strike_B"],"score":150,"play_id":"8dea032f-5faf-4796-bdea-75e4f8da7906","local_time":"20210216221139","is_ascension_mode":true,"campfire_choices":[{"floor":12,"key":"REST"},{"floor":15,"key":"REST"}],"circlet_count":0,"master_deck":["Strike_B","Strike_B","Strike_B","Defend_B","Defend_B","Defend_B","Zap","Dualcast","Chill","Echo Form","Cold Snap","Darkness","Capacitor","BasicCrystalCard","Stack","Rip and Tear","Defragment","Barrage","Consume"],"relics":["Ring of the Snake","infinitespire:Cubic Diamond","Omamori","infinitespire:Satchel","PreservedInsect","infinitespire:Golems Mask"],"acts_visited":["Exordium"],"potions_floor_usage":[7,13],"damage_taken":[{"damage":5,"enemies":"2 Louse","floor":1,"turns":2},{"damage":5,"enemies":"Small Slimes","floor":4,"turns":4},{"damage":2,"enemies":"Cultist","floor":6,"turns":3},{"damage":12,"enemies":"Gremlin Nob","floor":7,"turns":4},{"damage":10,"enemies":"2 Fungi Beasts","floor":8,"turns":5},{"damage":15,"enemies":"Replay:BlueRogue","floor":10,"turns":6},{"damage":15,"enemies":"3 Sentries","floor":13,"turns":7},{"damage":4,"enemies":"Looter","floor":14,"turns":4},{"damage":37,"enemies":"Slime Boss","floor":16,"turns":8}],"seed_played":"-2842591698922416662","potions_obtained":[{"floor":6,"key":"Explosive Potion"},{"floor":7,"key":"Swift Potion"}],"is_trial":false,"path_per_floor":["M","?","?","M","$","M","E","M","T","E","?","R","E","M","R_BF","B"],"character_chosen":"DEFECT","items_purchased":["Capacitor","BasicCrystalCard"],"campfire_rested":2,"item_purchase_floors":[5,5],"current_hp_per_floor":[77,45,45,40,40,38,26,16,16,1,1,25,10,6,30,0,0],"gold":176,"neow_bonus":"TEN_PERCENT_HP_BONUS","is_daily":false,"chose_seed":false,"campfire_upgraded":0,"win_rate":0.0,"timestamp":1613542299,"path_taken":["M","?","?","M","$","M","E","M","T","E","?","R","E","M","R_BF","BOSS"],"items_purchased_type":["Card","Card"],"build_version":"2020-12-22","purchased_purges":1,"victory":false,"max_hp_per_floor":[82,82,82,82,82,82,82,82,82,82,82,82,82,82,82,82,82],"card_choices":[{"not_picked":["Conserve Battery","Rip and Tear"],"picked":"Chill","floor":1},{"not_picked":["Steam Power","Steam"],"picked":"Echo Form","floor":2},{"not_picked":["Conserve Battery","Hologram"],"picked":"Cold Snap","floor":2},{"not_picked":["Sweeping Beam","Redo"],"picked":"Darkness","floor":4},{"not_picked":["Leap","Gash"],"picked":"Stack","floor":6},{"not_picked":["Beam Cell","ReplayTheSpireMod:Repulse","ReplayTheSpireMod:System Scan"],"picked":"SKIP","floor":7},{"not_picked":["Compile Driver","ReplayTheSpireMod:Reroute Power"],"picked":"Rip and Tear","floor":8},{"not_picked":["Leap","Ball Lightning"],"picked":"Defragment","floor":10},{"not_picked":["Heatsinks","Gash"],"picked":"Barrage","floor":13},{"not_picked":["Coolheaded","BasicCrystalCard"],"picked":"Consume","floor":14}],"player_experience":389339,"relics_obtained":[{"floor":7,"key":"Omamori"},{"floor":9,"key":"infinitespire:Satchel"},{"floor":10,"key":"PreservedInsect"},{"floor":13,"key":"infinitespire:Golems Mask"}],"event_choices":[{"cards_removed":["Defend_B"],"damage_healed":0,"gold_gain":0,"player_choice":"Purged","damage_taken":0,"max_hp_gain":0,"max_hp_loss":0,"event_name":"Purifier","floor":11,"gold_loss":0}],"is_beta":false,"boss_relics":[],"items_purged_floors":[5],"is_endless":false,"potions_floor_spawned":[6,7],"killed_by":"Slime Boss","ascension_level":5}}