{"host":"06t6i6dwlvtvdxau","time":1613570467,"event":{"mods":["BaseMod","BetterRewards","Colored Map","Colored Powertips","GifTheSpireLib","Hermit","Minty Spire (QoL Compilation)","Quick Restart","Shop Mod","StSLib"],"gold_per_floor":[112,112,130,55,55,55,88,117,117,117,117,128,128,28,28,124,124,137,12,24,99,117,147,158,169,169,204,204,204],"floor_reached":28,"language":"FRA","playtime":994,"items_purged":["Bash","Defend_R","Strike_R"],"score":281,"play_id":"b10b0e26-562d-4e61-935f-ccbce3779fbd","local_time":"20210217150107","is_ascension_mode":false,"campfire_choices":[{"data":"Armaments","floor":6.0,"key":"SMITH"},{"data":"Clash","floor":10.0,"key":"SMITH"},{"data":"Inflame","floor":15.0,"key":"SMITH"}],"circlet_count":0,"master_deck":["Strike_R","Strike_R","Strike_R","Defend_R","Defend_R","Armaments+1","Flex","Clash+1","Inflame+1","Exhume","Seeing Red","Disarm+1","Iron Wave","Flex+1","Twin Strike","Spot Weakness+1"],"relics":["Burning Blood","NeowsBlessing","Centennial Puzzle","Potion Belt","Odd Mushroom","Art of War","Matryoshka","Fusion Hammer","Bronze Scales","Tiny Chest","Singing Bowl","Bird Faced Urn"],"acts_visited":["Exordium","TheCity"],"potions_floor_usage":[23,23],"damage_taken":[{"damage":0.0,"enemies":"Jaw Worm","floor":1.0,"turns":1.0},{"damage":0.0,"enemies":"Cultist","floor":3.0,"turns":1.0},{"damage":0.0,"enemies":"3 Sentries","floor":7.0,"turns":1.0},{"damage":14.0,"enemies":"The Mushroom Lair","floor":8.0,"turns":4.0},{"damage":0.0,"enemies":"Small Slimes","floor":12.0,"turns":2.0},{"damage":40.0,"enemies":"The Guardian","floor":16.0,"turns":8.0},{"damage":17.0,"enemies":"3 Byrds","floor":18.0,"turns":5.0},{"damage":14.0,"enemies":"Shell Parasite","floor":20.0,"turns":4.0},{"damage":25.0,"enemies":"Sentry and Sphere","floor":22.0,"turns":6.0},{"damage":9,"enemies":"Slavers","floor":23,"turns":5},{"damage":2,"enemies":"Centurion and Healer","floor":24,"turns":5},{"damage":13,"enemies":"Chosen and Byrds","floor":25,"turns":6},{"damage":26,"enemies":"Gremlin Leader","floor":27,"turns":7},{"damage":11,"enemies":"Snake Plant","floor":28,"turns":1}],"seed_played":"935039468236675937","potions_obtained":[{"floor":1.0,"key":"FairyPotion"},{"floor":3.0,"key":"EssenceOfSteel"},{"floor":8.0,"key":"ColorlessPotion"},{"floor":18.0,"key":"SkillPotion"},{"floor":23,"key":"LiquidBronze"},{"floor":25,"key":"DuplicationPotion"}],"is_trial":false,"path_per_floor":["M","?","M","$","?","R","E","?","T","R","?","M","?","$","R","B",null,"M","$","M","?","M","E","M","M","T","E","M"],"character_chosen":"IRONCLAD","items_purchased":[],"campfire_rested":0,"item_purchase_floors":[],"current_hp_per_floor":[80,80,80,80,80,80,80,72,72,72,65,71,71,71,71,37,80,69,69,61,53,34,31,35,28,28,8,0,0],"gold":204,"neow_bonus":"THREE_ENEMY_KILL","is_daily":false,"chose_seed":false,"campfire_upgraded":3,"win_rate":0.0,"timestamp":1613570467,"path_taken":["M","?","?","$","?","R","E","?","T","R","?","M","?","$","R","BOSS","M","?","M","?","M","E","M","?","T","E","M"],"items_purchased_type":[],"build_version":"2020-12-22","purchased_purges":3,"victory":false,"max_hp_per_floor":[80,80,80,80,80,80,80,80,80,80,80,80,80,80,80,80,80,80,80,80,80,80,80,80,80,80,80,80,80],"card_choices":[{"not_picked":["Rampage","Havoc"],"picked":"Armaments","floor":1.0},{"not_picked":["Havoc","Shrug It Off","True Grit"],"picked":"SKIP","floor":3.0},{"not_picked":["Sentinel","Bloodletting"],"picked":"Flex","floor":7.0},{"not_picked":["Anger","True Grit"],"picked":"Clash","floor":8.0},{"not_picked":["Exhume","Spot Weakness"],"picked":"Inflame","floor":12.0},{"not_picked":["Juggernaut","Bludgeon"],"picked":"Exhume","floor":16.0},{"not_picked":["Reckless Charge","Cleave"],"picked":"Seeing Red","floor":18.0},{"not_picked":["Whirlwind","Havoc+1"],"picked":"Disarm+1","floor":20.0},{"not_picked":["Dark Embrace","Immolate"],"picked":"Iron Wave","floor":22.0},{"not_picked":["Armaments","Barricade"],"picked":"Flex+1","floor":23},{"not_picked":["True Grit","Cleave","Reckless Charge"],"picked":"SKIP","floor":24},{"not_picked":["Cleave","Corruption"],"picked":"Twin Strike","floor":25},{"not_picked":["Flame Barrier","Cleave"],"picked":"Spot Weakness+1","floor":27}],"player_experience":801044,"relics_obtained":[{"floor":2.0,"key":"Centennial Puzzle"},{"floor":7.0,"key":"Potion Belt"},{"floor":8.0,"key":"Odd Mushroom"},{"floor":9.0,"key":"Art of War"},{"floor":23,"key":"Bronze Scales"},{"floor":26,"key":"Tiny Chest"},{"floor":26,"key":"Singing Bowl"},{"floor":27,"key":"Bird Faced Urn"}],"event_choices":[{"damage_healed":0.0,"max_hp_gain":0.0,"max_hp_loss":0.0,"gold_gain":0.0,"event_name":"Wheel of Change","player_choice":"Relic","floor":2.0,"gold_loss":0.0,"damage_taken":0.0},{"cards_removed":["Defend_R"],"damage_healed":0.0,"max_hp_gain":0.0,"max_hp_loss":0.0,"gold_gain":0.0,"event_name":"Living Wall","player_choice":"Forget","floor":5.0,"gold_loss":0.0,"damage_taken":0.0},{"damage_healed":0.0,"max_hp_gain":0.0,"max_hp_loss":0.0,"gold_gain":0.0,"event_name":"Mushrooms","player_choice":"Fought Mushrooms","floor":8.0,"gold_loss":0.0,"damage_taken":0.0},{"cards_removed":["Strike_R"],"damage_healed":0.0,"max_hp_gain":0.0,"max_hp_loss":0.0,"gold_gain":0.0,"event_name":"Golden Wing","player_choice":"Card Removal","floor":11.0,"gold_loss":0.0,"damage_taken":7.0},{"damage_healed":0.0,"max_hp_gain":0.0,"max_hp_loss":0.0,"gold_gain":0.0,"event_name":"WeMeetAgain","player_choice":"Gave Potion","floor":13.0,"gold_loss":0.0,"damage_taken":0.0,"relics_obtained":["Matryoshka"]},{"damage_healed":0.0,"max_hp_gain":0.0,"max_hp_loss":0.0,"gold_gain":75.0,"event_name":"FaceTrader","player_choice":"Touch","floor":21.0,"gold_loss":0.0,"damage_taken":8.0}],"is_beta":false,"boss_relics":[{"not_picked":["Calling Bell","Empty Cage"],"picked":"Fusion Hammer"}],"items_purged_floors":[4,14,19],"is_endless":false,"potions_floor_spawned":[1,3,8,18,23,25],"killed_by":"Snake Plant","ascension_level":0}}