{"host":"pqs17sqrgflf4eqa","time":1613602701,"event":{"mods":["AchievementEnabler","BaseMod","Bestiary","Better Altar","Better Match","Better Skull","Block Reminder","Bossed Relics","Colored Map","Colored Powertips","Curses Come First","Dark Map","DeckTracker","Defective Defect","Displayed Cursed Tome","Emptier Cage","Googly Eyes","Highlight Path","Minty Spire (QoL Compilation)","Quick Restart","Slay-I","StSLib","SuperFastMode","Synergy Search","Thieving Mod","Transform Curses","everything is the same but u backflip on backflip","slay the spire mod where everything is the same but ironclad has a cowboy hat"],"gold_per_floor":[116,132,64,64,80,80,106,120,172,207,219,219,244,244,244,347,347,360,6,6,22,22,22,22],"floor_reached":23,"language":"ENG","playtime":451,"items_purged":["Strike_P"],"score":369,"play_id":"43a883f6-43db-4fd1-a9b7-64f1a9caa36d","local_time":"20210217175821","is_ascension_mode":true,"campfire_choices":[{"data":"Eruption","floor":6,"key":"SMITH"},{"floor":12,"key":"REST"},{"data":"WheelKick","floor":15,"key":"SMITH"}],"circlet_count":0,"master_deck":["Strike_P","Strike_P+1","Strike_P","Defend_P","Defend_P","Eruption+1","Vigilance","Prostrate","CrushJoints","WheelKick+1","LikeWater","FearNoEvil","ThirdEye","DeceiveReality","Blasphemy","LessonLearned","ClearTheMind","SandsOfTime"],"relics":["PureWater","NeowsBlessing","TeardropLocket","Bottled Flame","Omamori","PreservedInsect","Bag of Preparation","Sozu","Frozen Eye","Meat on the Bone"],"acts_visited":["Exordium","TheCity"],"potions_floor_usage":[7,10,10,16,23],"damage_taken":[{"damage":0,"enemies":"Small Slimes","floor":1,"turns":1},{"damage":0,"enemies":"Cultist","floor":2,"turns":1},{"damage":0,"enemies":"2 Louse","floor":5,"turns":1},{"damage":26,"enemies":"3 Sentries","floor":7,"turns":4},{"damage":4,"enemies":"Large Slime","floor":8,"turns":4},{"damage":33,"enemies":"Lagavulin","floor":10,"turns":3},{"damage":1,"enemies":"Looter","floor":11,"turns":3},{"damage":0,"enemies":"Gremlin Nob","floor":13,"turns":2},{"damage":0,"enemies":"Slime Boss","floor":16,"turns":3},{"damage":7,"enemies":"2 Thieves","floor":18,"turns":3},{"damage":0,"enemies":"Shell Parasite","floor":21,"turns":2},{"damage":61,"enemies":"Slavers","floor":23,"turns":4}],"seed_played":"5382417421533149605","potions_obtained":[{"floor":1,"key":"Explosive Potion"},{"floor":5,"key":"PowerPotion"},{"floor":7,"key":"BottledMiracle"},{"floor":11,"key":"Swift Potion"},{"floor":16,"key":"Explosive Potion"}],"is_trial":false,"path_per_floor":["M","M","$","?","M","R","E","M","T","E","M","R","E","?","R","B",null,"M","$","T","M","$","E"],"character_chosen":"WATCHER","items_purchased":["WheelKick","Frozen Eye","ClearTheMind","SandsOfTime"],"campfire_rested":1,"item_purchase_floors":[3,19,19,19],"current_hp_per_floor":[65,65,65,65,65,65,39,35,35,2,1,22,22,22,22,22,60,53,53,53,53,53,0,0],"gold":22,"neow_bonus":"THREE_ENEMY_KILL","is_daily":false,"chose_seed":false,"campfire_upgraded":2,"win_rate":0.0,"timestamp":1613602701,"path_taken":["M","M","$","?","?","R","E","M","T","E","?","R","E","?","R","BOSS","M","$","?","M","$","E"],"items_purchased_type":["Card","Relic","Card","Card"],"build_version":"2020-12-22","purchased_purges":1,"victory":false,"max_hp_per_floor":[72,72,72,72,72,72,72,72,72,72,72,72,72,72,72,72,72,72,72,72,72,72,72,72],"card_choices":[{"not_picked":["Wallop","Protect"],"picked":"Prostrate","floor":1},{"not_picked":["EmptyFist","BowlingBash"],"picked":"CrushJoints","floor":2},{"not_picked":["BowlingBash","Meditate"],"picked":"LikeWater","floor":5},{"not_picked":["Omniscience","Consecrate"],"picked":"FearNoEvil","floor":7},{"not_picked":["Weave","WreathOfFlame"],"picked":"ThirdEye","floor":8},{"not_picked":["JustLucky","FlurryOfBlows"],"picked":"DeceiveReality","floor":10},{"not_picked":["CrushJoints","FlyingSleeves","Evaluate"],"picked":"SKIP","floor":11},{"not_picked":["EmptyBody","Study","FlurryOfBlows"],"picked":"SKIP","floor":13},{"not_picked":["Wish","MasterReality"],"picked":"LessonLearned","floor":16},{"not_picked":["JustLucky","SashWhip","WaveOfTheHand"],"picked":"SKIP","floor":18},{"not_picked":["Evaluate","Consecrate","Nirvana"],"picked":"SKIP","floor":21}],"player_experience":225926,"relics_obtained":[{"floor":7,"key":"Bottled Flame"},{"floor":9,"key":"Omamori"},{"floor":10,"key":"PreservedInsect"},{"floor":13,"key":"Bag of Preparation"},{"floor":20,"key":"Meat on the Bone"}],"event_choices":[{"cards_removed":["Defend_P"],"damage_healed":0,"gold_gain":0,"player_choice":"Card Removal","damage_taken":0,"max_hp_gain":0,"max_hp_loss":0,"event_name":"Wheel of Change","floor":4,"gold_loss":0},{"damage_healed":0,"gold_gain":0,"cards_transformed":["Defend_P"],"player_choice":"Transformed","damage_taken":0,"max_hp_gain":0,"max_hp_loss":0,"event_name":"Transmorgrifier","floor":14,"gold_loss":0,"cards_obtained":["Blasphemy"]}],"is_beta":false,"boss_relics":[{"not_picked":["Runic Dome","Cursed Key"],"picked":"Sozu"}],"items_purged_floors":[19],"is_endless":false,"potions_floor_spawned":[1,5,7,11,16,18],"killed_by":"Slavers","ascension_level":6}}