{"host":"e4wnmsyty9uvvtwf","time":1613568736,"event":{"mods":["BaseMod","Colored Map","Colored Powertips","Minty Spire (QoL Compilation)","Replay The Spire","StSLib"],"gold_per_floor":[111,111,30,48,48,48,65,92,116,116,129,149,160,174,174,253,253,270,290,307,145,145,145],"floor_reached":22,"language":"ZHS","playtime":809,"items_purged":["Sickly"],"score":456,"play_id":"afeecc4d-db49-485c-829a-6d25368be6e3","local_time":"20210217213216","is_ascension_mode":true,"campfire_choices":[{"data":"Neutralize","floor":6.0,"key":"SMITH"},{"floor":10.0,"key":"REST"},{"floor":15.0,"key":"REST"}],"circlet_count":0,"master_deck":["AscendersBane","Strike_G","Defend_G","Defend_G","Defend_G","Defend_G","Defend_G","Survivor","Neutralize+1","Cloak And Dagger","Storm of Steel+1","Footwork+1","Flying Knee","Blur","Blade Dance","Flying Knee","Burst","Outmaneuver","Blade Dance","Phantasmal Killer","Doppelganger","Predator+1","Predator+1","Masterful Stab+1","Dodge and Roll","Accuracy","Deflect"],"relics":["Ring of the Snake","ReplayTheSpireMod:CursedCoin","Dream Catcher","Bronze Scales","Astrolabe","Anchor"],"acts_visited":["Exordium","TheCity"],"potions_floor_usage":[16],"damage_taken":[{"damage":0.0,"enemies":"Jaw Worm","floor":1.0,"turns":6.0},{"damage":0.0,"enemies":"Cultist","floor":4.0,"turns":3.0},{"damage":0.0,"enemies":"2 Louse","floor":7.0,"turns":3.0},{"damage":15.0,"enemies":"3 Sentries","floor":8.0,"turns":12.0},{"damage":9.0,"enemies":"Large Slime","floor":11.0,"turns":7.0},{"damage":0.0,"enemies":"Blue Slaver","floor":12.0,"turns":4.0},{"damage":4.0,"enemies":"Red Slaver","floor":13.0,"turns":4.0},{"damage":18.0,"enemies":"3 Louse","floor":14.0,"turns":3.0},{"damage":0,"enemies":"Slime Boss","floor":16,"turns":4},{"damage":0,"enemies":"3 Byrds","floor":18,"turns":3},{"damage":1,"enemies":"Chosen","floor":19,"turns":4},{"damage":55,"enemies":"Shelled Parasite and Fungi","floor":20,"turns":7},{"damage":12,"enemies":"Centurion and Healer","floor":22,"turns":4}],"seed_played":"-6824741837479649674","potions_obtained":[{"floor":1.0,"key":"Reflective Coating"},{"floor":4.0,"key":"AttackPotion"},{"floor":11.0,"key":"Energy Potion"},{"floor":12.0,"key":"SteroidPotion"}],"is_trial":false,"path_per_floor":["M","?","$","M","?","R","M","E","T","R","M","M","M","M","R_BF","B",null,"M","M","M","$","M"],"character_chosen":"THE_SILENT","items_purchased":["ReplayTheSpireMod:CursedCoin","Storm of Steel","Footwork","Anchor"],"campfire_rested":2,"item_purchase_floors":[3,3,3,21],"current_hp_per_floor":[65,65,65,65,43,43,43,28,28,49,40,40,36,18,39,39,64,64,63,8,8,0,0],"gold":145,"neow_bonus":"TEN_PERCENT_HP_BONUS","is_daily":false,"chose_seed":false,"campfire_upgraded":1,"win_rate":0.0,"timestamp":1613568736,"path_taken":["M","?","?","M","?","R","M","E","T","R","M","M","?","M","R_BF","BOSS","M","M","M","$","M"],"items_purchased_type":["Relic","Card","Card","Relic"],"build_version":"2020-12-22","purchased_purges":1,"victory":false,"max_hp_per_floor":[72,72,72,72,72,72,72,72,72,72,72,72,72,72,72,72,72,72,72,72,72,72,72],"card_choices":[{"not_picked":["Dagger Throw","Draining Mist"],"picked":"Cloak And Dagger","floor":1.0},{"not_picked":["Flechettes","Underhanded Strike","Sneak Up"],"picked":"SKIP","floor":4.0},{"not_picked":["Prepared","Underhanded Strike"],"picked":"Flying Knee","floor":7.0},{"not_picked":["Reflex","Hidden Blade"],"picked":"Blur","floor":8.0},{"not_picked":["Blur","Slice"],"picked":"Blade Dance","floor":10.0},{"not_picked":["Bane","Fluid Movement"],"picked":"Flying Knee","floor":11.0},{"not_picked":["Dagger Spray","PiercingWail"],"picked":"Burst","floor":12.0},{"not_picked":["PiercingWail","Sucker Punch"],"picked":"Outmaneuver","floor":13.0},{"not_picked":["Catalyst","Underhanded Strike"],"picked":"Blade Dance","floor":14.0},{"not_picked":["Deadly Poison","Flying Knee"],"picked":"Phantasmal Killer","floor":15.0},{"not_picked":["Malaise","Adrenaline"],"picked":"Doppelganger","floor":16},{"not_picked":["Infinite Blades","Toxin Wave"],"picked":"Dodge and Roll","floor":18},{"not_picked":["Escape Plan+1","Poisoned Stab"],"picked":"Accuracy","floor":19},{"not_picked":["Distraction","Caltrops"],"picked":"Deflect","floor":20}],"player_experience":518875,"relics_obtained":[{"floor":8.0,"key":"Dream Catcher"},{"floor":9.0,"key":"Bronze Scales"}],"event_choices":[{"cards_removed":["Strike_G"],"damage_healed":0.0,"max_hp_gain":0.0,"max_hp_loss":0.0,"gold_gain":0.0,"event_name":"Purifier","player_choice":"Purged","floor":2.0,"gold_loss":0.0,"damage_taken":0.0},{"damage_healed":0.0,"max_hp_gain":0.0,"max_hp_loss":0.0,"gold_gain":0.0,"event_name":"Shining Light","player_choice":"Entered Light","floor":5.0,"gold_loss":0.0,"damage_taken":22.0,"cards_upgraded":["Footwork","Storm of Steel"]}],"is_beta":false,"boss_relics":[{"not_picked":["Honey Jar","Empty Cage"],"picked":"Astrolabe"}],"items_purged_floors":[3],"is_endless":false,"potions_floor_spawned":[1,4,11,12],"killed_by":"Centurion and Healer","ascension_level":18}}