{"host":"5agrj1fd4s00r127","time":1613595307,"event":{"mods":["BaseMod","Minty Spire (QoL Compilation)","StSLib"],"gold_per_floor":[119,119,131,131,149,160,160,191,237,249,279,326,365,377,377],"floor_reached":14,"language":"RUS","playtime":458,"items_purged":[],"score":100,"play_id":"b41e90e4-e128-417a-9cca-9e1f51456cbb","local_time":"20210217225507","is_ascension_mode":false,"campfire_choices":[{"data":"Choke","floor":7,"key":"SMITH"}],"circlet_count":0,"master_deck":["Strike_G","Strike_G","Strike_G","Strike_G","Strike_G","Defend_G","Defend_G","Defend_G","Defend_G","Defend_G","Survivor","Neutralize","Backflip","Regret","Crippling Poison","Choke+1","Infinite Blades","Poisoned Stab","Dagger Spray","Poisoned Stab"],"relics":["Ring of the Snake","NeowsBlessing","Matryoshka","Smiling Mask","Centennial Puzzle","Omamori","MawBank","WingedGreaves","Boot"],"acts_visited":["Exordium"],"potions_floor_usage":[12,12,12,14],"damage_taken":[{"damage":0,"enemies":"Cultist","floor":1,"turns":1},{"damage":0,"enemies":"2 Louse","floor":3,"turns":1},{"damage":0,"enemies":"Small Slimes","floor":5,"turns":1},{"damage":12,"enemies":"Looter","floor":6,"turns":4},{"damage":33,"enemies":"Lagavulin","floor":8,"turns":9},{"damage":16,"enemies":"Red Slaver","floor":11,"turns":4},{"damage":20,"enemies":"3 Sentries","floor":12,"turns":7},{"damage":12,"enemies":"Gremlin Nob","floor":14,"turns":3}],"seed_played":"-6120387655562221687","potions_obtained":[{"floor":6,"key":"Ancient Potion"},{"floor":8,"key":"Weak Potion"},{"floor":11,"key":"PowerPotion"},{"floor":12,"key":"GhostInAJar"}],"is_trial":false,"path_per_floor":["M","?","M","?","M","M","R","E","T","?","M","E","T","E"],"character_chosen":"THE_SILENT","items_purchased":[],"campfire_rested":0,"item_purchase_floors":[],"current_hp_per_floor":[70,70,70,67,67,55,55,22,22,39,23,3,3,0,0],"gold":377,"neow_bonus":"THREE_ENEMY_KILL","is_daily":false,"chose_seed":false,"campfire_upgraded":1,"win_rate":0.0,"timestamp":1613595307,"path_taken":["M","?","M","?","M","M","R","E","T","?","M","E","?","E"],"items_purchased_type":[],"build_version":"2020-12-22","purchased_purges":0,"victory":false,"max_hp_per_floor":[70,70,70,70,70,70,70,70,70,70,70,70,70,70,70],"card_choices":[{"not_picked":["Sucker Punch","Outmaneuver"],"picked":"Backflip","floor":1},{"not_picked":["Dagger Throw","Predator"],"picked":"Crippling Poison","floor":3},{"not_picked":["Expertise","Escape Plan"],"picked":"Choke","floor":5},{"not_picked":["Prepared","Noxious Fumes"],"picked":"Infinite Blades","floor":6},{"not_picked":["Acrobatics","Backflip"],"picked":"Poisoned Stab","floor":8},{"not_picked":["Flying Knee","Calculated Gamble"],"picked":"Dagger Spray","floor":11},{"not_picked":["Backstab","Deflect"],"picked":"Poisoned Stab","floor":12}],"player_experience":38797,"relics_obtained":[{"floor":8,"key":"Centennial Puzzle"},{"floor":9,"key":"Omamori"},{"floor":9,"key":"MawBank"},{"floor":12,"key":"WingedGreaves"},{"floor":13,"key":"Boot"}],"event_choices":[{"damage_healed":0,"gold_gain":0,"player_choice":"Box","damage_taken":0,"relics_obtained":["Matryoshka"],"max_hp_gain":0,"max_hp_loss":0,"event_name":"Big Fish","floor":2,"gold_loss":0,"cards_obtained":["Regret"]},{"damage_healed":0,"gold_gain":0,"player_choice":"Success","damage_taken":3,"relics_obtained":["Smiling Mask"],"max_hp_gain":0,"max_hp_loss":0,"event_name":"Scrap Ooze","floor":4,"gold_loss":0},{"damage_healed":17,"gold_gain":0,"player_choice":"Healed and dodged fight","damage_taken":0,"max_hp_gain":0,"max_hp_loss":0,"event_name":"Mushrooms","floor":10,"gold_loss":0,"cards_obtained":["Parasite"]}],"is_beta":false,"boss_relics":[],"items_purged_floors":[],"is_endless":false,"potions_floor_spawned":[6,8,11,12],"killed_by":"Gremlin Nob","ascension_level":0}}