{"host":"29uuqgkzqd703i93","time":1613593757,"event":{"mods":["BaseMod","Colored Powertips","Minty Spire (QoL Compilation)"],"gold_per_floor":[110,185,36,53,53,79,97,109,133,149,149,159,159,218,218,316,316,333,258,258,276,12,12,12,12,12,12,23,0,31,51,51,155,155,169,187,187,187,8,8,25,57,80,80,80,355,355,366,366,366],"floor_reached":51,"language":"ENG","playtime":3335,"items_purged":["Strike_G","Bullet Time"],"score":718,"play_id":"9b93b8fb-168f-47cf-a25a-7b8105007977","local_time":"20210217212917","is_ascension_mode":false,"campfire_choices":[{"data":"Accuracy","floor":11,"key":"SMITH"},{"floor":15,"key":"REST"},{"floor":23,"key":"REST"},{"data":"Cloak And Dagger","floor":25,"key":"SMITH"},{"data":"Neutralize","floor":27,"key":"SMITH"},{"floor":32,"key":"REST"},{"floor":40,"key":"REST"},{"floor":44,"key":"REST"},{"floor":47,"key":"REST"},{"floor":49,"key":"REST"}],"circlet_count":0,"master_deck":["Strike_G+1","Defend_G","Defend_G","Defend_G","Defend_G","Defend_G","Survivor","Neutralize+1","Blur","Well Laid Plans","Blade Dance","Backflip","Dagger Throw","Blade Dance","Accuracy+1","Backflip","Parasite","Distraction","Storm of Steel","Deflect+1","Footwork+1","Cloak And Dagger+1","PiercingWail","Dagger Throw","Infinite Blades","After Image","Phantasmal Killer","CurseOfTheBell","Backflip+1","Blade Dance+1","Cloak And Dagger+1","Distraction+1","Outmaneuver+1","Dagger Spray","Leg Sweep+1","Setup+1","Prepared+1","Madness+1","Madness+1","Regret","Blur+1","PiercingWail+1"],"relics":["Ring of the Snake","NeowsBlessing","Whetstone","Boot","Regal Pillow","Black Star","Bag of Preparation","Shuriken","Letter Opener","Snake Skull","WingedGreaves","Calling Bell","Juzu Bracelet","Toxic Egg 2","Prayer Wheel","Mercury Hourglass","Smiling Mask","Happy Flower"],"acts_visited":["Exordium","TheCity","TheBeyond"],"potions_floor_usage":[50],"damage_taken":[{"damage":0.0,"enemies":"Jaw Worm","floor":1.0,"turns":1.0},{"damage":0.0,"enemies":"2 Louse","floor":4.0,"turns":1.0},{"damage":0.0,"enemies":"3 Sentries","floor":6.0,"turns":1.0},{"damage":1.0,"enemies":"Cultist","floor":7.0,"turns":4.0},{"damage":9.0,"enemies":"Blue Slaver","floor":8.0,"turns":4.0},{"damage":0,"enemies":"Large Slime","floor":10,"turns":5},{"damage":3,"enemies":"Red Slaver","floor":12,"turns":3},{"damage":13,"enemies":"Gremlin Nob","floor":14,"turns":5},{"damage":33,"enemies":"Slime Boss","floor":16,"turns":12},{"damage":14,"enemies":"Shell Parasite","floor":18,"turns":4},{"damage":21,"enemies":"Chosen","floor":21,"turns":6},{"damage":0,"enemies":"Snecko","floor":28,"turns":4},{"damage":17,"enemies":"Book of Stabbing","floor":30,"turns":5},{"damage":14,"enemies":"Centurion and Healer","floor":31,"turns":5},{"damage":37,"enemies":"Collector","floor":33,"turns":11},{"damage":1,"enemies":"Orb Walker","floor":35,"turns":2},{"damage":18,"enemies":"3 Darklings","floor":36,"turns":6},{"damage":33,"enemies":"Spire Growth","floor":41,"turns":5},{"damage":37,"enemies":"Nemesis","floor":42,"turns":7},{"damage":28,"enemies":"Jaw Worm Horde","floor":48,"turns":4},{"damage":14,"enemies":"Awakened One","floor":50,"turns":12}],"seed_played":"6183864451032086432","potions_obtained":[{"floor":1.0,"key":"Strength Potion"},{"floor":4.0,"key":"Energy Potion"},{"floor":10,"key":"FairyPotion"},{"floor":36,"key":"Block Potion"},{"floor":42,"key":"EntropicBrew"}],"is_trial":false,"path_per_floor":["M","?","$","M","?","E","M","M","T","M","R","M","?","?","R","B",null,"M","?","?","M","$","R","$","R","T","R","M","$","E","M","R","B",null,"M","M","?","?","$","R","M","E","T","R","?","?","R","M","R","B",null],"character_chosen":"THE_SILENT","items_purchased":["Well Laid Plans","Shuriken","Cloak And Dagger","Dagger Throw","Outmaneuver+1","Dagger Spray"],"campfire_rested":7,"item_purchase_floors":[3,22,22,29,39,39],"current_hp_per_floor":[70,59,59,59,59,59,58,49,49,49,49,46,63,50,70,37,70,56,56,56,35,35,70,70,70,70,70,70,70,53,39,70,33,70,69,51,51,51,51,70,37,21,21,57,48,48,70,42,70,56],"gold":366,"neow_bonus":"THREE_ENEMY_KILL","is_daily":false,"chose_seed":false,"campfire_upgraded":3,"win_rate":0.0,"timestamp":1613593757,"path_taken":["M","?","?","M","?","E","M","M","T","M","R","?","?","?","R","BOSS","M","?","?","M","?","R","$","R","T","R","M","$","E","?","R","BOSS","M","M","?","?","$","R","M","E","T","R","?","?","R","M","R","BOSS"],"items_purchased_type":["Card","Relic","Card","Card","Card","Card"],"build_version":"2020-12-22","purchased_purges":2,"victory":true,"max_hp_per_floor":[70,70,70,70,70,70,70,70,70,70,70,70,70,70,70,70,70,70,70,70,70,70,70,70,70,70,70,70,70,70,70,70,70,70,70,70,70,70,70,70,70,70,70,70,70,70,70,70,70,70],"card_choices":[{"not_picked":["Setup","Bane"],"picked":"Blur","floor":1.0},{"not_picked":["Flying Knee","Blur"],"picked":"Blade Dance","floor":4.0},{"not_picked":["Sucker Punch","Choke"],"picked":"Backflip","floor":6.0},{"not_picked":["Eviscerate","Dagger Spray"],"picked":"Dagger Throw","floor":7.0},{"not_picked":["Dash","Outmaneuver"],"picked":"Blade Dance","floor":8.0},{"not_picked":["Dodge and Roll","Flechettes"],"picked":"Accuracy","floor":10},{"not_picked":["Bullet Time","Caltrops"],"picked":"Backflip","floor":12},{"not_picked":["Bane","Slice"],"picked":"Distraction","floor":14},{"not_picked":["Burst","Adrenaline"],"picked":"Storm of Steel","floor":16},{"not_picked":["Quick Slash","Dodge and Roll"],"picked":"Deflect+1","floor":18},{"not_picked":["Setup","Acrobatics"],"picked":"Footwork+1","floor":21},{"not_picked":["Cloak And Dagger","Poisoned Stab"],"picked":"PiercingWail","floor":28},{"not_picked":["Deflect","Underhanded Strike+1"],"picked":"Infinite Blades","floor":30},{"not_picked":["Caltrops","Dagger Throw"],"picked":"After Image","floor":31},{"not_picked":["Night Terror","Storm of Steel"],"picked":"Phantasmal Killer","floor":33},{"not_picked":["Acrobatics+1","Heel Hook+1"],"picked":"Backflip+1","floor":35},{"not_picked":["Acrobatics+1","Well Laid Plans+1"],"picked":"Blade Dance+1","floor":35},{"not_picked":["Predator+1","Poisoned Stab"],"picked":"Cloak And Dagger+1","floor":36},{"not_picked":["Setup+1","Expertise+1"],"picked":"Distraction+1","floor":36},{"not_picked":["Prepared+1","Distraction+1"],"picked":"Leg Sweep+1","floor":41},{"not_picked":["Poisoned Stab+1","Bane+1"],"picked":"Setup+1","floor":41},{"not_picked":["Eviscerate+1","Poisoned Stab+1"],"picked":"Prepared+1","floor":42},{"not_picked":["Backflip+1","Riddle With Holes"],"picked":"Blur+1","floor":48},{"not_picked":["Dash","Setup+1"],"picked":"PiercingWail+1","floor":48}],"player_experience":110286,"relics_obtained":[{"floor":6.0,"key":"Whetstone"},{"floor":9,"key":"Boot"},{"floor":14,"key":"Regal Pillow"},{"floor":26,"key":"Letter Opener"},{"floor":30,"key":"Snake Skull"},{"floor":30,"key":"WingedGreaves"},{"floor":34,"key":"Juzu Bracelet"},{"floor":34,"key":"Toxic Egg 2"},{"floor":34,"key":"Prayer Wheel"},{"floor":42,"key":"Mercury Hourglass"},{"floor":42,"key":"Smiling Mask"},{"floor":43,"key":"Happy Flower"}],"event_choices":[{"damage_healed":0.0,"max_hp_gain":0.0,"max_hp_loss":0.0,"gold_gain":75.0,"event_name":"World of Goop","player_choice":"Gather Gold","floor":2.0,"gold_loss":0.0,"damage_taken":11.0},{"damage_healed":0.0,"max_hp_gain":0.0,"max_hp_loss":0.0,"gold_gain":0.0,"cards_transformed":["Strike_G"],"event_name":"Transmorgrifier","player_choice":"Transformed","floor":5.0,"gold_loss":0.0,"damage_taken":0.0,"cards_obtained":["Bullet Time"]},{"damage_healed":17,"gold_gain":0,"player_choice":"Healed and dodged fight","damage_taken":0,"max_hp_gain":0,"max_hp_loss":0,"event_name":"Mushrooms","floor":13,"gold_loss":0,"cards_obtained":["Parasite"]},{"damage_healed":0,"gold_gain":0,"player_choice":"Searched \u00271\u0027 times","damage_taken":0,"max_hp_gain":0,"max_hp_loss":0,"event_name":"Dead Adventurer","floor":14,"gold_loss":0},{"cards_removed":["Strike_G"],"damage_healed":0,"gold_gain":0,"player_choice":"Gave Gold","damage_taken":0,"max_hp_gain":0,"max_hp_loss":0,"event_name":"Beggar","floor":19,"gold_loss":75},{"damage_healed":0,"gold_gain":0,"player_choice":"Stole Relic","damage_taken":0,"relics_obtained":["Bag of Preparation"],"max_hp_gain":0,"max_hp_loss":0,"event_name":"Addict","floor":20,"gold_loss":0,"cards_obtained":["Shame"]},{"cards_removed":["Strike_G"],"damage_healed":0,"gold_gain":0,"player_choice":"Removed Attack","damage_taken":0,"max_hp_gain":0,"max_hp_loss":0,"event_name":"Falling","floor":37,"gold_loss":0},{"cards_removed":["Shame"],"damage_healed":0,"gold_gain":0,"player_choice":"Purged","damage_taken":0,"max_hp_gain":0,"max_hp_loss":0,"event_name":"Purifier","floor":38,"gold_loss":0},{"damage_healed":0,"gold_gain":0,"player_choice":"Embrace Madness","damage_taken":9,"max_hp_gain":0,"max_hp_loss":0,"event_name":"Winding Halls","floor":45,"gold_loss":0,"cards_obtained":["Madness","Madness"]},{"damage_healed":0,"gold_gain":275,"player_choice":"Desecrate","damage_taken":0,"max_hp_gain":0,"max_hp_loss":0,"event_name":"Golden Shrine","floor":46,"gold_loss":0,"cards_obtained":["Regret"]}],"is_beta":false,"boss_relics":[{"not_picked":["Velvet Choker","SlaversCollar"],"picked":"Black Star"},{"not_picked":["Coffee Dripper","Astrolabe"],"picked":"Calling Bell"}],"items_purged_floors":[3,39],"is_endless":false,"potions_floor_spawned":[1,4,10,14,21,30,33,35,36,42,48],"ascension_level":0}}