{"host":"pj7egx7jkoz18hom","time":1613530532,"event":{"mods":["AchievementEnabler","BaseMod","Keyboard Shortcuts","Minty Spire (QoL Compilation)","SuperFastMode"],"gold_per_floor":[118,138,148,158,77,104,104,133,133,133,151,162,190,155,155,155,155],"floor_reached":16,"language":"KOR","playtime":4641,"items_purged":[],"score":122,"play_id":"5cd12887-7afe-4eaa-910a-fd6a5eb5389a","local_time":"20210217115532","is_ascension_mode":false,"campfire_choices":[{"data":"Eruption","floor":10,"key":"SMITH"},{"floor":15,"key":"REST"}],"circlet_count":0,"master_deck":["Strike_P","Strike_P","Strike_P","Defend_P","Defend_P","Defend_P","Defend_P","Eruption+1","Vigilance","PathToVictory","Consecrate","Halt","FlurryOfBlows","ThirdEye","Conclude","JustLucky","JustLucky","Adaptation","EmptyFist","Judgement"],"relics":["PureWater","Kunai","Blue Candle","Gremlin Horn","Bottled Flame"],"acts_visited":["Exordium"],"potions_floor_usage":[8,13],"damage_taken":[{"damage":0,"enemies":"Small Slimes","floor":1,"turns":3},{"damage":1,"enemies":"Cultist","floor":2,"turns":3},{"damage":0,"enemies":"2 Louse","floor":3,"turns":2},{"damage":10,"enemies":"2 Fungi Beasts","floor":4,"turns":3},{"damage":31,"enemies":"Lagavulin","floor":6,"turns":8},{"damage":2,"enemies":"3 Sentries","floor":8,"turns":2},{"damage":8,"enemies":"Red Slaver","floor":11,"turns":4},{"damage":9,"enemies":"Blue Slaver","floor":12,"turns":3},{"damage":15,"enemies":"Lagavulin","floor":13,"turns":6},{"damage":20,"enemies":"The Guardian","floor":16,"turns":6}],"seed_played":"-3402411132994568100","potions_obtained":[{"floor":3,"key":"Dexterity Potion"},{"floor":6,"key":"Swift Potion"},{"floor":11,"key":"StancePotion"}],"is_trial":false,"path_per_floor":["M","M","M","M","$","E","?","E","T","R","M","M","E","?","R","B"],"character_chosen":"WATCHER","items_purchased":["Conclude"],"campfire_rested":1,"item_purchase_floors":[5],"current_hp_per_floor":[72,71,71,61,61,30,54,52,52,52,44,35,20,38,59,39,39],"gold":155,"neow_bonus":"TRANSFORM_CARD","is_daily":false,"chose_seed":false,"campfire_upgraded":1,"win_rate":0.0,"timestamp":1613530532,"path_taken":["M","M","M","M","$","E","?","E","T","R","M","M","E","?","R","BOSS"],"items_purchased_type":["Card"],"build_version":"2020-12-22","purchased_purges":0,"victory":false,"max_hp_per_floor":[72,72,72,72,72,72,72,72,72,72,72,72,72,72,72,72,72],"card_choices":[{"not_picked":["Perseverance","SandsOfTime"],"picked":"Consecrate","floor":1},{"not_picked":["Prostrate","Adaptation"],"picked":"Halt","floor":2},{"not_picked":["EmptyMind","Collect"],"picked":"FlurryOfBlows","floor":3},{"not_picked":["JustLucky","SashWhip"],"picked":"ThirdEye","floor":4},{"not_picked":["FlyingSleeves","EmptyFist"],"picked":"JustLucky","floor":6},{"not_picked":["EmptyFist","Crescendo"],"picked":"JustLucky","floor":8},{"not_picked":["CrushJoints","WindmillStrike"],"picked":"Adaptation","floor":11},{"not_picked":["WheelKick","ConjureBlade"],"picked":"EmptyFist","floor":12},{"not_picked":["BowlingBash","CrushJoints"],"picked":"Judgement","floor":13}],"player_experience":128624,"relics_obtained":[{"floor":6,"key":"Kunai"},{"floor":8,"key":"Blue Candle"},{"floor":9,"key":"Gremlin Horn"},{"floor":13,"key":"Bottled Flame"}],"event_choices":[{"damage_healed":24,"gold_gain":0,"player_choice":"Banana","damage_taken":0,"max_hp_gain":0,"max_hp_loss":0,"event_name":"Big Fish","floor":7,"gold_loss":0},{"damage_healed":18,"gold_gain":0,"player_choice":"Healed","damage_taken":0,"max_hp_gain":0,"max_hp_loss":0,"event_name":"The Cleric","floor":14,"gold_loss":35}],"is_beta":false,"boss_relics":[],"items_purged_floors":[],"is_endless":false,"potions_floor_spawned":[3,6,11],"killed_by":"The Guardian","ascension_level":0}}