{"host":"mfgjat5rctdaqztb","time":1613583523,"event":{"mods":["100% Spire Juice","2.2 Compatiblity","AchievementEnabler","Act Like it!","Astrologer","BaseMod","Bestiary","Better Altar","Better Match","Better Note","Better Sensory Stone","Better Skull","Better Third Choice","Better Vampires","Block Reminder","Elementarium","Energized Spire","Fireblade Mod","Friendly Minions","Halation","Infinite Spire","Koishi","Mari Mod (Legacy)","Mari\u0027s V1 Patch","Menagerie","Minty Spire (QoL Compilation)","QueenMod","Quick Restart","Random Character Button","Rare Cards Sparkle","Shade Mod","Shop Mod","Somnambulant","Spicy Shops","StSLib","The Alterego","The Blackbeard","The Bladedancer","The Bug Knight","The Clintock","The Cursed","The Druid","The Florist","The Hayseed","The Hierophant","The Kombatant","The Marked","The Mystic","The Poker Player","The Runesmith","Uncapped","UnlockEverythingMod","Waifu the Spire","Wandering Minibosses","Yohane!","Yuri Mod","thorton"],"gold_per_floor":[110,110,335,353,10,10,27,27,27,27,61,116,139,154,154,279,279,290,215,250,477,508,508,578,578,578,578],"floor_reached":25,"language":"ENG","playtime":1344,"items_purged":[],"score":223,"play_id":"5a9f0622-784a-4a1b-84bc-58aafabc7a75","local_time":"20210217123843","is_ascension_mode":false,"campfire_choices":[{"data":"blackbeard:Sword","floor":6.0,"key":"SMITH"},{"floor":8.0,"key":"RECALL"},{"data":"blackbeard:Upgrade","floor":15.0,"key":"SMITH"},{"data":"blackbeard:Bandana","floor":23,"key":"SMITH"}],"circlet_count":1,"master_deck":["blackbeard:BlackbeardStrike+1","blackbeard:BlackbeardStrike","blackbeard:BlackbeardStrike","blackbeard:BlackbeardStrike+1","blackbeard:IntimidatingStrike+1","blackbeard:BlackbeardDefend","blackbeard:BlackbeardDefend","blackbeard:BlackbeardDefend","blackbeard:BlackbeardDefend","blackbeard:Cutlass","blackbeard:AgileStrike","Shame","blackbeard:Sword+1","blackbeard:Bandana+1","blackbeard:Upgrade+1","blackbeard:PirateHook","blackbeard:Salvager","blackbeard:DelayedPain","blackbeard:BeatUp","blackbeard:ReapersScythe","blackbeard:GoldenCannonball","blackbeard:Toast+1","Jack Of All Trades+1","blackbeard:BrownPants","blackbeard:DeadlyArsenal","blackbeard:Dagger"],"relics":["blackbeard:LoadTheCannons","Whetstone","Menagerie:ShiftingBlessing","halation:Sosunser","blackbeard:HipFlask","Circlet","Turnip","Cursed Key","blackbeard:TreasureChest","halation:Toothbrush"],"acts_visited":["Menagerie:Menagerie","Elementarium:Elementarium"],"potions_floor_usage":[24],"damage_taken":[{"damage":3.0,"enemies":"Menagerie:StygianBoar","floor":1.0,"turns":3.0},{"damage":4.0,"enemies":"Menagerie:WhisperingWraith","floor":4.0,"turns":3.0},{"damage":0.0,"enemies":"Menagerie:2_RABBITS","floor":7.0,"turns":3.0},{"damage":0.0,"enemies":"Menagerie:KEEPER_AND_YOUNG_SUNEATER","floor":11.0,"turns":3.0},{"damage":9.0,"enemies":"Menagerie:Hydra","floor":12.0,"turns":4.0},{"damage":2.0,"enemies":"Menagerie:DREAD_MOTH_AND_GRAFTED_WORMS","floor":13.0,"turns":3.0},{"damage":7.0,"enemies":"Menagerie:MENAGERIE_WILDLIFE","floor":14.0,"turns":3.0},{"damage":22.0,"enemies":"Menagerie:Suneater","floor":16.0,"turns":7.0},{"damage":7,"enemies":"Elementarium:Cyclone","floor":18,"turns":4},{"damage":0,"enemies":"Elementarium:2_ELEMENTALS","floor":20,"turns":4},{"damage":0,"enemies":"Elementarium:RubyGolem","floor":22,"turns":3},{"damage":9,"enemies":"Elementarium:ElementalPortal","floor":24,"turns":7},{"damage":22,"enemies":"Elementarium:VOID_CORRUPTION_AND_ORB_OF_FIRE","floor":25,"turns":3}],"seed_played":"851457408055387856","potions_obtained":[{"floor":4.0,"key":"Energy Potion"},{"floor":11.0,"key":"Fire Potion"},{"floor":14.0,"key":"Regen Potion"},{"floor":16.0,"key":"SneckoOil"},{"floor":18,"key":"Fruit Juice"},{"floor":24,"key":"LiquidMemories"}],"is_trial":false,"path_per_floor":["M","?","?","M","$","R","M","R","T","$","M","E","M","M","R","B",null,"M","?","M","?","M","R","E","M"],"character_chosen":"BLACKBEARD_CLASS","items_purchased":["halation:Sosunser","blackbeard:Bandana","blackbeard:HipFlask"],"campfire_rested":0,"item_purchase_floors":[5,5,5],"current_hp_per_floor":[72,63,63,59,59,59,59,59,64,64,64,55,53,46,46,33,80,73,73,73,26,26,26,22,0,0,0],"gold":578,"neow_bonus":"RANDOM_COMMON_RELIC","is_daily":false,"chose_seed":false,"campfire_upgraded":3,"win_rate":0.0,"timestamp":1613583523,"path_taken":["M","?","?","M","?","R","M","R","T","?","?","E","M","M","R","BOSS","M","?","M","?","?","R","E","M"],"items_purchased_type":["Relic","Card","Relic"],"build_version":"2020-12-22","purchased_purges":0,"victory":false,"max_hp_per_floor":[75,75,75,75,75,75,75,75,80,80,80,80,80,80,80,80,80,80,80,80,80,80,80,85,85,85,85],"card_choices":[{"not_picked":["blackbeard:PirateHook","blackbeard:DoubleBottom"],"picked":"blackbeard:AgileStrike","floor":1.0},{"not_picked":["blackbeard:TacticalRetreat","blackbeard:Spear"],"picked":"blackbeard:Sword","floor":4.0},{"not_picked":["blackbeard:Anchor","blackbeard:CannonBarrage"],"picked":"blackbeard:Upgrade","floor":7.0},{"not_picked":["blackbeard:Sword","blackbeard:SwordDance"],"picked":"blackbeard:PirateHook","floor":11.0},{"not_picked":["blackbeard:AgileStrike","blackbeard:FieryDefense"],"picked":"blackbeard:Salvager","floor":12.0},{"not_picked":["blackbeard:BlindAttacks","blackbeard:Provisioning"],"picked":"blackbeard:DelayedPain","floor":13.0},{"not_picked":["blackbeard:CannonballSupply","blackbeard:Provisioning"],"picked":"blackbeard:BeatUp","floor":14.0},{"not_picked":["blackbeard:Lifeboat","blackbeard:Parrot"],"picked":"blackbeard:ReapersScythe","floor":16.0},{"not_picked":["blackbeard:PirateHook+1","blackbeard:Sword"],"picked":"blackbeard:GoldenCannonball","floor":18},{"not_picked":["blackbeard:GoldenStrike+1","blackbeard:PiratesWill+1"],"picked":"blackbeard:Toast+1","floor":19},{"not_picked":["Purity+1","PanicButton+1"],"picked":"Jack Of All Trades+1","floor":19},{"not_picked":["blackbeard:BlindAttacks","blackbeard:CloakAndCannonball+1"],"picked":"blackbeard:BrownPants","floor":20},{"not_picked":["blackbeard:Boarding+1","blackbeard:WiseDefense"],"picked":"blackbeard:DeadlyArsenal","floor":22},{"not_picked":["blackbeard:Sharpening","blackbeard:PiratesWill"],"picked":"blackbeard:Dagger","floor":24}],"player_experience":427390,"relics_obtained":[{"floor":9.0,"key":"vexMod:Dragonfruit"},{"floor":12.0,"key":"Turnip"},{"floor":24,"key":"halation:Toothbrush"}],"event_choices":[{"damage_healed":0.0,"max_hp_gain":0.0,"max_hp_loss":0.0,"gold_gain":0.0,"event_name":"Menagerie:LunarGift","player_choice":"Touch","floor":2.0,"gold_loss":0.0,"damage_taken":9.0,"relics_obtained":["Menagerie:ShiftingBlessing"]},{"damage_healed":0.0,"max_hp_gain":0.0,"max_hp_loss":0.0,"gold_gain":225.0,"event_name":"Menagerie:SpiderNest","player_choice":"Raid","floor":3.0,"gold_loss":0.0,"damage_taken":0.0,"cards_obtained":["Shame"]},{"damage_healed":0,"gold_gain":0,"player_choice":"2","damage_taken":0,"max_hp_gain":0,"max_hp_loss":0,"event_name":"betterMatch:BetterMatch","floor":19,"gold_loss":0,"cards_obtained":["betterMatch:CommonCard","betterMatch:ColorlessUncommonCard"]},{"damage_healed":0,"gold_gain":227,"player_choice":"GO RE UP GO ","damage_taken":53,"relics_obtained":["blackbeard:TreasureChest"],"max_hp_gain":0,"max_hp_loss":0,"event_name":"betterSkull:BetterSkull","floor":21,"gold_loss":0,"cards_upgraded":["blackbeard:IntimidatingStrike"]}],"is_beta":false,"boss_relics":[{"not_picked":["Runesmith:UraniumAnvil","halation:Yufonium"],"picked":"Cursed Key"}],"items_purged_floors":[],"is_endless":false,"potions_floor_spawned":[4,11,14,16,18,24],"killed_by":"Elementarium:VOID_CORRUPTION_AND_ORB_OF_FIRE","ascension_level":0}}