{"host":"qc1sjgtdjonvdsd8","time":1613594225,"event":{"mods":["BaseMod","Colored Map","Colored Powertips","Curses Come First","Minty Spire (QoL Compilation)","StSLib"],"gold_per_floor":[113,113,38,38,54,54,93,93,93,93,109,129,129,14,14,14,14],"floor_reached":16,"language":"ENG","playtime":826,"items_purged":["Strike_B"],"score":113,"play_id":"89a58a07-fbf5-4927-838f-49ffe0e97c30","local_time":"20210217123705","is_ascension_mode":true,"campfire_choices":[{"data":"Zap","floor":6,"key":"SMITH"},{"data":"Coolheaded","floor":8,"key":"SMITH"},{"data":"Dualcast","floor":10,"key":"SMITH"},{"data":"Genetic Algorithm","floor":13,"key":"SMITH"},{"floor":15,"key":"REST"}],"circlet_count":0,"master_deck":["Strike_B+1","Strike_B","Strike_B","Defend_B","Defend_B","Defend_B","Defend_B","Zap+1","Dualcast+1","Cold Snap+1","Skim","Coolheaded+1","Genetic Algorithm+1","Self Repair","Coolheaded"],"relics":["Cracked Core","Regal Pillow","Golden Idol","Ornamental Fan","Whetstone"],"acts_visited":["Exordium"],"potions_floor_usage":[16,16],"damage_taken":[{"damage":0,"enemies":"Small Slimes","floor":1,"turns":4},{"damage":0,"enemies":"2 Louse","floor":5,"turns":2},{"damage":30,"enemies":"Gremlin Nob","floor":7,"turns":4},{"damage":0,"enemies":"Jaw Worm","floor":11,"turns":3},{"damage":2,"enemies":"Looter","floor":12,"turns":4},{"damage":69,"enemies":"Hexaghost","floor":16,"turns":16}],"seed_played":"-1209006516404159951","potions_obtained":[{"floor":5,"key":"PotionOfCapacity"},{"floor":7,"key":"Dexterity Potion"}],"is_trial":false,"path_per_floor":["M","?","$","?","M","R","E","R","T","R","M","M","R","$","R","B"],"character_chosen":"DEFECT","items_purchased":["Self Repair","Coolheaded"],"campfire_rested":1,"item_purchase_floors":[14,14],"current_hp_per_floor":[75,57,57,62,62,62,32,32,32,32,32,30,30,30,69,0,0],"gold":14,"neow_bonus":"RANDOM_COMMON_RELIC","is_daily":false,"chose_seed":false,"campfire_upgraded":4,"win_rate":0.0,"timestamp":1613594225,"path_taken":["M","?","$","?","M","R","E","R","T","R","M","M","R","$","R","BOSS"],"items_purchased_type":["Card","Card"],"build_version":"2020-12-22","purchased_purges":1,"victory":false,"max_hp_per_floor":[75,75,75,80,80,80,80,80,80,80,80,80,80,80,80,80,80],"card_choices":[{"not_picked":["Gash","Turbo"],"picked":"Cold Snap","floor":1},{"not_picked":["Gash","Beam Cell"],"picked":"Skim","floor":5},{"not_picked":["Hologram","BootSequence"],"picked":"Coolheaded","floor":7},{"not_picked":["Coolheaded","Ball Lightning"],"picked":"Genetic Algorithm","floor":11},{"not_picked":["Scrape","Reinforced Body","Double Energy"],"picked":"SKIP","floor":12}],"player_experience":277938,"relics_obtained":[{"floor":7,"key":"Ornamental Fan"},{"floor":9,"key":"Whetstone"}],"event_choices":[{"damage_healed":0,"gold_gain":0,"player_choice":"Take Damage","damage_taken":18,"relics_obtained":["Golden Idol"],"max_hp_gain":0,"max_hp_loss":0,"event_name":"Golden Idol","floor":2,"gold_loss":0},{"damage_healed":0,"gold_gain":0,"player_choice":"Donut","damage_taken":0,"max_hp_gain":5,"max_hp_loss":0,"event_name":"Big Fish","floor":4,"gold_loss":0}],"is_beta":false,"boss_relics":[],"items_purged_floors":[3],"is_endless":false,"potions_floor_spawned":[5,7],"killed_by":"Hexaghost","ascension_level":3}}