{"host":"m6rwrrl4vtok99e8","time":1613539506,"event":{"mods":["ATMod(??Mod)","Act Like it!","Arknights","Aspiration","BaseMod","Colored Powertips","Downfall","KomeijiMod","LagranYue(???·?)","Lobotomy","Marisa????????","Minty Spire (QoL Compilation)","Quick Restart","Reliquary","Remilia??????","Replay The Spire","Spicy Shops","StSLib","The Bug Knight","The Hierophant","The Servant 0.9.4","Waifu the Spire","WarShipGirlsR/????R mod","Yakumo Yukari mod","Youmu??????","Yuri Mod"],"gold_per_floor":[119,119,138,184,202,235,235,250,277,289,289,36,36,48,48,146,146,164,243,254,36,102,212,38,91,91,91,16,57,57,82,82,253,353,490,565,657,657,390,390,433,523,603,603,603,656,701,853,853,928],"floor_reached":51,"language":"ZHS","playtime":2424,"items_purged":["Strike_S","Doubt","Doubt"],"score":745,"play_id":"817ec100-1be5-47fd-b6c7-cb9b2f889b41","local_time":"20210217132506","is_ascension_mode":false,"campfire_choices":[{"data":"AT_Dispersion","floor":7,"key":"SMITH"},{"data":"Contraction","floor":11,"key":"SMITH"},{"data":"Initiator","floor":13,"key":"SMITH"},{"floor":15,"key":"REST"},{"data":"KillingDoll","floor":30,"key":"SMITH"},{"floor":32,"key":"REST"},{"data":"Bandage Up","floor":40,"key":"SMITH"},{"data":"Rearm","floor":49,"key":"SMITH"}],"circlet_count":0,"master_deck":["Strike_S+1","Strike_S","Defend_S","Defend_S","Defend_S","Defend_S","KidneyShot+1","AT_Dispersion+1","Rearm+1","Contraction+1","Initiator+1","KillingDoll+1","Luminosity+1","Rearm+1","Collapse+1","Bandage Up+1","BestPractice+1","Confused","SurpressingFire+1"],"relics":["Uniform","AT_ATBox","LagranYue:RandomDrawCardRelic","NeowsBlessing","Anchor","AT_ArcaneBoots","HollowMod:PaleOreRelic","reliquary:PartyBalloon","AT_ImmortalShieldbow","Black Star","reliquary:BoilingFlask","AT_MibuBalloonWealth","Molten Egg 2","AT_BladeRuinedKing","Membership Card","Matryoshka","PocketWatch","Incense Burner","Bag of Marbles","reliquary:PrincelyHelmet","aspiration:RitualStick","reliquary:FeatherDuster","Potion Belt","Replay:Wanted Poster","Happy Flower","PrismaticShard","ReplayTheSpireMod:CursedCoin","Thread and Needle","Bronze Scales","reliquary:NewFriend","AT_BellowingDragoncrestRing","Snack Pack","Ancient Tea Set","Whetstone","Blue Doll"],"acts_visited":["Exordium","TheCity","TheBeyond"],"potions_floor_usage":[16,23,33,33],"damage_taken":[{"damage":0,"enemies":"Small Slimes","floor":1,"turns":2},{"damage":0,"enemies":"Cultist","floor":3,"turns":1},{"damage":0,"enemies":"2 Louse","floor":5,"turns":2},{"damage":31,"enemies":"Lagavulin","floor":6,"turns":10},{"damage":0,"enemies":"Exordium Wildlife","floor":8,"turns":4},{"damage":7,"enemies":"Large Slime","floor":10,"turns":9},{"damage":0,"enemies":"Red Slaver","floor":14,"turns":3},{"damage":32,"enemies":"The Guardian","floor":16,"turns":16},{"damage":3,"enemies":"Chosen","floor":18,"turns":8},{"damage":0,"enemies":"Spheric Guardian","floor":20,"turns":3},{"damage":0,"enemies":"Centurion and Healer","floor":22,"turns":8},{"damage":28,"enemies":"Slavers","floor":23,"turns":10},{"damage":1,"enemies":"HollowMod:Nosk","floor":25,"turns":11},{"damage":0,"enemies":"Snecko","floor":29,"turns":1},{"damage":27,"enemies":"Automaton","floor":33,"turns":9},{"damage":0,"enemies":"3 Darklings","floor":35,"turns":5},{"damage":0,"enemies":"3 Shapes","floor":37,"turns":4},{"damage":0,"enemies":"Writhing Mass","floor":41,"turns":2},{"damage":0,"enemies":"Jaw Worm Horde","floor":42,"turns":2},{"damage":0,"enemies":"Giant Head","floor":46,"turns":6},{"damage":0,"enemies":"Spire Growth","floor":47,"turns":3},{"damage":0,"enemies":"Reptomancer","floor":48,"turns":3},{"damage":45,"enemies":"Replay:Hell Engine","floor":50,"turns":8}],"seed_played":"1450350904344328275","potions_obtained":[{"floor":6,"key":"FairyPotion"},{"floor":10,"key":"CalmPotion"},{"floor":14,"key":"Fire Potion"},{"floor":16,"key":"LiquidBronze"},{"floor":23,"key":"SkillPotion"},{"floor":29,"key":"Regen Potion"},{"floor":41,"key":"SteroidPotion"},{"floor":47,"key":"SteroidPotion"},{"floor":48,"key":"BlessingOfTheForge"}],"is_trial":false,"path_per_floor":["M","?","M","T","M","E","R","M","T","M","R","$","R","M","R","B",null,"M","T","M","$","M","E","$","E","T","?","?","M","R","T","R","B",null,"M","?","M","?","$","R","M","M","T","T","?","E","M","E","R","B",null],"character_chosen":"THE_SERVANT","items_purchased":["AT_ImmortalShieldbow","AT_MibuBalloonWealth","Membership Card","Matryoshka","PrismaticShard","ReplayTheSpireMod:CursedCoin","Thread and Needle","Bronze Scales","Bandage Up"],"campfire_rested":2,"item_purchase_floors":[12,21,24,24,39,39,39,39,39],"current_hp_per_floor":[65,65,65,65,65,34,34,34,34,27,27,27,27,27,46,29,65,62,62,62,62,62,34,34,33,33,20,20,20,20,20,39,26,65,65,49,49,49,49,49,61,61,61,61,61,61,63,65,65,32],"gold":928,"neow_bonus":"THREE_ENEMY_KILL","is_daily":false,"chose_seed":false,"campfire_upgraded":6,"win_rate":0.0,"timestamp":1613539506,"path_taken":["M","?","?","?","M","E","R","M","T","?","R","$","R","M","R","BOSS","M","?","M","$","?","E","?","E","T","?","?","M","R","?","R","BOSS","M","?","M","?","?","R","?","M","T","?","?","E","M","E","R","BOSS"],"items_purchased_type":["Relic","Relic","Relic","Relic","Relic","Relic","Relic","Relic","Card"],"build_version":"2020-12-22","purchased_purges":3,"victory":true,"max_hp_per_floor":[65,65,65,65,65,65,65,65,65,65,65,65,65,65,65,65,65,65,65,65,65,65,65,65,65,65,65,65,65,65,65,65,65,65,65,65,65,65,65,65,65,65,65,65,65,65,65,65,65,65],"card_choices":[{"not_picked":["Potential","BottledTime"],"picked":"Rearm","floor":1},{"not_picked":["Defy","Rewind","Starlight"],"picked":"SKIP","floor":3},{"not_picked":["StarChef","Potential","Defy"],"picked":"SKIP","floor":5},{"not_picked":["Sabotage","StarChef"],"picked":"Contraction","floor":6},{"not_picked":["FastForward","Unruled","BottledTime"],"picked":"SKIP","floor":8},{"not_picked":["ShiftingGears","Ricochet"],"picked":"Initiator","floor":10},{"not_picked":["Snipe","Alleviate","Ricochet"],"picked":"SKIP","floor":14},{"not_picked":["Duplication","Initiator"],"picked":"KillingDoll","floor":16},{"not_picked":["StarChef","Sabotage","ShatteredReality"],"picked":"SKIP","floor":18},{"not_picked":["Rewind","Replace","ReturningBlade+1"],"picked":"SKIP","floor":20},{"not_picked":["ShiftingGears","FanOfKnives+1"],"picked":"Luminosity+1","floor":22},{"not_picked":["GearUp","Defy","Rewind"],"picked":"SKIP","floor":23},{"not_picked":["Snipe+1","Spin+1","TimeWarp+1"],"picked":"SKIP","floor":25},{"not_picked":["Spin+1","Unruled+1"],"picked":"Rearm+1","floor":29},{"not_picked":["LightFlow+1","Sunlight+1"],"picked":"MurderousAura","floor":33},{"not_picked":["Replace+1","TimeWarp+1","Rearm"],"picked":"SKIP","floor":35},{"not_picked":["Spin+1","Starlight+1"],"picked":"Collapse+1","floor":36},{"not_picked":["BottledTime+1","Starlight+1","WasteNot"],"picked":"SKIP","floor":37},{"not_picked":["Cold Snap+1","Charmbait_purple+1","hexamod:NightmareGuise+1"],"picked":"SKIP","floor":41},{"not_picked":["Guardian:CrystalBeam+1","Replay:Sssssssssstrike+1"],"picked":"BestPractice+1","floor":42},{"not_picked":["LagranYue:SkillWoodSpearCard+1","rmod:fletcherpendant+1","Masterful Stab+1"],"picked":"SKIP","floor":46},{"not_picked":["yuri:WickedSlash+1","sneckomod:DiceBlock+1"],"picked":"SurpressingFire+1","floor":47},{"not_picked":["Reinforced Body","InscribeRedSoul+1","rmod:goodsister+1"],"picked":"SKIP","floor":48}],"player_experience":30481,"relics_obtained":[{"floor":2,"key":"Anchor"},{"floor":4,"key":"AT_SpeedBoots"},{"floor":6,"key":"HollowMod:PaleOreRelic"},{"floor":9,"key":"reliquary:PartyBalloon"},{"floor":19,"key":"reliquary:BoilingFlask"},{"floor":23,"key":"Molten Egg 2"},{"floor":23,"key":"AT_BladeRuinedKing"},{"floor":25,"key":"PocketWatch"},{"floor":25,"key":"Incense Burner"},{"floor":26,"key":"Bag of Marbles"},{"floor":26,"key":"reliquary:PrincelyHelmet"},{"floor":31,"key":"reliquary:FeatherDuster"},{"floor":31,"key":"Potion Belt"},{"floor":36,"key":"Happy Flower"},{"floor":43,"key":"reliquary:NewFriend"},{"floor":44,"key":"AT_BellowingDragoncrestRing"},{"floor":46,"key":"Snack Pack"},{"floor":46,"key":"Ancient Tea Set"},{"floor":48,"key":"Whetstone"},{"floor":48,"key":"Blue Doll"}],"event_choices":[{"damage_healed":0,"gold_gain":0,"player_choice":"Relic","damage_taken":0,"max_hp_gain":0,"max_hp_loss":0,"event_name":"Wheel of Change","floor":2,"gold_loss":0},{"cards_removed":["Strike_S"],"damage_healed":0,"gold_gain":0,"player_choice":"Gave Gold","damage_taken":0,"max_hp_gain":0,"max_hp_loss":0,"event_name":"Beggar","floor":28,"gold_loss":75},{"cards_removed":["MurderousAura"],"damage_healed":0,"gold_gain":0,"player_choice":"Removed Power","damage_taken":0,"max_hp_gain":0,"max_hp_loss":0,"event_name":"Falling","floor":38,"gold_loss":0}],"is_beta":false,"boss_relics":[{"not_picked":["reliquary:RedCape","Runic Pyramid"],"picked":"Black Star"},{"not_picked":["Painkiller Herb","Replay:Drink Me"],"picked":"Replay:Wanted Poster"}],"items_purged_floors":[21,24,39],"is_endless":false,"potions_floor_spawned":[6,10,14,16,23,29,41,47,48],"ascension_level":0}}