{"host":"pj7egx7jkoz18hom","time":1613546800,"event":{"mods":["AchievementEnabler","BaseMod","Keyboard Shortcuts","Minty Spire (QoL Compilation)","SuperFastMode"],"gold_per_floor":[110,127,127,52,76,115,115,138,138,138,154,226,244,265,265,390,390,414,433,433,532,550,594,609,609,634,634,647,665,665,665],"floor_reached":30,"language":"KOR","playtime":1432,"items_purged":["Defend_P"],"score":256,"play_id":"fde0fc81-1bd1-456c-b1ef-b35bdc256367","local_time":"20210217162640","is_ascension_mode":false,"campfire_choices":[{"data":"Eruption","floor":7,"key":"SMITH"},{"floor":10,"key":"REST"},{"data":"Tantrum","floor":15,"key":"SMITH"},{"floor":25,"key":"REST"}],"circlet_count":0,"master_deck":["Strike_P","Strike_P","Strike_P","Strike_P","Defend_P","Defend_P","Defend_P","Eruption+1","Vigilance","Sanctity","FlurryOfBlows","BowlingBash","Tantrum+1","Judgement","Perseverance+1","Adaptation"],"relics":["PureWater","Ice Cream","Golden Idol","Anchor","Dream Catcher","Blue Candle","Fusion Hammer","Mercury Hourglass","Regal Pillow","Strawberry"],"acts_visited":["Exordium","TheCity"],"potions_floor_usage":[11,16,16,23,28,28],"damage_taken":[{"damage":2,"enemies":"Small Slimes","floor":1,"turns":4},{"damage":3,"enemies":"Jaw Worm","floor":2,"turns":6},{"damage":0,"enemies":"2 Louse","floor":5,"turns":2},{"damage":12,"enemies":"Gremlin Nob","floor":6,"turns":3},{"damage":0,"enemies":"Looter","floor":8,"turns":2},{"damage":0,"enemies":"3 Louse","floor":11,"turns":3},{"damage":0,"enemies":"2 Fungi Beasts","floor":13,"turns":2},{"damage":0,"enemies":"Gremlin Gang","floor":14,"turns":4},{"damage":60,"enemies":"The Guardian","floor":16,"turns":11},{"damage":0,"enemies":"3 Byrds","floor":18,"turns":2},{"damage":0,"enemies":"2 Thieves","floor":19,"turns":2},{"damage":12,"enemies":"Snecko","floor":22,"turns":4},{"damage":42,"enemies":"Slavers","floor":23,"turns":6},{"damage":13,"enemies":"Snake Plant","floor":24,"turns":3},{"damage":0,"enemies":"Shelled Parasite and Fungi","floor":28,"turns":2},{"damage":23,"enemies":"Centurion and Healer","floor":29,"turns":3},{"damage":11,"enemies":"Book of Stabbing","floor":30,"turns":2}],"seed_played":"9133406403583472461","potions_obtained":[{"floor":1,"key":"FairyPotion"},{"floor":6,"key":"Energy Potion"},{"floor":8,"key":"PowerPotion"},{"floor":11,"key":"LiquidBronze"},{"floor":22,"key":"Regen Potion"},{"floor":23,"key":"DuplicationPotion"},{"floor":24,"key":"Swift Potion"}],"is_trial":false,"path_per_floor":["M","M","?","$","M","E","R","M","T","R","M","T","M","M","R","B",null,"M","M","?","?","M","E","M","R","T","?","M","M","E"],"character_chosen":"WATCHER","items_purchased":[],"campfire_rested":2,"item_purchase_floors":[],"current_hp_per_floor":[63,60,60,60,60,48,48,48,48,60,60,60,60,60,60,18,60,60,60,60,60,48,21,8,26,26,33,33,10,0,0],"gold":665,"neow_bonus":"ONE_RARE_RELIC","is_daily":false,"chose_seed":false,"campfire_upgraded":2,"win_rate":0.0,"timestamp":1613546800,"path_taken":["M","M","?","$","M","E","R","M","T","R","M","?","M","M","R","BOSS","M","M","?","?","M","E","M","R","T","?","M","M","E"],"items_purchased_type":[],"build_version":"2020-12-22","purchased_purges":1,"victory":false,"max_hp_per_floor":[65,65,60,60,60,60,60,60,60,60,60,60,60,60,60,60,60,60,60,60,60,60,60,60,60,60,67,67,67,67,67],"card_choices":[{"not_picked":["Wallop","Consecrate"],"picked":"Sanctity","floor":1},{"not_picked":["LikeWater","FollowUp"],"picked":"FlurryOfBlows","floor":2},{"not_picked":["FollowUp","EmptyFist"],"picked":"BowlingBash","floor":5},{"not_picked":["ThirdEye","Sanctity","FollowUp"],"picked":"SKIP","floor":6},{"not_picked":["CrushJoints","ClearTheMind","EmptyMind"],"picked":"SKIP","floor":8},{"not_picked":["CarveReality","ThirdEye"],"picked":"Tantrum","floor":11},{"not_picked":["WheelKick","MasterReality","CrushJoints"],"picked":"SKIP","floor":13},{"not_picked":["Tantrum","SashWhip","BowlingBash"],"picked":"SKIP","floor":14},{"not_picked":["Establishment","LessonLearned"],"picked":"Judgement","floor":16},{"not_picked":["BattleHymn","Nirvana+1","ThirdEye"],"picked":"SKIP","floor":18},{"not_picked":["FollowUp","CutThroughFate"],"picked":"Perseverance+1","floor":19},{"not_picked":["Meditate","FollowUp","CrushJoints"],"picked":"SKIP","floor":22},{"not_picked":["Perseverance","Pray","Prostrate"],"picked":"SKIP","floor":23},{"not_picked":["SashWhip","Prostrate","BowlingBash"],"picked":"SKIP","floor":24},{"not_picked":["Prostrate","SashWhip+1","CutThroughFate+1"],"picked":"SKIP","floor":28},{"not_picked":["FlyingSleeves+1","BowlingBash+1","Consecrate+1"],"picked":"SKIP","floor":29}],"player_experience":140167,"relics_obtained":[{"floor":6,"key":"Anchor"},{"floor":9,"key":"Dream Catcher"},{"floor":12,"key":"Blue Candle"},{"floor":23,"key":"Mercury Hourglass"},{"floor":26,"key":"Regal Pillow"}],"event_choices":[{"damage_healed":0,"gold_gain":0,"player_choice":"Lose Max HP","damage_taken":0,"relics_obtained":["Golden Idol"],"max_hp_gain":0,"max_hp_loss":5,"event_name":"Golden Idol","floor":3,"gold_loss":0},{"damage_healed":0,"gold_gain":0,"player_choice":"Read","damage_taken":0,"max_hp_gain":0,"max_hp_loss":0,"event_name":"The Library","floor":20,"gold_loss":0,"cards_obtained":["Adaptation"]},{"damage_healed":0,"gold_gain":99,"player_choice":"Stole From Cult","damage_taken":0,"max_hp_gain":0,"max_hp_loss":0,"event_name":"Nest","floor":21,"gold_loss":0},{"damage_healed":0,"gold_gain":0,"player_choice":"Opened","damage_taken":0,"relics_obtained":["Strawberry"],"max_hp_gain":0,"max_hp_loss":0,"event_name":"The Mausoleum","floor":27,"gold_loss":0}],"is_beta":false,"boss_relics":[{"not_picked":["Snecko Eye","Runic Dome"],"picked":"Fusion Hammer"}],"items_purged_floors":[4],"is_endless":false,"potions_floor_spawned":[1,6,8,11,22,23,24],"killed_by":"Book of Stabbing","ascension_level":0}}