{"host":"pj05r22d3fegil3v","time":1613542986,"event":{"mods":["BaseMod","Better Altar","Better Match","Better Note","Better Sensory Stone","Better Skull","Better Third Choice","BetterRewards","Card Filter","Colored Powertips","Curses Come First","Custom Start","DeckTracker","Displayed Cursed Tome","Evolution","Minty Spire (QoL Compilation)","Quick Restart","Rare Cards Sparkle","Relic Filter Mod","Smile Girya","StSLib","Weighted Paths","everything is the same but u backflip on backflip","slay the spire mod where everything is the same but ironclad has a cowboy hat"],"gold_per_floor":[109,328,338,358,371,371,76,86,86,86,115,135,153,180,180,275,275,290,390,390,305,323,323,335,335,383,166,166,200,212,234,246,356,368,380,380],"floor_reached":35,"language":"ENG","playtime":1987,"items_purged":["Defend_G","Endless Agony"],"score":694,"play_id":"734b44bf-0789-45b4-abec-11adcf5f75a4","local_time":"20210217012306","is_ascension_mode":true,"campfire_choices":[{"floor":6,"key":"REST"},{"data":"Footwork","floor":10,"key":"SMITH"},{"data":"Outmaneuver","floor":15,"key":"SMITH"},{"data":"Outmaneuver","floor":23,"key":"SMITH"},{"data":"Well Laid Plans","floor":25,"key":"SMITH"},{"data":"Outmaneuver","floor":28,"key":"SMITH"},{"data":"Mayhem","floor":32,"key":"SMITH"}],"circlet_count":0,"master_deck":["Sucker Punch","Sucker Punch+1","Sucker Punch","Sucker Punch","Sucker Punch","Defend_G","Defend_G","Defend_G","Defend_G","Survivor","Neutralize+1","Outmaneuver+1","Escape Plan","Footwork+1","Mayhem+1","Outmaneuver+1","Backflip","Escape Plan","Tools of the Trade","Well Laid Plans+1","Phantasmal Killer","Outmaneuver+1","A Thousand Cuts"],"relics":["Ring of the Snake","EVO:Axolotl","Bag of Preparation","HandDrill","Centennial Puzzle","TheAbacus","Oddly Smooth Stone","Whetstone","Paper Crane","Sozu","Ornamental Fan","MawBank","Nloth\u0027s Gift","Busted Crown"],"acts_visited":["Exordium","TheCity","TheBeyond"],"potions_floor_usage":[8,16,16,33,33],"damage_taken":[{"damage":0,"enemies":"Jaw Worm","floor":1,"turns":2},{"damage":0,"enemies":"Cultist","floor":3,"turns":3},{"damage":0,"enemies":"2 Louse","floor":4,"turns":2},{"damage":5,"enemies":"2 Fungi Beasts","floor":5,"turns":4},{"damage":0,"enemies":"3 Louse","floor":8,"turns":1},{"damage":0,"enemies":"Lagavulin","floor":11,"turns":8},{"damage":3,"enemies":"Exordium Thugs","floor":12,"turns":4},{"damage":0,"enemies":"2 Fungi Beasts","floor":13,"turns":4},{"damage":9,"enemies":"3 Sentries","floor":14,"turns":12},{"damage":0,"enemies":"Hexaghost","floor":16,"turns":9},{"damage":9,"enemies":"Chosen","floor":18,"turns":7},{"damage":2,"enemies":"Shell Parasite","floor":22,"turns":4},{"damage":3,"enemies":"Snake Plant","floor":24,"turns":5},{"damage":0,"enemies":"Book of Stabbing","floor":29,"turns":8},{"damage":39,"enemies":"Cultist and Chosen","floor":31,"turns":13},{"damage":12,"enemies":"Collector","floor":33,"turns":11},{"damage":0,"enemies":"Orb Walker","floor":35,"turns":1}],"seed_played":"1579546096396297421","potions_obtained":[{"floor":3,"key":"CultistPotion"},{"floor":5,"key":"Explosive Potion"},{"floor":8,"key":"Dexterity Potion"},{"floor":13,"key":"Explosive Potion"},{"floor":16,"key":"PowerPotion"}],"is_trial":false,"path_per_floor":["M","?","M","M","M","R","$","M","T","R","E","M","M","E","R","B",null,"M","?","?","?","M","R","M","R","T","$","R","E","?","M","R","B",null,"M"],"character_chosen":"THE_SILENT","items_purchased":["Bag of Preparation","HandDrill","Centennial Puzzle","The Specimen","TheAbacus","Footwork","Mayhem","Phantasmal Killer","Outmaneuver"],"campfire_rested":1,"item_purchase_floors":[0,0,0,0,0,7,7,27,27],"current_hp_per_floor":[36,22,22,22,17,38,38,38,38,38,38,35,35,26,26,26,70,61,61,61,61,59,59,56,56,56,56,56,56,56,17,17,5,70,70,70],"gold":380,"neow_bonus":"","is_daily":false,"chose_seed":false,"campfire_upgraded":6,"win_rate":0.0,"timestamp":1613542986,"path_taken":["M","?","M","?","M","R","$","?","T","R","E","M","M","E","R","BOSS","M","?","?","?","M","R","M","R","T","$","R","E","?","?","R","BOSS","M"],"items_purchased_type":["Relic","Relic","Relic","Relic","Relic","Card","Card","Card","Card"],"build_version":"2020-12-22","purchased_purges":2,"victory":false,"max_hp_per_floor":[70,70,70,70,70,70,70,70,70,70,70,70,70,70,70,70,70,70,70,70,70,70,70,70,70,70,70,70,70,70,70,70,70,70,70,70],"card_choices":[{"not_picked":["Poisoned Stab","PiercingWail"],"picked":"Outmaneuver","floor":1},{"not_picked":["Cloak And Dagger","Dagger Spray"],"picked":"Escape Plan","floor":3},{"not_picked":["Reflex","Prepared","Deadly Poison"],"picked":"SKIP","floor":4},{"not_picked":["Malaise","Deflect","Predator"],"picked":"SKIP","floor":5},{"not_picked":["Dodge and Roll","All Out Attack","Sucker Punch"],"picked":"SKIP","floor":8},{"not_picked":["Blade Dance","Backstab"],"picked":"Outmaneuver","floor":11},{"not_picked":["Bane","Blade Dance"],"picked":"Backflip","floor":12},{"not_picked":["Poisoned Stab","Acrobatics","Choke"],"picked":"SKIP","floor":13},{"not_picked":["Backstab","Setup"],"picked":"Escape Plan","floor":14},{"not_picked":["Adrenaline","Glass Knife"],"picked":"Tools of the Trade","floor":16},{"not_picked":["Deflect","Slice","Quick Slash+1"],"picked":"SKIP","floor":18},{"not_picked":["Endless Agony","Poisoned Stab","PiercingWail"],"picked":"SKIP","floor":22},{"not_picked":["Poisoned Stab","Acrobatics+1"],"picked":"Well Laid Plans","floor":24},{"not_picked":["Prepared","Concentrate+1","Blur+1"],"picked":"SKIP","floor":29},{"not_picked":["Slice","Concentrate","Storm of Steel"],"picked":"SKIP","floor":31},{"not_picked":["Doppelganger","Glass Knife"],"picked":"A Thousand Cuts","floor":33}],"player_experience":136029,"relics_obtained":[{"floor":9,"key":"Oddly Smooth Stone"},{"floor":11,"key":"Whetstone"},{"floor":14,"key":"Paper Crane"},{"floor":29,"key":"MawBank"}],"event_choices":[{"damage_healed":0,"gold_gain":219,"player_choice":"GO GO ","damage_taken":16,"relics_obtained":[],"max_hp_gain":0,"max_hp_loss":0,"event_name":"betterSkull:BetterSkull","floor":2,"gold_loss":0,"cards_upgraded":[]},{"damage_healed":0,"gold_gain":100,"player_choice":"Pray","damage_taken":0,"max_hp_gain":0,"max_hp_loss":0,"event_name":"Golden Shrine","floor":19,"gold_loss":0},{"cards_removed":["Footwork"],"damage_healed":0,"gold_gain":0,"player_choice":"Give","damage_taken":0,"max_hp_gain":0,"max_hp_loss":0,"event_name":"betterNote:BetterNote","floor":20,"gold_loss":0,"cards_obtained":["None"]},{"damage_healed":0,"gold_gain":0,"player_choice":"Obtained Relic","damage_taken":0,"relics_obtained":["Ornamental Fan"],"max_hp_gain":0,"max_hp_loss":0,"event_name":"Addict","floor":21,"gold_loss":85},{"damage_healed":0,"gold_gain":0,"player_choice":"Traded Relic","damage_taken":0,"relics_obtained":["Nloth\u0027s Gift"],"max_hp_gain":0,"max_hp_loss":0,"event_name":"N\u0027loth","floor":30,"relics_lost":["The Specimen"],"gold_loss":0}],"is_beta":false,"boss_relics":[{"not_picked":["Tiny House","SacredBark"],"picked":"Sozu"},{"not_picked":["Black Star","Runic Dome"],"picked":"Busted Crown"}],"items_purged_floors":[7,27],"is_endless":false,"potions_floor_spawned":[3,5,8,13,16,18,29],"killed_by":"Orb Walker","ascension_level":1}}