{"host":"4nv61ujg37lx5d7m","time":1613544057,"event":{"mods":["BaseMod","Minty Spire (QoL Compilation)","Quick Restart"],"gold_per_floor":[115,125,75,75,98,139,139,157,157,157,191,211,181,222,222,222,222],"floor_reached":16,"language":"ZHS","playtime":473,"items_purged":[],"score":165,"play_id":"7648280c-18ea-4276-a83d-5e0bd3c62b3b","local_time":"20210217144057","is_ascension_mode":true,"campfire_choices":[{"data":"Immolate","floor":7.0,"key":"SMITH"},{"data":"Warcry","floor":10.0,"key":"SMITH"},{"data":"Dark Embrace","floor":15,"key":"SMITH"}],"circlet_count":0,"master_deck":["Strike_R","Strike_R","Strike_R","Strike_R","Defend_R","Defend_R","Defend_R","Defend_R","Bash","Immolate+1","Feel No Pain","Bloodletting","Warcry+1","Fire Breathing","Dark Embrace+1","Warcry"],"relics":["Burning Blood","Golden Idol","Anchor","Ginger","Potion Belt","Pantograph","Juzu Bracelet"],"acts_visited":["Exordium"],"potions_floor_usage":[14,14,16],"damage_taken":[{"damage":2.0,"enemies":"Jaw Worm","floor":1.0,"turns":3.0},{"damage":0.0,"enemies":"2 Louse","floor":2.0,"turns":2.0},{"damage":20.0,"enemies":"Gremlin Nob","floor":6.0,"turns":4.0},{"damage":1.0,"enemies":"Small Slimes","floor":8.0,"turns":3.0},{"damage":13,"enemies":"3 Sentries","floor":11,"turns":4},{"damage":3,"enemies":"Red Slaver","floor":12,"turns":4},{"damage":27,"enemies":"Lagavulin","floor":14,"turns":5},{"damage":45,"enemies":"Hexaghost","floor":16,"turns":9}],"seed_played":"-895897655610420895","potions_obtained":[{"floor":2.0,"key":"Block Potion"},{"floor":11,"key":"SkillPotion"},{"floor":12,"key":"DuplicationPotion"},{"floor":13,"key":"DistilledChaos"},{"floor":13,"key":"AttackPotion"}],"is_trial":false,"path_per_floor":["M","M","?","?","T","E","R","M","T","R","E","M","?","E","R","B"],"character_chosen":"IRONCLAD","items_purchased":[],"campfire_rested":0,"item_purchase_floors":[],"current_hp_per_floor":[55,61,61,61,61,47,47,52,52,52,45,48,48,27,27,7,7],"gold":222,"neow_bonus":"THREE_RARE_CARDS","is_daily":false,"chose_seed":false,"campfire_upgraded":3,"win_rate":0.0,"timestamp":1613544057,"path_taken":["M","M","?","?","?","E","R","M","T","R","E","M","?","E","R","BOSS"],"items_purchased_type":[],"build_version":"2020-12-22","purchased_purges":0,"victory":false,"max_hp_per_floor":[80,80,80,74,74,74,74,74,74,74,74,74,74,74,74,74,74],"card_choices":[{"not_picked":["Reaper","Double Tap"],"picked":"Immolate","floor":0.0},{"not_picked":["Flex","Headbutt"],"picked":"Feel No Pain","floor":1.0},{"not_picked":["Sword Boomerang","Inflame"],"picked":"Bloodletting","floor":2.0},{"not_picked":["Juggernaut","Iron Wave"],"picked":"Warcry","floor":6.0},{"not_picked":["Sword Boomerang","Seeing Red"],"picked":"Fire Breathing","floor":8.0},{"not_picked":["Clothesline","Seeing Red"],"picked":"Dark Embrace","floor":11},{"not_picked":["Iron Wave","Sword Boomerang"],"picked":"Warcry","floor":12},{"not_picked":["Pommel Strike","Dark Embrace","Whirlwind"],"picked":"SKIP","floor":14}],"player_experience":45908,"relics_obtained":[{"floor":5.0,"key":"Anchor"},{"floor":6.0,"key":"Ginger"},{"floor":9.0,"key":"Potion Belt"},{"floor":11,"key":"Pantograph"},{"floor":14,"key":"Juzu Bracelet"}],"event_choices":[{"cards_removed":["Strike_R"],"damage_healed":0.0,"max_hp_gain":0.0,"max_hp_loss":0.0,"gold_gain":0.0,"event_name":"The Cleric","player_choice":"Card Removal","floor":3.0,"gold_loss":50.0,"damage_taken":0.0},{"damage_healed":0.0,"max_hp_gain":0.0,"max_hp_loss":6.0,"gold_gain":0.0,"event_name":"Golden Idol","player_choice":"Lose Max HP","floor":4.0,"gold_loss":0.0,"damage_taken":0.0,"relics_obtained":["Golden Idol"]},{"damage_healed":0,"gold_gain":0,"player_choice":"Bought 2 Potions","damage_taken":0,"max_hp_gain":0,"max_hp_loss":0,"event_name":"The Woman in Blue","floor":13,"gold_loss":0}],"is_beta":false,"boss_relics":[],"items_purged_floors":[],"is_endless":false,"potions_floor_spawned":[2,11,12],"killed_by":"Hexaghost","ascension_level":8}}