{"host":"a1eatafr7pisesky","time":1613574433,"event":{"mods":["AchievementEnabler","BaseMod","Colored Map","Keyboard Shortcuts","Minty Spire (QoL Compilation)","Say the Spire","StSLib","SuperFastMode","everything is the same but u backflip on backflip"],"gold_per_floor":[110,185,185,110,110,143,143,173,173,208,264,291,302,313,313,390,390,409,429,429,429,429,429,429,454,477,166,182,197,229,49,49,124,124,140,15,27,43,57,57,57,57,57,57,57],"floor_reached":44,"language":"KOR","playtime":930,"items_purged":["Strike_R+1","Strike_R+1","Defend_R"],"score":1204,"play_id":"89d7584b-ed05-4403-ba9b-a61d3ee04b38","local_time":"20210218000713","is_ascension_mode":true,"campfire_choices":[{"data":"Bash","floor":7.0,"key":"SMITH"},{"data":"Burning Pact","floor":15.0,"key":"SMITH"},{"floor":23.0,"key":"REST"},{"data":"Corruption","floor":32.0,"key":"SMITH"},{"floor":42.0,"key":"REST"},{"data":"Heavy Blade","floor":43.0,"key":"SMITH"}],"circlet_count":0,"master_deck":["AscendersBane","Defend_R","Defend_R","Defend_R","Bash+1","Thunderclap","Sword Boomerang","Spot Weakness","Heavy Blade+1","Bloodletting","Impervious","Burning Pact+1","Limit Break","Flex","Shockwave","Necronomicurse","Ghostly","Ghostly","Ghostly","Corruption+1","Shrug It Off","Power Through","Impervious","Dropkick","Feel No Pain","Limit Break","Sentinel","Barricade","Flex","Rupture+1","Warcry"],"relics":["Burning Blood","NeowsBlessing","Prayer Wheel","PreservedInsect","Akabeko","Pear","Whetstone","Red Skull","Philosopher\u0027s Stone","Necronomicon","Sundial","Darkstone Periapt","Bronze Scales","Magic Flower","Mark of Pain","Bottled Lightning"],"acts_visited":["Exordium","TheCity","TheBeyond"],"potions_floor_usage":[],"damage_taken":[{"damage":0.0,"enemies":"2 Louse","floor":1.0,"turns":1.0},{"damage":0.0,"enemies":"Lagavulin","floor":6.0,"turns":1.0},{"damage":0.0,"enemies":"3 Sentries","floor":8.0,"turns":1.0},{"damage":8.0,"enemies":"Gremlin Nob","floor":10.0,"turns":3.0},{"damage":0.0,"enemies":"Gremlin Nob","floor":11.0,"turns":1.0},{"damage":25.0,"enemies":"3 Sentries","floor":12.0,"turns":4.0},{"damage":17.0,"enemies":"Small Slimes","floor":13.0,"turns":3.0},{"damage":3.0,"enemies":"Cultist","floor":14.0,"turns":3.0},{"damage":53.0,"enemies":"The Guardian","floor":16.0,"turns":10.0},{"damage":36.0,"enemies":"Chosen","floor":18.0,"turns":5.0},{"damage":15.0,"enemies":"Spheric Guardian","floor":19.0,"turns":3.0},{"damage":16.0,"enemies":"Slavers","floor":25.0,"turns":6.0},{"damage":0.0,"enemies":"Centurion and Healer","floor":28.0,"turns":5.0},{"damage":1.0,"enemies":"Sentry and Sphere","floor":29.0,"turns":3.0},{"damage":0.0,"enemies":"Gremlin Leader","floor":30.0,"turns":5.0},{"damage":13.0,"enemies":"Champ","floor":33.0,"turns":8.0},{"damage":6.0,"enemies":"3 Shapes","floor":35.0,"turns":5.0},{"damage":2.0,"enemies":"Orb Walker","floor":37.0,"turns":3.0},{"damage":12.0,"enemies":"Writhing Mass","floor":38.0,"turns":6.0},{"damage":37.0,"enemies":"Transient","floor":39.0,"turns":6.0},{"damage":11.0,"enemies":"Reptomancer","floor":40.0,"turns":4.0},{"damage":49,"enemies":"Giant Head","floor":44,"turns":5}],"seed_played":"-7983751756103424847","potions_obtained":[{"floor":1.0,"key":"SteroidPotion"},{"floor":6.0,"key":"LiquidBronze"},{"floor":11.0,"key":"Weak Potion"},{"floor":14.0,"key":"Energy Potion"},{"floor":35.0,"key":"SteroidPotion"}],"is_trial":false,"path_per_floor":["M","?","?","?","?","E","R","E","T","E","?","E","M","M","R","B",null,"M","M","?","?","?","R","T","E","T","$","M","M","E","$","R","B",null,"M","$","M","M","M","E","E","R","R","E"],"character_chosen":"IRONCLAD","items_purchased":["Corruption","Shrug It Off","Feel No Pain"],"campfire_rested":2,"item_purchase_floors":[27,27,31],"current_hp_per_floor":[74,63,68,68,68,74,74,80,80,88,90,71,60,63,63,16,72,42,33,12,12,12,25,25,15,15,15,21,26,32,32,32,28,41,44,44,45,42,14,12,12,25,25,0,0],"gold":57,"neow_bonus":"THREE_ENEMY_KILL","is_daily":false,"chose_seed":false,"campfire_upgraded":4,"win_rate":0.0,"timestamp":1613574433,"path_taken":["M","?","?","?","?","E","R","E","T","E","?","E","M","M","R","BOSS","M","M","?","?","?","R","?","E","T","$","M","?","E","$","R","BOSS","BOSS","M","$","M","?","M","E","E","R","R","E"],"items_purchased_type":["Card","Card","Card"],"build_version":"2020-12-22","purchased_purges":3,"victory":false,"max_hp_per_floor":[75,75,80,80,80,80,80,80,80,90,90,90,90,90,90,90,90,90,90,90,90,45,45,45,45,45,45,45,45,45,45,45,45,45,45,45,45,45,45,45,45,45,45,45,45],"card_choices":[{"not_picked":["Blood for Blood","Spot Weakness"],"picked":"Thunderclap","floor":1.0},{"not_picked":["Exhume","Perfected Strike"],"picked":"Sword Boomerang","floor":6.0},{"not_picked":["Rupture","Clothesline","Wild Strike"],"picked":"SKIP","floor":8.0},{"not_picked":["Second Wind","Anger"],"picked":"Spot Weakness","floor":10.0},{"not_picked":["Perfected Strike","True Grit"],"picked":"Heavy Blade","floor":11.0},{"not_picked":["Sever Soul","Thunderclap"],"picked":"Bloodletting","floor":12.0},{"not_picked":["Heavy Blade","Infernal Blade"],"picked":"Impervious","floor":13.0},{"not_picked":["Body Slam","Second Wind"],"picked":"Burning Pact","floor":13.0},{"not_picked":["Warcry","Body Slam","Pommel Strike"],"picked":"SKIP","floor":14.0},{"not_picked":["Reckless Charge","Perfected Strike","Shrug It Off"],"picked":"SKIP","floor":14.0},{"not_picked":["Fiend Fire","Immolate"],"picked":"Limit Break","floor":16.0},{"not_picked":["Ghostly Armor","Twin Strike"],"picked":"Flex","floor":18.0},{"not_picked":["Warcry","Uppercut","Body Slam"],"picked":"SKIP","floor":18.0},{"not_picked":["Shrug It Off+1","Intimidate"],"picked":"Shockwave","floor":19.0},{"not_picked":["Armaments","Heavy Blade","Whirlwind+1"],"picked":"SKIP","floor":19.0},{"not_picked":["Dual Wield","Entrench","Power Through"],"picked":"SKIP","floor":25.0},{"not_picked":["Wild Strike","Intimidate","Metallicize"],"picked":"SKIP","floor":28.0},{"not_picked":["Intimidate","Clothesline","Metallicize"],"picked":"SKIP","floor":28.0},{"not_picked":["True Grit","Iron Wave"],"picked":"Power Through","floor":29.0},{"not_picked":["Wild Strike","Headbutt+1"],"picked":"Impervious","floor":29.0},{"not_picked":["Cleave","Immolate"],"picked":"Dropkick","floor":30.0},{"not_picked":["Double Tap","Berserk"],"picked":"Limit Break","floor":33.0},{"not_picked":["Warcry","Headbutt"],"picked":"Sentinel","floor":35.0},{"not_picked":["Rage","Rupture","Intimidate+1"],"picked":"SKIP","floor":35.0},{"not_picked":["Headbutt","Body Slam"],"picked":"Barricade","floor":37.0},{"not_picked":["Flex","Infernal Blade","Dual Wield"],"picked":"SKIP","floor":37.0},{"not_picked":["Infernal Blade","Dual Wield"],"picked":"Flex","floor":37.0},{"not_picked":["Sever Soul","Reckless Charge"],"picked":"Rupture+1","floor":38.0},{"not_picked":["Hemokinesis+1","Pommel Strike","True Grit"],"picked":"SKIP","floor":38.0},{"not_picked":["Sword Boomerang","Headbutt"],"picked":"Warcry","floor":39.0},{"not_picked":["Pommel Strike","Power Through","Flex"],"picked":"SKIP","floor":39.0},{"not_picked":["Sword Boomerang","Headbutt","Armaments"],"picked":"SKIP","floor":40.0}],"player_experience":468952,"relics_obtained":[{"floor":6.0,"key":"Prayer Wheel"},{"floor":8.0,"key":"PreservedInsect"},{"floor":9.0,"key":"Akabeko"},{"floor":10.0,"key":"Pear"},{"floor":11.0,"key":"Whetstone"},{"floor":12.0,"key":"Red Skull"},{"floor":20.0,"key":"Necronomicon"},{"floor":24.0,"key":"Sundial"},{"floor":25.0,"key":"Darkstone Periapt"},{"floor":26.0,"key":"Bronze Scales"},{"floor":30.0,"key":"Magic Flower"},{"floor":40.0,"key":"Bottled Lightning"}],"event_choices":[{"damage_healed":0.0,"max_hp_gain":0.0,"max_hp_loss":0.0,"gold_gain":75.0,"event_name":"World of Goop","player_choice":"Gather Gold","floor":2.0,"gold_loss":0.0,"damage_taken":11.0},{"damage_healed":0.0,"max_hp_gain":5.0,"max_hp_loss":0.0,"gold_gain":0.0,"event_name":"Big Fish","player_choice":"Donut","floor":3.0,"gold_loss":0.0,"damage_taken":0.0},{"cards_removed":["Strike_R"],"damage_healed":0.0,"max_hp_gain":0.0,"max_hp_loss":0.0,"gold_gain":0.0,"event_name":"The Cleric","player_choice":"Card Removal","floor":4.0,"gold_loss":75.0,"damage_taken":0.0},{"cards_removed":["Strike_R"],"damage_healed":0.0,"max_hp_gain":0.0,"max_hp_loss":0.0,"gold_gain":0.0,"event_name":"Living Wall","player_choice":"Forget","floor":5.0,"gold_loss":0.0,"damage_taken":0.0},{"damage_healed":0.0,"max_hp_gain":0.0,"max_hp_loss":0.0,"gold_gain":30.0,"event_name":"Dead Adventurer","player_choice":"Searched \u00272\u0027 times","floor":11.0,"gold_loss":0.0,"damage_taken":0.0},{"damage_healed":0.0,"max_hp_gain":0.0,"max_hp_loss":0.0,"gold_gain":0.0,"event_name":"Cursed Tome","player_choice":"Obtained Book","floor":20.0,"gold_loss":0.0,"damage_taken":21.0},{"cards_removed":["Strike_R"],"damage_healed":0.0,"max_hp_gain":0.0,"max_hp_loss":0.0,"gold_gain":0.0,"event_name":"Back to Basics","player_choice":"Elegance","floor":21.0,"gold_loss":0.0,"damage_taken":0.0},{"damage_healed":0.0,"max_hp_gain":0.0,"max_hp_loss":45.0,"gold_gain":0.0,"event_name":"Ghosts","player_choice":"Became a Ghost","floor":22.0,"gold_loss":0.0,"damage_taken":0.0,"cards_obtained":["Ghostly","Ghostly","Ghostly"]}],"is_beta":false,"boss_relics":[{"not_picked":["Busted Crown","SacredBark"],"picked":"Philosopher\u0027s Stone"},{"not_picked":["Astrolabe","Runic Cube"],"picked":"Mark of Pain"}],"items_purged_floors":[27,31,36],"is_endless":false,"potions_floor_spawned":[1,6,11,14,16,28,29,35],"killed_by":"Giant Head","ascension_level":20}}