{"host":"je99lgdwtlinqp9h","time":1613601941,"event":{"mods":["Act Like it!","Arknights","BaseMod","Colored Map","HololiveMod","Minty Spire (QoL Compilation)","MostiFishMod","Reimu£®≤©¿ˆ¡È√Œ£©","Relic Stats","Replay The Spire","Shop Mod","Spicy Shops","StSLib","noobMod","°æ“≈ŒÔø®≈∆°øREMEMod"],"gold_per_floor":[84,185,204,204,222,251,265,265,265,265,265,347,347,372,372,504,504,530,559,559,303,337,380,412,412,438,506,431,278,278,309,309,442,442,462,488,525,589,589,716,716],"floor_reached":40,"language":"ZHS","playtime":2880,"items_purged":["Hololive_Strike"],"score":743,"play_id":"155f9ee9-f883-484e-9fb7-f6c98d6eb361","local_time":"20210218064541","is_ascension_mode":false,"campfire_choices":[{"data":"Hololive_CallAmaneKanata","floor":8,"key":"SMITH"},{"data":"Hololive_Nanodesu","floor":10,"key":"SMITH"},{"data":"Hololive_CallYuzukiChoco","floor":13,"key":"SMITH"},{"data":"Hololive_CallFriendA","floor":15,"key":"SMITH"},{"data":"Hololive_CallAkiRosenthal","floor":30,"key":"SMITH"},{"data":"Hololive_CallHimemoriLuna","floor":32,"key":"SMITH"}],"circlet_count":0,"master_deck":["Hololive_Defend","Hololive_OvertimeWork","Hololive_CallYuzukiChoco+1","Hololive_CallInugamiKorone","Hololive_CallDoris","Hololive_CallHoushouMarine","Hololive_CallShiranuiFlare","Hololive_CallDoris","Hololive_CallMomosuzuNene+15","Hololive_CallFriendA+1","Hololive_CallHoshimachiSuisei","Hololive_CallMomosuzuNene+17","Hololive_Nanodesu+1","Hololive_StrengthChampion","Hololive_CallAmaneKanata+1","Hololive_AWSL","Hololive_CallAyundaRisu","Hololive_IdolExercise+1","Hololive_Trident+1","Hololive_StrengthChampion","Hololive_Thief+1","Hololive_CallKiryuuCoco+1","Hololive_CallAZKi","Hololive_CallAkiRosenthal+1","Hololive_CallYukihanaLamy","Hololive_FlyingPonyTail","Hololive_CallHimemoriLuna+1","Hololive_Nanodesu+1","Hololive_CallArtia","Hololive_RevenueBasedLive+1","Hololive_Recruit+1","Hololive_CallShishiroBotan","Hololive_Nanodesu+1"],"relics":["Hololive_TheStar","DaveBox","REME_ComplimentaryCards","ice","Membership Card","SynthV:TestCard","Ring of Panic","Pet Ghost","REME_ArchaeologicalTools","Golden Egg","Replay:Ringing Soul","Honey Jar","BirthdayGift-Icosahedron","Chameleon Ring","REME_HandOfSuture","Mirror","Ice Cream","Velvet Choker","InkBottle","Lantern","Iron Hammer"],"acts_visited":["Exordium","TheCity","TheBeyond"],"potions_floor_usage":[],"damage_taken":[{"damage":0,"enemies":"Cultist","floor":1,"turns":2},{"damage":0,"enemies":"Small Slimes","floor":3,"turns":3},{"damage":0,"enemies":"2 Louse","floor":5,"turns":2},{"damage":0,"enemies":"Lagavulin","floor":6,"turns":3},{"damage":0,"enemies":"Blue Slaver","floor":7,"turns":2},{"damage":0,"enemies":"Gremlin Nob","floor":12,"turns":3},{"damage":0,"enemies":"2 Fungi Beasts","floor":14,"turns":2},{"damage":0,"enemies":"Hexaghost","floor":16,"turns":6},{"damage":0,"enemies":"Spheric Guardian","floor":18,"turns":2},{"damage":0,"enemies":"Chosen","floor":19,"turns":3},{"damage":0,"enemies":"Centurion and Healer","floor":22,"turns":2},{"damage":0,"enemies":"Book of Stabbing","floor":23,"turns":2},{"damage":0,"enemies":"Cultist and Chosen","floor":24,"turns":2},{"damage":0,"enemies":"Gremlin Leader","floor":27,"turns":3},{"damage":0,"enemies":"Chosen and Byrds","floor":31,"turns":2},{"damage":0,"enemies":"Collector","floor":33,"turns":5},{"damage":0,"enemies":"3 Shapes","floor":35,"turns":1},{"damage":0,"enemies":"Orb Walker","floor":36,"turns":2},{"damage":0,"enemies":"Writhing Mass","floor":37,"turns":3},{"damage":0,"enemies":"Transient","floor":38,"turns":6},{"damage":16,"enemies":"Nemesis","floor":40,"turns":7}],"seed_played":"-1194129342836897595","potions_obtained":[{"floor":3,"key":"SpeedPotion"},{"floor":5,"key":"Fire Potion"},{"floor":12,"key":"Fire Potion"},{"floor":14,"key":"Elixir"},{"floor":19,"key":"Block Potion"},{"floor":27,"key":"Strength Potion"},{"floor":31,"key":"DuplicationPotion"},{"floor":37,"key":"PowerPotion"}],"is_trial":false,"path_per_floor":["M","?","M","?","M","E","M","R","T","R","T","E","R","M","R","B",null,"M","M","?","$","M","E","M","?","T","E","?","$","R","M","R","B",null,"M","M","M","M","T","E"],"character_chosen":"Hololive_HololiveCharacter","items_purchased":["Hololive_CallKiryuuCoco","BirthdayGift-Icosahedron","Ice Cream"],"campfire_rested":0,"item_purchase_floors":[21,21,29],"current_hp_per_floor":[38,29,29,29,29,29,29,29,29,29,29,32,32,36,36,40,49,53,57,60,63,67,71,75,75,75,79,79,79,79,83,83,87,87,91,95,99,103,103,106,106],"gold":716,"neow_bonus":"TEN_PERCENT_HP_BONUS","is_daily":false,"chose_seed":false,"campfire_upgraded":6,"win_rate":0.0,"timestamp":1613601941,"path_taken":["M","?","M","?","M","E","M","R","T","R","?","E","R","M","R","BOSS","M","M","?","?","M","E","M","?","T","E","?","?","R","M","R","BOSS","M","?","?","?","?","E"],"items_purchased_type":["Card","Relic","Relic"],"build_version":"2020-12-22","purchased_purges":1,"victory":false,"max_hp_per_floor":[38,38,38,38,38,38,38,38,38,38,38,41,41,45,45,49,49,53,57,60,63,67,71,75,75,75,79,79,79,79,83,83,87,87,91,95,99,103,103,107,107],"relic_stats":{"counters":[21,62],"obtain_stats":[{"Ice Cream":29,"Golden Egg":11,"Lantern":40,"DaveBox":0,"Velvet Choker":34,"ice":0,"BirthdayGift-Icosahedron":21,"Pet Ghost":6,"Replay:Ringing Soul":12,"SynthV:TestCard":1,"Chameleon Ring":23,"Hololive_TheStar":0,"Honey Jar":17,"REME_HandOfSuture":26,"Iron Hammer":40,"REME_ArchaeologicalTools":9,"Membership Card":0,"Ring of Panic":4,"Mirror":27,"InkBottle":39,"REME_ComplimentaryCards":0},{"Ice Cream":14,"Golden Egg":5,"Lantern":21,"DaveBox":0,"Velvet Choker":16,"ice":0,"BirthdayGift-Icosahedron":10,"Pet Ghost":4,"Replay:Ringing Soul":6,"SynthV:TestCard":1,"Chameleon Ring":12,"Hololive_TheStar":0,"Honey Jar":8,"REME_HandOfSuture":13,"Iron Hammer":21,"REME_ArchaeologicalTools":5,"Membership Card":0,"Ring of Panic":2,"Mirror":14,"InkBottle":20,"REME_ComplimentaryCards":0},{"Ice Cream":37,"Golden Egg":12,"Lantern":57,"DaveBox":0,"Velvet Choker":43,"ice":0,"BirthdayGift-Icosahedron":28,"Pet Ghost":10,"Replay:Ringing Soul":15,"SynthV:TestCard":2,"Chameleon Ring":32,"Hololive_TheStar":0,"Honey Jar":23,"REME_HandOfSuture":34,"Iron Hammer":62,"REME_ArchaeologicalTools":12,"Membership Card":0,"Ring of Panic":5,"Mirror":37,"InkBottle":55,"REME_ComplimentaryCards":0}],"InkBottle":[3]},"card_choices":[{"not_picked":["Hololive_Drill","Hololive_CallRosalyn","Hololive_HuntDinosaur"],"picked":"Hololive_CallDoris","floor":1},{"not_picked":["Hololive_CallHimemoriLuna","Hololive_CallShiranuiFlare","Hololive_CallInugamiKorone","Hololive_Breathe","Hololive_CallYogiri"],"picked":"Hololive_CallMomosuzuNene","floor":2},{"not_picked":["Hololive_CandyCastle","Hololive_Psychosis","Hololive_HuntDinosaur","Hololive_ManjiGathering","Hololive_StrengthChampion"],"picked":"Hololive_CallFriendA","floor":2},{"not_picked":["Hololive_CallAyundaRisu","Hololive_CallAiraniIofifteen","Hololive_Drill","Hololive_CallNatsuiroMatsuri","Hololive_Sequa"],"picked":"Hololive_CallHoshimachiSuisei","floor":2},{"not_picked":["Hololive_Sequa","Hololive_Drill","Hololive_Psychosis","Hololive_CocoNews","Hololive_StrengthChampion"],"picked":"Hololive_CallMomosuzuNene","floor":3},{"not_picked":["Hololive_RevenueBasedLive","Hololive_CallYuzukiChoco","Hololive_Sequa","Hololive_Trident","Hololive_CallArtia"],"picked":"Hololive_Nanodesu","floor":5},{"not_picked":["Hololive_ScarfAndHalo","Hololive_Breathe","Hololive_CallShirakamiFubuki","Hololive_Drill","Hololive_CallMinatoAqua"],"picked":"Hololive_StrengthChampion","floor":6},{"not_picked":["Hololive_CallYukihanaLamy","Hololive_Trident","Hololive_CallNakiriAyame","Hololive_Breathe","Hololive_FlyingPonyTail"],"picked":"Hololive_CallAmaneKanata","floor":7},{"not_picked":["Hololive_ManjiGathering","Hololive_CallMinatoAqua","Hololive_CallAmaneKanata","Hololive_CallRosalyn","Hololive_Yoholoon"],"picked":"Hololive_AWSL","floor":12},{"not_picked":["Hololive_Rebound","Hololive_CallAiraniIofifteen","Hololive_Drill","Hololive_Breathe","Hololive_LuckPotion"],"picked":"Hololive_CallAyundaRisu","floor":14},{"not_picked":["Hololive_Nanodesu","Hololive_StarCraft","Hololive_BeCareful","Hololive_MaximGun","Hololive_Rebirth"],"picked":"Hololive_IdolExercise","floor":16},{"not_picked":["Hololive_BringToTrial","Hololive_LuckPotion","Hololive_HuntDinosaur","Hololive_CallYogiri","Hololive_ILoveYou","Hololive_CallAiraniIofifteen"],"picked":"Hololive_Trident+1","floor":18},{"not_picked":["Hololive_Drill","Hololive_RevenueBasedLive","Hololive_CocoNews","Hololive_CallNatsuiroMatsuri","Hololive_Psychosis+1","Hololive_CallMomosuzuNene"],"picked":"Hololive_StrengthChampion","floor":19},{"not_picked":["Hololive_Sequa","Hololive_HuntDinosaur","Hololive_CallRoboco","Hololive_OvertimeWork","Hololive_CallSakuraMiko","Hololive_Trident"],"picked":"Hololive_CallAZKi","floor":22},{"not_picked":["Hololive_CallAmaneKanata","Hololive_Rebound+1","Hololive_HuntDinosaur+1","Hololive_LuckPotion","Hololive_CallAyundaRisu","Hololive_BeCareful"],"picked":"Hololive_CallAkiRosenthal","floor":23},{"not_picked":["Hololive_HuntDinosaur+1","Hololive_StrengthChampion+1","Hololive_Drill+1","Hololive_Rebound","Hololive_SoulCatcher","Hololive_Breathe+1"],"picked":"Hololive_CallYukihanaLamy","floor":24},{"not_picked":["Hololive_Sequa","Hololive_CandyCastle","Hololive_CallAZKi+1","Hololive_CallAkaiHaato","Hololive_RevenueBasedLive","Hololive_AWSL"],"picked":"Hololive_FlyingPonyTail","floor":27},{"not_picked":["Hololive_Rebound+1","Hololive_Breathe","Hololive_CallShirakamiFubuki","Hololive_Sequa+1","Hololive_RevenueBasedLive","Hololive_LuckPotion"],"picked":"Hololive_CallHimemoriLuna","floor":31},{"not_picked":["Hololive_ScarfAndHalo","Hololive_IdolExercise","Hololive_MaximGun","Hololive_WolfAndLamb","Hololive_AWSL","Hololive_StarCraft"],"picked":"Hololive_Nanodesu","floor":33},{"not_picked":["Hololive_OvertimeWork","Hololive_CallTsunomakiWatame","Hololive_CallHimemoriLuna","Hololive_Drill","Hololive_Yoholoon+1","Hololive_Rebound+1"],"picked":"Hololive_CallArtia","floor":35},{"not_picked":["Hololive_Psychosis","Hololive_LuckPotion","Hololive_CocoNews","Hololive_OvertimeWork+1","Hololive_Breathe+1","Hololive_Drill"],"picked":"Hololive_RevenueBasedLive+1","floor":36},{"not_picked":["Hololive_HuntDinosaur","Hololive_SoulCatcher+1","Hololive_LuckPotion+1","Hololive_OvertimeWork","Hololive_StrengthChampion","Hololive_Psychosis"],"picked":"Hololive_Recruit","floor":37},{"not_picked":["Hololive_CallAkaiHaato","Hololive_CallCivia","Hololive_CallYukihanaLamy","Hololive_Rebound+1","Hololive_RevenueBasedLive","Hololive_CallTsunomakiWatame"],"picked":"Hololive_CallShishiroBotan","floor":38},{"not_picked":["Hololive_OvertimeWork+1","Hololive_Sequa+1","Hololive_AWSL","Hololive_RevenueBasedLive+1","Hololive_LuckPotion","Hololive_CallAZKi"],"picked":"Hololive_Nanodesu","floor":40}],"player_experience":20744,"relics_obtained":[{"floor":1,"key":"SynthV:TestCard"},{"floor":4,"key":"Ring of Panic"},{"floor":6,"key":"Pet Ghost"},{"floor":9,"key":"REME_ArchaeologicalTools"},{"floor":11,"key":"Golden Egg"},{"floor":12,"key":"Replay:Ringing Soul"},{"floor":23,"key":"Chameleon Ring"},{"floor":26,"key":"REME_HandOfSuture"},{"floor":27,"key":"Mirror"},{"floor":39,"key":"InkBottle"},{"floor":40,"key":"Iron Hammer"}],"event_choices":[{"damage_healed":0,"gold_gain":0,"cards_transformed":["Hololive_Strike"],"player_choice":"Transformed","damage_taken":0,"max_hp_gain":0,"max_hp_loss":0,"event_name":"Transmorgrifier","floor":20,"gold_loss":0,"cards_obtained":["Hololive_Thief"]},{"damage_healed":0,"gold_gain":0,"player_choice":"Ignored","damage_taken":0,"max_hp_gain":0,"max_hp_loss":0,"event_name":"Vampires","floor":25,"gold_loss":0},{"cards_removed":["Hololive_Defend"],"damage_healed":0,"gold_gain":0,"player_choice":"Gave Gold","damage_taken":0,"max_hp_gain":0,"max_hp_loss":0,"event_name":"Beggar","floor":28,"gold_loss":75}],"is_beta":false,"boss_relics":[{"not_picked":["Hololive_ChaosS","ChewingGum"],"picked":"Honey Jar"},{"not_picked":["Replay:Wanted Poster","Astrolabe"],"picked":"Velvet Choker"}],"items_purged_floors":[21],"is_endless":false,"potions_floor_spawned":[3,5,12,14,19,27,31,37],"killed_by":"Nemesis","ascension_level":0}}