{"host":"vpaavrwbmey593fx","time":1613596649,"event":{"mods":["AchievementEnabler","BaseMod","Bestiary","Colored Map","Colored Powertips","DeckTracker","Minty Spire (QoL Compilation)","Relic Sorter"],"gold_per_floor":[111,111,129,129,129,129,55,55,80,80,94,114,114,139,139,244,244,257,257,267,278,37,37,47,77,103,103,120,120,120],"floor_reached":29,"language":"ENG","playtime":1623,"items_purged":[],"score":440,"play_id":"35342520-a5fe-490c-9685-389a53f84631","local_time":"20210217131729","is_ascension_mode":true,"campfire_choices":[{"data":"Footwork","floor":6.0,"key":"SMITH"},{"data":"Noxious Fumes","floor":10.0,"key":"SMITH"},{"data":"Dash","floor":13.0,"key":"SMITH"},{"data":"Bane","floor":15.0,"key":"SMITH"},{"floor":23.0,"key":"REST"},{"data":"Expertise","floor":27.0,"key":"SMITH"}],"circlet_count":0,"master_deck":["AscendersBane","Strike_G","Strike_G","Strike_G","Strike_G","Strike_G","Defend_G","Defend_G","Defend_G","Defend_G","Defend_G","Survivor","Neutralize","Footwork+1","Neutralize","Leg Sweep","Footwork+1","Noxious Fumes+1","Dash+1","Backflip","Bane+1","Corpse Explosion","Noxious Fumes+1","Footwork+1","Dodge and Roll","Expertise+1","PiercingWail"],"relics":["Ring of the Snake","NeowsBlessing","Lantern","Art of War","Omamori","HoveringKite","Matryoshka","Bag of Preparation","Ancient Tea Set"],"acts_visited":["Exordium","TheCity"],"potions_floor_usage":[],"damage_taken":[{"damage":0.0,"enemies":"Jaw Worm","floor":1.0,"turns":1.0},{"damage":0.0,"enemies":"Cultist","floor":3.0,"turns":1.0},{"damage":0.0,"enemies":"2 Louse","floor":11.0,"turns":1.0},{"damage":0.0,"enemies":"2 Fungi Beasts","floor":12.0,"turns":4.0},{"damage":1.0,"enemies":"3 Sentries","floor":14.0,"turns":10.0},{"damage":0.0,"enemies":"Hexaghost","floor":16.0,"turns":12.0},{"damage":6.0,"enemies":"Spheric Guardian","floor":18.0,"turns":7.0},{"damage":7.0,"enemies":"3 Byrds","floor":20.0,"turns":3.0},{"damage":30.0,"enemies":"Centurion and Healer","floor":21.0,"turns":5.0},{"damage":5.0,"enemies":"Cultist and Chosen","floor":24.0,"turns":6.0},{"damage":10.0,"enemies":"Slavers","floor":25.0,"turns":4.0},{"damage":20,"enemies":"Snecko","floor":28,"turns":7},{"damage":10,"enemies":"Chosen and Byrds","floor":29,"turns":6}],"seed_played":"-4843028545469370036","potions_obtained":[{"floor":1.0,"key":"ColorlessPotion"},{"floor":3.0,"key":"ColorlessPotion"},{"floor":21.0,"key":"GamblersBrew"},{"floor":24.0,"key":"LiquidMemories"}],"is_trial":false,"path_per_floor":["M","?","M","?","?","R","$","?","T","R","M","M","R","E","R","B",null,"M","?","M","M","$","R","M","E","T","R","M","M"],"character_chosen":"THE_SILENT","items_purchased":["Noxious Fumes","Matryoshka"],"campfire_rested":1,"item_purchase_floors":[7,22],"current_hp_per_floor":[63,63,63,60,60,60,60,60,60,60,60,60,60,59,59,59,67,61,61,54,24,24,45,40,30,30,30,10,0,0],"gold":120,"neow_bonus":"THREE_ENEMY_KILL","is_daily":false,"chose_seed":false,"campfire_upgraded":5,"win_rate":0.0,"timestamp":1613596649,"path_taken":["M","?","?","?","?","R","$","?","T","R","M","M","R","E","R","BOSS","M","?","M","M","$","R","M","E","T","R","?","M"],"items_purchased_type":["Card","Relic"],"build_version":"2020-12-22","purchased_purges":0,"victory":false,"max_hp_per_floor":[70,70,70,70,70,70,70,70,70,70,70,70,70,70,70,70,70,70,70,70,70,70,70,70,70,70,70,70,70,70],"card_choices":[{"not_picked":["Infinite Blades","Well Laid Plans"],"picked":"Footwork","floor":1.0},{"not_picked":["Dagger Throw","Slice"],"picked":"Footwork","floor":3.0},{"not_picked":["Heel Hook","Backflip"],"picked":"Dash","floor":11.0},{"not_picked":["Setup","Dash"],"picked":"Backflip","floor":12.0},{"not_picked":["Tactician","Concentrate"],"picked":"Bane","floor":14.0},{"not_picked":["Burst","Die Die Die"],"picked":"Corpse Explosion","floor":16.0},{"not_picked":["Underhanded Strike","Dagger Spray","Bane"],"picked":"SKIP","floor":18.0},{"not_picked":["Deadly Poison","Slice"],"picked":"Footwork+1","floor":20.0},{"not_picked":["Flying Knee","Concentrate"],"picked":"Dodge and Roll","floor":21.0},{"not_picked":["Slice","Caltrops"],"picked":"Expertise","floor":24.0},{"not_picked":["Deflect+1","Dagger Spray+1","Dash"],"picked":"SKIP","floor":25.0},{"not_picked":["Dodge and Roll","Deflect"],"picked":"PiercingWail","floor":28}],"player_experience":370017,"relics_obtained":[{"floor":9.0,"key":"Art of War"},{"floor":14.0,"key":"Omamori"},{"floor":25.0,"key":"Bag of Preparation"},{"floor":26.0,"key":"Ancient Tea Set"}],"event_choices":[{"damage_healed":0.0,"max_hp_gain":0.0,"max_hp_loss":0.0,"gold_gain":0.0,"event_name":"Match and Keep!","player_choice":"2 cards matched","floor":2.0,"gold_loss":0.0,"damage_taken":0.0,"cards_obtained":["Neutralize","Leg Sweep"]},{"damage_healed":0.0,"max_hp_gain":0.0,"max_hp_loss":0.0,"gold_gain":0.0,"event_name":"Match and Keep!","player_choice":"2 cards matched","floor":2.0,"gold_loss":0.0,"damage_taken":0.0,"cards_obtained":["Neutralize","Leg Sweep"]},{"damage_healed":0.0,"max_hp_gain":0.0,"max_hp_loss":0.0,"gold_gain":0.0,"event_name":"Scrap Ooze","player_choice":"Success","floor":4.0,"gold_loss":0.0,"damage_taken":3.0,"relics_obtained":["Lantern"]},{"damage_healed":0.0,"max_hp_gain":0.0,"max_hp_loss":0.0,"gold_gain":0.0,"event_name":"Living Wall","player_choice":"Grow","floor":5.0,"gold_loss":0.0,"damage_taken":0.0,"cards_upgraded":["Footwork"]},{"damage_healed":0.0,"max_hp_gain":0.0,"max_hp_loss":0.0,"gold_gain":0.0,"event_name":"Liars Game","player_choice":"Ignored","floor":8.0,"gold_loss":0.0,"damage_taken":0.0},{"damage_healed":0.0,"max_hp_gain":0.0,"max_hp_loss":0.0,"gold_gain":0.0,"event_name":"Duplicator","player_choice":"Copied","floor":19.0,"gold_loss":0.0,"damage_taken":0.0,"cards_obtained":["Noxious Fumes"]}],"is_beta":false,"boss_relics":[{"not_picked":["WristBlade","Snecko Eye"],"picked":"HoveringKite"}],"items_purged_floors":[],"is_endless":false,"potions_floor_spawned":[1,3,21,24],"killed_by":"Chosen and Byrds","ascension_level":10}}