{"host":"qxt9611uhnemh1bn","time":1613599460,"event":{"mods":["AchievementEnabler","BaseMod","Minty Spire (QoL Compilation)","StSLib"],"gold_per_floor":[19,38,138,156,167,167,18,18,41,52,69,69,19,29,29,134,134,146,3,3,3,22,22,47,58,58,58,72,72,92,107,107,208,258,275,285,296,296,123,123,123],"floor_reached":40,"language":"ENG","playtime":1696,"items_purged":["The Bomb","Strike_P"],"score":427,"play_id":"cfd4c5d4-1564-4c67-9380-c625b6b09b18","local_time":"20210217160420","is_ascension_mode":false,"campfire_choices":[{"data":"PathToVictory","floor":6.0,"key":"SMITH"},{"data":"LikeWater","floor":8.0,"key":"SMITH"},{"floor":12.0,"key":"REST"},{"data":"PathToVictory","floor":15.0,"key":"SMITH"},{"data":"PathToVictory","floor":23,"key":"SMITH"},{"floor":29,"key":"REST"},{"data":"SpiritShield","floor":32,"key":"SMITH"}],"circlet_count":0,"master_deck":["Strike_P","Strike_P","Defend_P","Defend_P","Defend_P","Defend_P","Eruption","Vigilance","LikeWater+1","PathToVictory+1","Study","Wallop+1","FearNoEvil","Protect","PathToVictory+1","SpiritShield+1","PathToVictory+1","PathToVictory+1","Wireheading","MasterReality","LikeWater"],"relics":["PureWater","Ancient Tea Set","Sozu","Lee\u0027s Waffle","Regal Pillow","Dead Branch","Tiny House"],"acts_visited":["Exordium","TheCity","TheBeyond"],"potions_floor_usage":[22,22],"damage_taken":[{"damage":0.0,"enemies":"Jaw Worm","floor":1.0,"turns":3.0},{"damage":0.0,"enemies":"Cultist","floor":2.0,"turns":4.0},{"damage":0.0,"enemies":"2 Louse","floor":4.0,"turns":4.0},{"damage":10.0,"enemies":"Exordium Thugs","floor":5.0,"turns":3.0},{"damage":14.0,"enemies":"Lots of Slimes","floor":10.0,"turns":5.0},{"damage":11.0,"enemies":"Exordium Wildlife","floor":11.0,"turns":6.0},{"damage":0.0,"enemies":"Looter","floor":14.0,"turns":1.0},{"damage":11.0,"enemies":"Hexaghost","floor":16.0,"turns":9.0},{"damage":0.0,"enemies":"Shell Parasite","floor":18.0,"turns":5.0},{"damage":8,"enemies":"2 Thieves","floor":22,"turns":4},{"damage":17,"enemies":"Slavers","floor":24,"turns":8},{"damage":16,"enemies":"3 Cultists","floor":25,"turns":6},{"damage":0,"enemies":"Snecko","floor":28,"turns":4},{"damage":6,"enemies":"Chosen and Byrds","floor":30,"turns":6},{"damage":7,"enemies":"Centurion and Healer","floor":31,"turns":4},{"damage":8,"enemies":"Champ","floor":33,"turns":9},{"damage":8,"enemies":"Orb Walker","floor":35,"turns":4},{"damage":9,"enemies":"3 Shapes","floor":36,"turns":4},{"damage":34,"enemies":"Writhing Mass","floor":37,"turns":5},{"damage":49,"enemies":"Nemesis","floor":40,"turns":5}],"seed_played":"-4217664124967445517","potions_obtained":[{"floor":1.0,"key":"AttackPotion"},{"floor":2.0,"key":"SteroidPotion"},{"floor":10.0,"key":"AttackPotion"},{"floor":14.0,"key":"StancePotion"},{"floor":16.0,"key":"StancePotion"}],"is_trial":false,"path_per_floor":["M","M","?","M","M","R","$","R","T","M","M","R","$","M","R","B",null,"M","$","?","$","M","R","E","M","T","$","M","R","M","M","R","B",null,"M","M","M","?","$","E"],"character_chosen":"WATCHER","items_purchased":["FearNoEvil","PowerPotion","Lee\u0027s Waffle","LikeWater"],"campfire_rested":2,"item_purchase_floors":[7,13,19,39],"current_hp_per_floor":[72,72,72,72,62,62,62,62,62,48,37,58,58,58,58,47,72,72,79,79,79,71,71,54,38,38,38,38,76,70,63,63,55,84,76,67,33,33,33,0,0],"gold":123,"neow_bonus":"RANDOM_COLORLESS_2","is_daily":false,"chose_seed":false,"campfire_upgraded":5,"win_rate":0.0,"timestamp":1613599460,"path_taken":["M","M","?","M","?","R","$","R","T","M","M","R","$","M","R","BOSS","M","$","?","?","M","R","E","M","T","$","?","R","M","M","R","BOSS","M","?","?","?","$","E"],"items_purchased_type":["Card","Potion","Relic","Card"],"build_version":"2020-12-22","purchased_purges":2,"victory":false,"max_hp_per_floor":[72,72,72,72,72,72,72,72,72,72,72,72,72,72,72,72,72,72,79,79,79,79,79,79,79,79,79,79,79,79,79,79,79,84,84,84,84,84,84,84,84],"card_choices":[{"not_picked":["Panache","Transmutation"],"picked":"The Bomb","floor":0.0},{"not_picked":["Weave","Consecrate"],"picked":"LikeWater","floor":1.0},{"not_picked":["Crescendo","CrushJoints"],"picked":"PathToVictory","floor":2.0},{"not_picked":["FlyingSleeves","FollowUp"],"picked":"Study","floor":4.0},{"not_picked":["ReachHeaven","Pray"],"picked":"Wallop","floor":5.0},{"not_picked":["Prostrate","Perseverance","Indignation"],"picked":"SKIP","floor":10.0},{"not_picked":["Halt","FlurryOfBlows"],"picked":"Protect","floor":11.0},{"not_picked":["FlyingSleeves","SashWhip"],"picked":"PathToVictory","floor":14.0},{"not_picked":["Brilliance","ConjureBlade"],"picked":"SpiritShield","floor":16.0},{"not_picked":["Adaptation","ClearTheMind","Protect"],"picked":"SKIP","floor":18.0},{"not_picked":["CrushJoints","BowlingBash+1"],"picked":"PathToVictory","floor":22},{"not_picked":["Crescendo","CutThroughFate"],"picked":"PathToVictory+1","floor":24},{"not_picked":["Conclude+1","Worship","SandsOfTime"],"picked":"SKIP","floor":25},{"not_picked":["JustLucky","CutThroughFate","Collect"],"picked":"SKIP","floor":28},{"not_picked":["BattleHymn","FlyingSleeves"],"picked":"Wireheading","floor":30},{"not_picked":["ClearTheMind","Halt","EmptyFist+1"],"picked":"SKIP","floor":31},{"not_picked":["Judgement","DevaForm"],"picked":"MasterReality","floor":33},{"not_picked":["FlurryOfBlows+1","ThirdEye+1","CutThroughFate"],"picked":"SKIP","floor":35},{"not_picked":["CrushJoints+1","FlurryOfBlows+1","Consecrate+1"],"picked":"SKIP","floor":36},{"not_picked":["Weave+1","Fasting2","PathToVictory+1"],"picked":"SKIP","floor":37}],"player_experience":251180,"relics_obtained":[{"floor":9.0,"key":"Ancient Tea Set"},{"floor":24,"key":"Regal Pillow"},{"floor":26,"key":"Dead Branch"}],"event_choices":[{"damage_healed":0.0,"max_hp_gain":0.0,"max_hp_loss":0.0,"gold_gain":100.0,"event_name":"Golden Shrine","player_choice":"Pray","floor":3.0,"gold_loss":0.0,"damage_taken":0.0},{"cards_removed":["Strike_P"],"damage_healed":0.0,"max_hp_gain":0.0,"max_hp_loss":0.0,"gold_gain":0.0,"event_name":"Back to Basics","player_choice":"Elegance","floor":20.0,"gold_loss":0.0,"damage_taken":0.0},{"damage_healed":0,"gold_gain":0,"player_choice":"Ignored","damage_taken":0,"max_hp_gain":0,"max_hp_loss":0,"event_name":"Mysterious Sphere","floor":38,"gold_loss":0}],"is_beta":false,"boss_relics":[{"not_picked":["Fusion Hammer","Coffee Dripper"],"picked":"Sozu"},{"not_picked":["Philosopher\u0027s Stone","Velvet Choker"],"picked":"Tiny House"}],"items_purged_floors":[7,39],"is_endless":false,"potions_floor_spawned":[1,2,10,14,16,22,30,31,37],"killed_by":"Nemesis","ascension_level":0}}