{"host":"5wwct7e0z3l0f094","time":1613532212,"event":{"mods":["AchievementEnabler","BaseMod","Downfall","Highlight Path","Minty Spire (QoL Compilation)","StSLib","SuperFastMode"],"gold_per_floor":[109,127,138,155,169,204,204,204,204,204,204,204],"floor_reached":11,"language":"ENG","playtime":339,"items_purged":[],"score":116,"play_id":"a0f3ba47-3a8e-4389-86b3-ab0f26dfa86c","local_time":"20210216222332","is_ascension_mode":true,"campfire_choices":[{"floor":8,"key":"REST"},{"data":"Neutralize","floor":10,"key":"SMITH"}],"circlet_count":0,"master_deck":["AscendersBane","Strike_G","Strike_G","Strike_G","Strike_G","Defend_G","Defend_G","Defend_G","Defend_G","Defend_G","Survivor","Neutralize+1","Dagger Spray","Die Die Die","Blade Dance"],"relics":["Philosopher\u0027s Stone","The Specimen","Ginger"],"acts_visited":["Exordium"],"potions_floor_usage":[],"damage_taken":[{"damage":0,"enemies":"Cultist","floor":1,"turns":4},{"damage":2,"enemies":"Jaw Worm","floor":2,"turns":4},{"damage":0,"enemies":"2 Louse","floor":3,"turns":3},{"damage":25,"enemies":"Gremlin Gang","floor":4,"turns":4},{"damage":2,"enemies":"2 Fungi Beasts","floor":5,"turns":2},{"damage":16,"enemies":"Gremlin Nob","floor":6,"turns":4},{"damage":41,"enemies":"Lagavulin","floor":11,"turns":8}],"seed_played":"-6271885259382939877","potions_obtained":[{"floor":3,"key":"Energy Potion"}],"is_trial":false,"path_per_floor":["M","M","M","M","M","E","?","R","T","R","E"],"character_chosen":"THE_SILENT","items_purchased":[],"campfire_rested":1,"item_purchase_floors":[],"current_hp_per_floor":[63,61,61,36,34,18,18,39,39,39,0,0],"gold":204,"neow_bonus":"BOSS_RELIC","is_daily":false,"chose_seed":false,"campfire_upgraded":1,"win_rate":0.0,"timestamp":1613532212,"path_taken":["M","?","M","M","M","E","?","R","T","R","E"],"items_purchased_type":[],"build_version":"2020-12-22","purchased_purges":0,"victory":false,"max_hp_per_floor":[70,70,70,70,70,70,70,70,70,70,70,70],"card_choices":[{"not_picked":["Backstab","Dodge and Roll"],"picked":"Dagger Spray","floor":1},{"not_picked":["Prepared","Dodge and Roll"],"picked":"Die Die Die","floor":2},{"not_picked":["Well Laid Plans","Dagger Spray","Setup"],"picked":"SKIP","floor":3},{"not_picked":["PiercingWail","Outmaneuver","Dagger Throw"],"picked":"SKIP","floor":4},{"not_picked":["Slice","Dodge and Roll"],"picked":"Blade Dance","floor":5},{"not_picked":["Slice","Leg Sweep","Setup"],"picked":"SKIP","floor":6}],"player_experience":336064,"relics_obtained":[{"floor":6,"key":"The Specimen"},{"floor":9,"key":"Ginger"}],"event_choices":[{"cards_removed":["Strike_G"],"damage_healed":0,"gold_gain":0,"player_choice":"Forget","damage_taken":0,"max_hp_gain":0,"max_hp_loss":0,"event_name":"Living Wall","floor":7,"gold_loss":0}],"is_beta":false,"boss_relics":[],"items_purged_floors":[],"is_endless":false,"potions_floor_spawned":[3],"killed_by":"Lagavulin","ascension_level":11}}