{"host":"5hsgormuu0lj4iiq","time":1613584710,"event":{"mods":["AchievementEnabler","BaseMod","Colored Map","Colored Powertips","Minty Spire (QoL Compilation)","Quick Restart","Relic Stats","SuperFastMode","everything is the same but u backflip on backflip","slay the spire mod where everything is the same but ironclad has a cowboy hat"],"gold_per_floor":[110,110,120,120,134,163,163,163,163],"floor_reached":8,"language":"ENG","playtime":214,"items_purged":[],"score":92,"play_id":"d37728fd-1daf-445a-9023-72cb36d9185a","local_time":"20210217125830","is_ascension_mode":true,"campfire_choices":[],"circlet_count":0,"master_deck":["AscendersBane","Strike_B","Strike_B","Strike_B","Strike_B","Defend_B","Defend_B+1","Defend_B+1","Defend_B","Zap","Dualcast","Ball Lightning","Chill"],"relics":["Cracked Core","NeowsBlessing","Letter Opener","Shuriken"],"acts_visited":["Exordium"],"potions_floor_usage":[],"damage_taken":[{"damage":0,"enemies":"2 Louse","floor":1,"turns":1},{"damage":0,"enemies":"Jaw Worm","floor":3,"turns":1},{"damage":0,"enemies":"Cultist","floor":5,"turns":1},{"damage":44,"enemies":"Gremlin Nob","floor":6,"turns":5},{"damage":7,"enemies":"Lagavulin","floor":8,"turns":5}],"seed_played":"2128660064732744904","potions_obtained":[{"floor":1,"key":"SpeedPotion"}],"is_trial":false,"path_per_floor":["M","?","M","T","M","E","?","E"],"character_chosen":"DEFECT","items_purchased":[],"campfire_rested":0,"item_purchase_floors":[],"current_hp_per_floor":[68,53,53,53,53,9,9,2,2],"gold":163,"neow_bonus":"THREE_ENEMY_KILL","is_daily":false,"chose_seed":false,"campfire_upgraded":0,"win_rate":0.0,"timestamp":1613584710,"path_taken":["M","?","M","?","?","E","?","E"],"items_purchased_type":[],"build_version":"2020-12-22","purchased_purges":0,"victory":false,"max_hp_per_floor":[75,75,75,75,75,75,75,75,75],"relic_stats":{"counters":[5,13],"Shuriken":[0],"Letter Opener":[0],"obtain_stats":[{"NeowsBlessing":0,"Shuriken":6,"Letter Opener":4,"Cracked Core":0},{"NeowsBlessing":0,"Shuriken":4,"Letter Opener":2,"Cracked Core":0},{"NeowsBlessing":0,"Shuriken":8,"Letter Opener":2,"Cracked Core":0}]},"card_choices":[{"not_picked":["Undo","Conserve Battery"],"picked":"Ball Lightning","floor":1},{"not_picked":["Go for the Eyes","Cold Snap"],"picked":"Chill","floor":3},{"not_picked":["Heatsinks","Steam","Sweeping Beam"],"picked":"SKIP","floor":5},{"not_picked":["Ball Lightning","Sunder","Conserve Battery"],"picked":"SKIP","floor":6}],"player_experience":745807,"relics_obtained":[{"floor":4,"key":"Letter Opener"},{"floor":6,"key":"Shuriken"}],"event_choices":[{"damage_healed":0,"gold_gain":0,"player_choice":"Entered Light","damage_taken":15,"max_hp_gain":0,"max_hp_loss":0,"event_name":"Shining Light","floor":2,"gold_loss":0,"cards_upgraded":["Defend_B","Defend_B"]},{"damage_healed":0,"gold_gain":0,"player_choice":"Searched \u00270\u0027 times","damage_taken":0,"max_hp_gain":0,"max_hp_loss":0,"event_name":"Dead Adventurer","floor":7,"gold_loss":0}],"is_beta":false,"boss_relics":[],"items_purged_floors":[],"is_endless":false,"potions_floor_spawned":[1],"killed_by":"Lagavulin","ascension_level":13}}