{"host":"soyfmymeou4emntr","time":1613606144,"event":{"mods":["BaseMod","Minty Spire (QoL Compilation)","Permanent Neow","Relic Sorter","Relic Stats","StSLib"],"gold_per_floor":[217,5,19,37,112,112,140,140,163,143,173,5,46,74,74,160,187,216,43,63,88,99,99,143,167,239,266,266,26,60,87,87,169,169,189,206,233,261,286,286,311,311,311,345,345,345,345],"floor_reached":46,"language":"ENG","playtime":3715,"items_purged":["Strike_P"],"score":1224,"play_id":"4fd17829-1c84-4a7d-bb1c-66992a7d68c5","local_time":"20210217165544","is_ascension_mode":true,"campfire_choices":[{"data":"Ragnarok","floor":6.0,"key":"SMITH"},{"data":"Eruption","floor":8.0,"key":"SMITH"},{"data":"CrushJoints","floor":15.0,"key":"SMITH"},{"floor":23.0,"key":"REST"},{"floor":28.0,"key":"REST"},{"floor":32.0,"key":"REST"},{"floor":40,"key":"REST"},{"floor":42,"key":"REST"}],"circlet_count":0,"master_deck":["AscendersBane","Strike_P","Defend_P","Defend_P","Defend_P","Eruption+1","Vigilance","CutThroughFate","Ragnarok+1","MentalFortress","ThirdEye","CarveReality","FlurryOfBlows","Consecrate","Meditate","Adaptation","CrushJoints+1","Vault","SandsOfTime+1","EmptyMind+1","Consecrate+1","ClearTheMind","Crescendo","MentalFortress","CarveReality","Worship","CrushJoints+1","Protect","Scrawl","Adaptation","CutThroughFate+1","JustLucky+1","ClearTheMind","Weave","MentalFortress"],"relics":["PureWater","Happy Flower","Pantograph","Vajra","CeramicFish","Astrolabe","OrangePellets","Incense Burner","Damaru","Yang","Medical Kit","Orichalcum","Snecko Eye","Sundial","TeardropLocket"],"acts_visited":["Exordium","TheCity","TheBeyond"],"potions_floor_usage":[39,44],"damage_taken":[{"damage":0.0,"enemies":"Small Slimes","floor":1.0,"turns":2.0},{"damage":0.0,"enemies":"2 Louse","floor":3.0,"turns":3.0},{"damage":0.0,"enemies":"Cultist","floor":4.0,"turns":2.0},{"damage":8.0,"enemies":"Gremlin Nob","floor":7.0,"turns":3.0},{"damage":19.0,"enemies":"3 Sentries","floor":11.0,"turns":3.0},{"damage":0.0,"enemies":"Lagavulin","floor":13.0,"turns":4.0},{"damage":0.0,"enemies":"Red Slaver","floor":14.0,"turns":1.0},{"damage":0.0,"enemies":"Slime Boss","floor":16.0,"turns":3.0},{"damage":17.0,"enemies":"2 Thieves","floor":18.0,"turns":2.0},{"damage":7.0,"enemies":"Chosen","floor":20.0,"turns":3.0},{"damage":19.0,"enemies":"Snake Plant","floor":21.0,"turns":2.0},{"damage":0.0,"enemies":"Cultist and Chosen","floor":22.0,"turns":2.0},{"damage":54.0,"enemies":"Book of Stabbing","floor":24.0,"turns":4.0},{"damage":0.0,"enemies":"Snecko","floor":27.0,"turns":2.0},{"damage":9.0,"enemies":"Gremlin Leader","floor":30.0,"turns":4.0},{"damage":6.0,"enemies":"Centurion and Healer","floor":31.0,"turns":4.0},{"damage":12.0,"enemies":"Champ","floor":33.0,"turns":7.0},{"damage":1.0,"enemies":"3 Shapes","floor":35.0,"turns":5.0},{"damage":0.0,"enemies":"Orb Walker","floor":36.0,"turns":1.0},{"damage":0.0,"enemies":"Transient","floor":37.0,"turns":7.0},{"damage":21,"enemies":"3 Darklings","floor":38,"turns":4},{"damage":27,"enemies":"4 Shapes","floor":39,"turns":5},{"damage":0,"enemies":"Maw","floor":41,"turns":4},{"damage":46,"enemies":"Reptomancer","floor":44,"turns":5},{"damage":34,"enemies":"Nemesis","floor":46,"turns":2}],"seed_played":"7226326569550927850","potions_obtained":[{"floor":4.0,"key":"Regen Potion"},{"floor":7.0,"key":"Explosive Potion"},{"floor":10.0,"key":"CultistPotion"},{"floor":14.0,"key":"FairyPotion"},{"floor":24.0,"key":"AttackPotion"},{"floor":27.0,"key":"FearPotion"},{"floor":38,"key":"GamblersBrew"},{"floor":41,"key":"BlessingOfTheForge"}],"is_trial":false,"path_per_floor":["M","$","M","M","?","R","E","R","T","?","E","$","E","M","R","B",null,"M","$","M","M","M","R","E","T","T","M","R","$","E","M","R","B",null,"M","M","M","M","M","R","M","R","T","E","?","E"],"character_chosen":"WATCHER","items_purchased":["Ragnarok","MentalFortress","ThirdEye","Vajra","OrangePellets","Medical Kit"],"campfire_rested":5,"item_purchase_floors":[2,2,2,12,19,29],"current_hp_per_floor":[61,61,61,61,50,50,42,42,42,42,32,32,32,32,32,57,65,48,48,41,22,22,42,13,13,13,13,33,33,24,18,38,51,64,63,63,63,42,15,35,35,55,55,9,9,0,0],"gold":345,"neow_bonus":"HUNDRED_GOLD","is_daily":false,"chose_seed":false,"campfire_upgraded":3,"win_rate":0.0,"timestamp":1613606144,"path_taken":["M","$","M","M","?","R","E","R","T","?","E","$","E","M","R","BOSS","M","$","M","M","?","R","E","?","T","M","R","?","E","M","R","BOSS","M","?","M","M","M","R","?","R","T","E","?","E"],"items_purchased_type":["Card","Card","Card","Relic","Relic","Relic"],"build_version":"2020-12-22","purchased_purges":1,"victory":false,"max_hp_per_floor":[68,68,68,68,68,68,68,68,68,68,68,68,68,68,68,68,68,68,68,68,68,68,68,68,68,68,68,68,68,68,68,68,68,68,68,68,68,68,68,68,68,68,68,68,68,68,68],"relic_stats":{"OrangePellets":[18],"Happy Flower":[24],"counters":[25,84],"Sundial":[0],"Pantograph":50,"CeramicFish":180,"Astrolabe":["SandsOfTime","EmptyMind","Consecrate"],"Snecko Eye":[28,34,36,32],"Yang":[127],"Orichalcum":[108],"Medical Kit":[0],"obtain_stats":[{"Happy Flower":7,"CeramicFish":13,"Astrolabe":17,"Vajra":12,"Damaru":25,"Yang":26,"Incense Burner":24,"TeardropLocket":44,"Orichalcum":30,"Medical Kit":29,"OrangePellets":19,"Sundial":43,"Pantograph":11,"Snecko Eye":34,"PureWater":0},{"Happy Flower":4,"CeramicFish":6,"Astrolabe":8,"Vajra":5,"Damaru":13,"Yang":13,"Incense Burner":13,"TeardropLocket":24,"Orichalcum":15,"Medical Kit":14,"OrangePellets":9,"Sundial":23,"Pantograph":5,"Snecko Eye":17,"PureWater":0},{"Happy Flower":10,"CeramicFish":17,"Astrolabe":21,"Vajra":13,"Damaru":34,"Yang":34,"Incense Burner":34,"TeardropLocket":82,"Orichalcum":40,"Medical Kit":36,"OrangePellets":23,"Sundial":77,"Pantograph":13,"Snecko Eye":51,"PureWater":0}]},"card_choices":[{"not_picked":["WreathOfFlame","Prostrate"],"picked":"CutThroughFate","floor":1.0},{"not_picked":["BowlingBash","EmptyFist"],"picked":"CarveReality","floor":3.0},{"not_picked":["EmptyFist","Crescendo"],"picked":"FlurryOfBlows","floor":4.0},{"not_picked":["SandsOfTime","WindmillStrike"],"picked":"Consecrate","floor":7.0},{"not_picked":["FlyingSleeves","WreathOfFlame"],"picked":"Meditate","floor":11.0},{"not_picked":["JustLucky","Study"],"picked":"Adaptation","floor":13.0},{"not_picked":["BowlingBash","Conclude"],"picked":"CrushJoints","floor":14.0},{"not_picked":["Judgement","Alpha"],"picked":"Vault","floor":16.0},{"not_picked":["PathToVictory","EmptyFist"],"picked":"ClearTheMind","floor":18.0},{"not_picked":["DeceiveReality+1","Indignation"],"picked":"Crescendo","floor":20.0},{"not_picked":["FlyingSleeves","FlurryOfBlows"],"picked":"MentalFortress","floor":21.0},{"not_picked":["Alpha","Prostrate"],"picked":"CarveReality","floor":24.0},{"not_picked":["JustLucky","FlyingSleeves+1"],"picked":"Worship","floor":27.0},{"not_picked":["Sanctity","BowlingBash"],"picked":"CrushJoints+1","floor":30.0},{"not_picked":["Nirvana","CrushJoints"],"picked":"Protect","floor":31.0},{"not_picked":["ConjureBlade","Judgement"],"picked":"Scrawl","floor":33.0},{"not_picked":["FlurryOfBlows","Consecrate"],"picked":"Adaptation","floor":35.0},{"not_picked":["Indignation","FlyingSleeves+1","Adaptation"],"picked":"SKIP","floor":36.0},{"not_picked":["Prostrate","WheelKick"],"picked":"CutThroughFate+1","floor":37.0},{"not_picked":["Judgement","SashWhip"],"picked":"JustLucky+1","floor":38},{"not_picked":["WindmillStrike","CutThroughFate"],"picked":"ClearTheMind","floor":39},{"not_picked":["Protect","Study"],"picked":"Weave","floor":41},{"not_picked":["Sanctity+1","FlurryOfBlows"],"picked":"MentalFortress","floor":44}],"player_experience":3371826,"relics_obtained":[{"floor":7.0,"key":"Happy Flower"},{"floor":11.0,"key":"Pantograph"},{"floor":13.0,"key":"CeramicFish"},{"floor":24.0,"key":"Incense Burner"},{"floor":25.0,"key":"Damaru"},{"floor":26.0,"key":"Yang"},{"floor":30.0,"key":"Orichalcum"},{"floor":43,"key":"Sundial"},{"floor":44,"key":"TeardropLocket"}],"event_choices":[{"damage_healed":0.0,"max_hp_gain":0.0,"max_hp_loss":0.0,"gold_gain":75.0,"event_name":"World of Goop","player_choice":"Gather Gold","floor":5.0,"gold_loss":0.0,"damage_taken":11.0},{"damage_healed":0.0,"max_hp_gain":0.0,"max_hp_loss":0.0,"gold_gain":0.0,"event_name":"The Woman in Blue","player_choice":"Bought 1 Potion","floor":10.0,"gold_loss":0.0,"damage_taken":0.0},{"damage_healed":0,"gold_gain":0,"player_choice":"Ignored","damage_taken":0,"max_hp_gain":0,"max_hp_loss":0,"event_name":"SecretPortal","floor":45,"gold_loss":0}],"is_beta":false,"boss_relics":[{"not_picked":["Velvet Choker","Coffee Dripper"],"picked":"Astrolabe"},{"not_picked":["HolyWater","Calling Bell"],"picked":"Snecko Eye"}],"items_purged_floors":[29],"is_endless":false,"potions_floor_spawned":[4,7,14,18,24,27,38,41],"killed_by":"Nemesis","ascension_level":20}}