{"host":"bf5upntvbdompq33","time":1613546830,"event":{"mods":["BaseMod","Bestiary","Colored Map","Colored Powertips","Curses Come First","Highlight Path","Minty Spire (QoL Compilation)","StSLib","ojb\u0027s Info Mod"],"gold_per_floor":[110,120,139,157,43,43,58,58,58],"floor_reached":8,"language":"ENG","playtime":373,"items_purged":[],"score":78,"play_id":"00f5334b-0ee0-4973-9407-7dfc7f0c066f","local_time":"20210217002710","is_ascension_mode":true,"campfire_choices":[{"data":"Reprogram","floor":6,"key":"SMITH"}],"circlet_count":0,"master_deck":["AscendersBane","Strike_B","Strike_B","Strike_B","Strike_B","Defend_B","Defend_B","Defend_B","Defend_B","Zap","Dualcast","Parasite","Beam Cell","Sweeping Beam","Gash","Reprogram+1","Gash"],"relics":["Cracked Core","Girya"],"acts_visited":["Exordium"],"potions_floor_usage":[7,8,8],"damage_taken":[{"damage":1,"enemies":"Cultist","floor":1,"turns":3},{"damage":7,"enemies":"2 Louse","floor":2,"turns":2},{"damage":0,"enemies":"Small Slimes","floor":3,"turns":2},{"damage":11,"enemies":"Blue Slaver","floor":4,"turns":3},{"damage":44,"enemies":"Exordium Thugs","floor":7,"turns":4},{"damage":30,"enemies":"Lagavulin","floor":8,"turns":4}],"seed_played":"-1399467044552242802","potions_obtained":[{"floor":2,"key":"Regen Potion"},{"floor":3,"key":"Weak Potion"},{"floor":7,"key":"BlessingOfTheForge"}],"is_trial":false,"path_per_floor":["M","M","M","M","$","R","M","E"],"character_chosen":"DEFECT","items_purchased":["Reprogram","Gash"],"campfire_rested":0,"item_purchase_floors":[5,5],"current_hp_per_floor":[67,60,60,49,49,49,17,0,0],"gold":58,"neow_bonus":"ONE_RARE_RELIC","is_daily":false,"chose_seed":false,"campfire_upgraded":1,"win_rate":0.0,"timestamp":1613546830,"path_taken":["M","M","M","M","$","R","M","E"],"items_purchased_type":["Card","Card"],"build_version":"2020-12-22","purchased_purges":0,"victory":false,"max_hp_per_floor":[75,75,75,75,75,75,75,75,75],"card_choices":[{"not_picked":["Heatsinks","Fusion"],"picked":"Beam Cell","floor":1},{"not_picked":["Beam Cell","Stack"],"picked":"Sweeping Beam","floor":2},{"not_picked":["Compile Driver","Coolheaded","Hello World"],"picked":"SKIP","floor":3},{"not_picked":["Scrape","Recycle"],"picked":"Gash","floor":4},{"not_picked":["Capacitor","Heatsinks","Scrape"],"picked":"SKIP","floor":7}],"player_experience":1607435,"relics_obtained":[],"event_choices":[],"is_beta":false,"boss_relics":[],"items_purged_floors":[],"is_endless":false,"potions_floor_spawned":[2,3,7],"killed_by":"Lagavulin","ascension_level":11}}