{"host":"vyiqbz5w606ur92t","time":1613530214,"event":{"mods":["BaseMod","Downfall","Minty Spire (QoL Compilation)","Relic Stats","StSLib"],"gold_per_floor":[99,99,99,114,129,159,159,189,181,181,196,166,66,81,96,204,204,204,219,234,249,349,379,454,469,507,407,407,430,238,253,268,368,368,368,383,433,433,448,448,448,448,348,371,101,116,146,246,261,261,261,291,41,41,41,41],"floor_reached":57,"language":"ENG","playtime":6483,"items_purged":[],"score":1284,"play_id":"84ad0344-700e-4b4c-9134-e818e6ea1e00","local_time":"20210217025014","daily_mods":["Insanity","Green Cards","Binary"],"is_ascension_mode":false,"campfire_choices":[{"floor":1,"key":"RECALL"},{"data":"Calculated Gamble","floor":13,"key":"SMITH"},{"data":"Tactician","floor":18,"key":"SMITH"},{"data":"hexamod:NecessarySacrifice","floor":27,"key":"SMITH"},{"floor":35,"key":"REST"},{"floor":43,"key":"REST"},{"floor":54,"key":"REST"}],"circlet_count":0,"master_deck":["Tactician","hexamod:Firestarter","Backflip","hexamod:NecessarySacrifice+1","hexamod:ExtraCrispy","hexamod:HauntingEcho","hexamod:ExtraCrispy","Deflect","hexamod:Firestarter","Acrobatics+1","Dagger Throw","hexamod:NightmareStrike+1","Blade Dance","Dagger Spray","Dagger Throw","hexamod:HeatShield+1","hexamod:DynamicBlow","Eviscerate","Outmaneuver","Expertise","Dash","hexamod:Haunt","Deadly Poison","hexamod:NecessarySacrifice","hexamod:BurningTouch","hexamod:BacktrackSmack","Tactician+1","hexamod:RadiantFlame","hexamod:AdvancingGuard","hexamod:Hexaguard","hexamod:HeatMetal","Dodge and Roll","hexamod:SpectralSpark","Reflex","Poisoned Stab","hexamod:StepThrough","hexamod:FlamesFromBeyond","Flying Knee","Concentrate","hexamod:NightmareStrike","hexamod:SoulSteal","Dagger Spray","Blade Dance","hexamod:InspiringFlames","Deadly Poison","hexamod:AdvancingGuard","hexamod:NightmareGuise","hexamod:NightmareStrike","hexamod:NecessarySacrifice","hexamod:NightmareGuise","hexamod:RainOfEmbers","Tools of the Trade","hexamod:FirstSeal","hexamod:SecondSeal","hexamod:ThirdSeal","hexamod:FourthSeal","Calculated Gamble+1","Acrobatics","hexamod:HeatCrush","Adrenaline","hexamod:GhostflameInferno","hexamod:SpectersWail","Well Laid Plans","hexamod:RetreatToShadows+1","hexamod:HeatCrush+1","Choke","hexamod:NightmareGuise+1","Flechettes","hexamod:GhostShield+1","Bullet Time","hexamod:Toasty","expansioncontent:StudyTheSpire","hexamod:HeatMetal+1","hexamod:ThermalTransfer+1","Corpse Explosion","hexamod:ApocalypseNow","hexamod:ApocalypseNow","hexamod:GhostOfSpirePast+1","hexamod:Haunt","hexamod:FlamesFromBeyond","Catalyst+1","hexamod:FlamesFromBeyond+1"],"relics":["hexamod:SpiritBrand","Incense Burner","Eternal Feather","Toy Ornithopter","downfall:HeartBlessingRed","Snecko Eye","Singing Bowl","InkBottle","hexamod:Sixitude","downfall:HeartBlessingGreen","Fusion Hammer","hexamod:SoulConsumer","Dream Catcher","downfall:HeartBlessingBlue","Ice Cream","Toolbox","Art of War","Mango","downfall:GremlinWheel","Bottled Flame","Pear"],"acts_visited":["Exordium","TheCity","TheBeyond","TheEnding"],"potions_floor_usage":[16,19,23,26,26,30,37,45,50,55],"damage_taken":[{"damage":0,"enemies":"2 Louse","floor":4,"turns":2},{"damage":0,"enemies":"Small Slimes","floor":5,"turns":3},{"damage":4,"enemies":"3 Sentries","floor":6,"turns":4},{"damage":5,"enemies":"Lagavulin","floor":8,"turns":6},{"damage":0,"enemies":"Cultist","floor":11,"turns":3},{"damage":0,"enemies":"downfall:FleeingMerchant","floor":12,"turns":4},{"damage":5,"enemies":"Looter","floor":14,"turns":3},{"damage":0,"enemies":"2 Fungi Beasts","floor":15,"turns":3},{"damage":8,"enemies":"SI_SHIV_ARCHETYPE","floor":16,"turns":6},{"damage":3,"enemies":"Spheric Guardian","floor":19,"turns":4},{"damage":0,"enemies":"downfall:LooterAlt2","floor":20,"turns":3},{"damage":0,"enemies":"Cultist and Chosen","floor":21,"turns":3},{"damage":11,"enemies":"Book of Stabbing","floor":23,"turns":4},{"damage":0,"enemies":"Snake Plant","floor":25,"turns":3},{"damage":35,"enemies":"Slavers","floor":26,"turns":7},{"damage":8,"enemies":"Shelled Parasite and Fungi","floor":29,"turns":5},{"damage":0,"enemies":"downfall:FleeingMerchant","floor":30,"turns":4},{"damage":4,"enemies":"Centurion and Healer","floor":31,"turns":4},{"damage":7,"enemies":"Snake Plant","floor":32,"turns":2},{"damage":45,"enemies":"IC_MUSHROOM_ARCHETYPE","floor":33,"turns":6},{"damage":0,"enemies":"Orb Walker","floor":36,"turns":3},{"damage":2,"enemies":"Orb Walker","floor":37,"turns":5},{"damage":1,"enemies":"3 Shapes","floor":39,"turns":2},{"damage":4,"enemies":"Maw","floor":44,"turns":5},{"damage":10,"enemies":"downfall:FleeingMerchant","floor":45,"turns":3},{"damage":2,"enemies":"3 Darklings","floor":46,"turns":4},{"damage":27,"enemies":"Nemesis","floor":47,"turns":3},{"damage":0,"enemies":"Nemesis","floor":48,"turns":2},{"damage":3,"enemies":"Sphere and 2 Shapes","floor":49,"turns":4},{"damage":15,"enemies":"DF_ARCHETYPE_ORBS","floor":50,"turns":6},{"damage":25,"enemies":"downfall:CharBossMerchant","floor":52,"turns":7},{"damage":24,"enemies":"downfall:NeowBoss","floor":55,"turns":11},{"damage":113,"enemies":"downfall:NeowBossFinal","floor":56,"turns":9}],"seed_played":"6706742764168558924","potions_obtained":[{"floor":4,"key":"DistilledChaos"},{"floor":5,"key":"SteroidPotion"},{"floor":14,"key":"hexamod:EctoCoolerPotion"},{"floor":15,"key":"Guardian:BlockOnCardUsePotion"},{"floor":16,"key":"LiquidBronze"},{"floor":21,"key":"EssenceOfSteel"},{"floor":23,"key":"Dexterity Potion"},{"floor":25,"key":"DistilledChaos"},{"floor":26,"key":"bronze:BurnAndBuffPotion"},{"floor":29,"key":"Guardian:BlockOnCardUsePotion"},{"floor":30,"key":"hexamod:InfernoChargePotion"},{"floor":31,"key":"sneckomod:MuddlingPotion"},{"floor":33,"key":"FairyPotion"},{"floor":37,"key":"FairyPotion"},{"floor":45,"key":"PowerPotion"},{"floor":52,"key":"SneckoOil"}],"is_trial":false,"path_per_floor":["R","?","?","M","M","E","T","E","?","?","M","$","R","M","M","B",null,"R","M","M","M","?","E","T","M","E","R","?","M","$","M","M","B",null,"R","M","?","T","M","?","T","?","R","M","$","M","E","?","M","B",null,"E","$","R","B","B",null],"character_chosen":"THE_SPIRIT","items_purchased":["Acrobatics","expansioncontent:StudyTheSpire","Ice Cream","Toolbox","Art of War","Pear"],"campfire_rested":3,"item_purchase_floors":[12,30,45,45,45,53],"current_hp_per_floor":[70,56,56,56,56,52,52,47,40,40,40,40,70,65,70,62,70,70,69,69,70,70,59,59,59,41,70,70,62,71,67,60,22,74,74,78,80,80,81,81,81,81,94,96,92,96,87,87,84,85,114,100,110,124,115,6],"gold":41,"neow_bonus":"","is_daily":true,"chose_seed":false,"campfire_upgraded":3,"win_rate":0.0,"timestamp":1613530214,"path_taken":["R","?","?","?","M","E","T","E","?","?","M","$","R","M","M","BOSS","R","M","M","M","?","E","T","M","E","R","?","M","$","M","M","BOSS","R","M","?","?","M","?","T","?","R","M","$","M","E","?","M","BOSS","E","$","R","BOSS","BOSS"],"items_purchased_type":["Card","Card","Relic","Relic","Relic","Relic"],"build_version":"2020-12-22","purchased_purges":0,"victory":true,"max_hp_per_floor":[70,70,70,70,70,70,70,70,70,70,70,70,70,70,70,70,70,70,70,70,70,70,70,70,70,70,70,70,70,74,74,74,74,74,74,78,80,80,82,82,82,82,94,96,98,100,114,114,114,114,114,114,124,124,124,124],"relic_stats":{"Dream Catcher":2,"Singing Bowl":20,"counters":[33,143],"Snecko Eye":[253,239,260,221],"Eternal Feather":74,"Art of War":[4],"obtain_stats":[{"Ice Cream":45,"Pear":53,"downfall:HeartBlessingRed":13,"Singing Bowl":23,"hexamod:Sixitude":26,"Eternal Feather":7,"downfall:HeartBlessingGreen":27,"Mango":47,"Incense Burner":6,"Dream Catcher":41,"Bottled Flame":52,"downfall:GremlinWheel":48,"downfall:HeartBlessingBlue":43,"Snecko Eye":17,"Toolbox":45,"Fusion Hammer":34,"Art of War":45,"hexamod:SoulConsumer":37,"hexamod:SpiritBrand":0,"Toy Ornithopter":8,"InkBottle":24},{"Ice Cream":25,"Pear":31,"downfall:HeartBlessingRed":6,"Singing Bowl":13,"hexamod:Sixitude":15,"Eternal Feather":3,"downfall:HeartBlessingGreen":15,"Mango":27,"Incense Burner":3,"Dream Catcher":23,"Bottled Flame":31,"downfall:GremlinWheel":28,"downfall:HeartBlessingBlue":23,"Snecko Eye":9,"Toolbox":25,"Fusion Hammer":20,"Art of War":25,"hexamod:SoulConsumer":22,"hexamod:SpiritBrand":0,"Toy Ornithopter":4,"InkBottle":13},{"Ice Cream":97,"Pear":123,"downfall:HeartBlessingRed":22,"Singing Bowl":48,"hexamod:Sixitude":58,"Eternal Feather":9,"downfall:HeartBlessingGreen":58,"Mango":104,"Incense Burner":9,"Dream Catcher":89,"Bottled Flame":123,"downfall:GremlinWheel":106,"downfall:HeartBlessingBlue":89,"Snecko Eye":34,"Toolbox":97,"Fusion Hammer":79,"Art of War":97,"hexamod:SoulConsumer":87,"hexamod:SpiritBrand":0,"Toy Ornithopter":15,"InkBottle":48}],"Toy Ornithopter":26,"InkBottle":[47]},"card_choices":[{"not_picked":["hexamod:HauntingEcho"],"picked":"hexamod:NecessarySacrifice","floor":4},{"not_picked":["hexamod:Incineration"],"picked":"hexamod:NightmareGuise","floor":5},{"not_picked":["Finisher"],"picked":"hexamod:RainOfEmbers","floor":6},{"not_picked":["Sucker Punch"],"picked":"Tools of the Trade","floor":8},{"not_picked":["hexamod:ExtraCrispy","hexamod:FourthSeal"],"picked":"SKIP","floor":11},{"not_picked":["hexamod:SecondSeal"],"picked":"Calculated Gamble","floor":12},{"not_picked":["hexamod:ThermalTransfer","PiercingWail"],"picked":"SKIP","floor":14},{"not_picked":["Acrobatics"],"picked":"hexamod:HeatCrush","floor":15},{"not_picked":["hexamod:UnleashSpirits"],"picked":"Adrenaline","floor":16},{"not_picked":["hexamod:GhostOfSpirePresent"],"picked":"hexamod:GhostflameInferno","floor":16},{"not_picked":["Calculated Gamble"],"picked":"hexamod:SpectersWail","floor":19},{"not_picked":["Heel Hook","hexamod:SkipABeat"],"picked":"SKIP","floor":20},{"not_picked":["hexamod:SuperheatedStrike"],"picked":"Well Laid Plans","floor":21},{"not_picked":["hexamod:Incineration+1"],"picked":"hexamod:RetreatToShadows+1","floor":21},{"not_picked":["hexamod:ExtraCrispy"],"picked":"hexamod:HeatCrush+1","floor":23},{"not_picked":["hexamod:NightmareGuise"],"picked":"Choke","floor":23},{"not_picked":["Bane+1"],"picked":"hexamod:NightmareGuise+1","floor":25},{"not_picked":["Outmaneuver"],"picked":"Flechettes","floor":26},{"not_picked":["hexamod:HeatMetal+1"],"picked":"hexamod:GhostShield+1","floor":26},{"not_picked":["hexamod:SwordOfDarkness"],"picked":"hexamod:Toasty","floor":29},{"not_picked":["hexamod:FirstSeal","Heel Hook"],"picked":"Singing Bowl","floor":30},{"not_picked":["hexamod:TimeOfNeed","Well Laid Plans"],"picked":"Singing Bowl","floor":30},{"not_picked":["Deadly Poison"],"picked":"hexamod:HeatMetal+1","floor":31},{"not_picked":["hexamod:ExtraCrispy+1"],"picked":"hexamod:ThermalTransfer+1","floor":32},{"not_picked":["Adrenaline"],"picked":"Corpse Explosion","floor":33},{"not_picked":["Storm of Steel"],"picked":"hexamod:ApocalypseNow","floor":33},{"not_picked":["Calculated Gamble+1","Backflip"],"picked":"Singing Bowl","floor":36},{"not_picked":["Prepared","Reflex"],"picked":"Singing Bowl","floor":36},{"not_picked":["Dagger Spray","Prepared"],"picked":"Singing Bowl","floor":37},{"not_picked":["hexamod:StepThrough","Sucker Punch+1"],"picked":"Singing Bowl","floor":39},{"not_picked":["hexamod:GhostShield+1"],"picked":"hexamod:ApocalypseNow","floor":39},{"not_picked":["hexamod:BacktrackSmack","Cloak And Dagger"],"picked":"Singing Bowl","floor":43},{"not_picked":["hexamod:Rewind","Prepared+1"],"picked":"Singing Bowl","floor":44},{"not_picked":["hexamod:ThermalTransfer","Well Laid Plans"],"picked":"Singing Bowl","floor":45},{"not_picked":["hexamod:BacktrackSmack","Dagger Throw+1"],"picked":"Singing Bowl","floor":46},{"not_picked":["Bane+1"],"picked":"hexamod:GhostOfSpirePast+1","floor":47},{"not_picked":["hexamod:FifthSeal"],"picked":"hexamod:Haunt","floor":47},{"not_picked":["Dodge and Roll+1"],"picked":"hexamod:FlamesFromBeyond","floor":49},{"not_picked":["hexamod:RainOfEmbers"],"picked":"Catalyst+1","floor":52},{"not_picked":["hexamod:BurningTouch"],"picked":"hexamod:FlamesFromBeyond+1","floor":54}],"player_experience":1817015,"relics_obtained":[{"floor":6,"key":"Incense Burner"},{"floor":7,"key":"Eternal Feather"},{"floor":8,"key":"Toy Ornithopter"},{"floor":23,"key":"Singing Bowl"},{"floor":24,"key":"InkBottle"},{"floor":26,"key":"hexamod:Sixitude"},{"floor":37,"key":"hexamod:SoulConsumer"},{"floor":41,"key":"Dream Catcher"},{"floor":47,"key":"Mango"},{"floor":48,"key":"downfall:GremlinWheel"},{"floor":52,"key":"Bottled Flame"}],"event_choices":[{"damage_healed":0,"gold_gain":0,"player_choice":"Entered Light","damage_taken":14,"max_hp_gain":0,"max_hp_loss":0,"event_name":"Shining Light","floor":2,"gold_loss":0,"cards_upgraded":["hexamod:HeatShield","hexamod:NightmareStrike"]},{"damage_healed":0,"gold_gain":0,"player_choice":"Upgraded","damage_taken":0,"max_hp_gain":0,"max_hp_loss":0,"event_name":"Upgrade Shrine","floor":3,"gold_loss":0,"cards_upgraded":["Acrobatics"]},{"damage_healed":0,"gold_gain":0,"player_choice":"Leave","damage_taken":0,"max_hp_gain":0,"max_hp_loss":0,"event_name":"The Cleric","floor":10,"gold_loss":0}],"is_beta":false,"boss_relics":[{"not_picked":["Sozu","hexamod:UnbrokenSoul"],"picked":"Snecko Eye"},{"not_picked":["Calling Bell","sneckomod:SneckoTalon"],"picked":"Fusion Hammer"}],"items_purged_floors":[],"is_endless":false,"potions_floor_spawned":[4,5,14,15,16,21,25,31,32,33,39,44,48,49],"ascension_level":0}}