{"host":"a5lz0e76zb3fcwkm","time":1613553776,"event":{"mods":["AchievementEnabler","BaseMod","Colored Map","Colored Powertips","Minty Spire (QoL Compilation)","StSLib","SuperFastMode"],"gold_per_floor":[114,264,264,277,277,308,308,323,405,405,433,444,479,493,493,568,568,578,363,382,382,161,191,204,231,258,278,294,294,294,190,190,264,264,278,578,594,614,633,659,659,659],"floor_reached":41,"language":"KOR","playtime":1562,"items_purged":["Strike_B","Defend_B","Strike_B"],"score":1191,"play_id":"d49df1ea-4e81-461c-bb55-3d75ac196535","local_time":"20210217182256","is_ascension_mode":true,"campfire_choices":[{"data":"Defragment","floor":7,"key":"SMITH"},{"data":"Buffer","floor":10,"key":"SMITH"},{"data":"Coolheaded","floor":15,"key":"SMITH"},{"data":"White Noise","floor":30,"key":"SMITH"},{"data":"Turbo","floor":32,"key":"SMITH"}],"circlet_count":0,"master_deck":["AscendersBane","Strike_B","Strike_B","Defend_B","Defend_B","Defend_B","Zap","Dualcast","Defragment+1","Cold Snap","Coolheaded","Buffer+1","Chill","Coolheaded+1","Ball Lightning","Compile Driver","Core Surge","White Noise+1","Blizzard","Echo Form","Turbo+1","Meteor Strike","Hologram","White Noise","Compile Driver","Undo","Amplify"],"relics":["Cracked Core","NeowsBlessing","Regal Pillow","Orichalcum","Pantograph","Smiling Mask","Coffee Dripper","Omamori","Runic Capacitor","HornCleat","Centennial Puzzle","Akabeko","Cursed Key","Cables"],"acts_visited":["Exordium","TheCity","TheBeyond"],"potions_floor_usage":[11,16,20,25,28,40],"damage_taken":[{"damage":0,"enemies":"2 Louse","floor":1,"turns":1},{"damage":0,"enemies":"Cultist","floor":4,"turns":1},{"damage":0,"enemies":"Gremlin Nob","floor":6,"turns":1},{"damage":4,"enemies":"Jaw Worm","floor":8,"turns":4},{"damage":9,"enemies":"3 Sentries","floor":11,"turns":7},{"damage":0,"enemies":"2 Fungi Beasts","floor":12,"turns":4},{"damage":0,"enemies":"Gremlin Nob","floor":13,"turns":5},{"damage":11,"enemies":"Lots of Slimes","floor":14,"turns":4},{"damage":29,"enemies":"Hexaghost","floor":16,"turns":10},{"damage":0,"enemies":"Chosen","floor":18,"turns":4},{"damage":8,"enemies":"2 Thieves","floor":20,"turns":3},{"damage":11,"enemies":"Gremlin Leader","floor":23,"turns":6},{"damage":12,"enemies":"Shelled Parasite and Fungi","floor":24,"turns":5},{"damage":25,"enemies":"Slavers","floor":25,"turns":7},{"damage":0,"enemies":"Chosen and Byrds","floor":27,"turns":6},{"damage":4,"enemies":"Snake Plant","floor":28,"turns":6},{"damage":0,"enemies":"Collector","floor":33,"turns":10},{"damage":0,"enemies":"3 Darklings","floor":35,"turns":5},{"damage":1,"enemies":"Orb Walker","floor":37,"turns":3},{"damage":10,"enemies":"Spire Growth","floor":38,"turns":5},{"damage":1,"enemies":"Sphere and 2 Shapes","floor":39,"turns":3},{"damage":34,"enemies":"Reptomancer","floor":40,"turns":7},{"damage":17,"enemies":"Jaw Worm Horde","floor":41,"turns":1}],"seed_played":"-276224251164649106","potions_obtained":[{"floor":1,"key":"SpeedPotion"},{"floor":8,"key":"PowerPotion"},{"floor":11,"key":"DuplicationPotion"},{"floor":13,"key":"SpeedPotion"},{"floor":18,"key":"PotionOfCapacity"},{"floor":24,"key":"SkillPotion"},{"floor":28,"key":"Fire Potion"},{"floor":33,"key":"FearPotion"},{"floor":39,"key":"SkillPotion"}],"is_trial":false,"path_per_floor":["M","?","?","M","?","E","R","M","T","R","E","M","E","M","R","B",null,"M","$","M","?","$","E","M","E","T","M","M","?","R","$","R","B",null,"M","?","M","M","M","E","M"],"character_chosen":"DEFECT","items_purchased":["Omamori","Runic Capacitor","Turbo"],"campfire_rested":0,"item_purchase_floors":[19,22,31],"current_hp_per_floor":[64,64,64,64,64,64,64,60,60,60,51,51,51,40,40,36,62,62,62,54,54,54,43,31,6,6,6,2,2,2,2,2,27,60,60,60,59,49,48,14,0,0],"gold":659,"neow_bonus":"THREE_ENEMY_KILL","is_daily":false,"chose_seed":false,"campfire_upgraded":5,"win_rate":0.0,"timestamp":1613553776,"path_taken":["M","?","?","?","?","E","R","?","T","R","E","M","E","M","R","BOSS","M","$","M","?","$","E","M","E","T","M","M","?","R","$","R","BOSS","M","?","M","?","M","E","M"],"items_purchased_type":["Relic","Relic","Card"],"build_version":"2020-12-22","purchased_purges":3,"victory":false,"max_hp_per_floor":[71,71,71,71,71,71,71,71,71,71,71,71,71,71,71,71,71,71,71,71,71,71,71,71,71,71,71,71,71,71,71,71,71,71,71,71,71,71,71,71,71,71],"card_choices":[{"not_picked":["Stack","Sweeping Beam"],"picked":"Defragment","floor":1},{"not_picked":["Conserve Battery","Steam"],"picked":"Cold Snap","floor":4},{"not_picked":["Force Field","Barrage"],"picked":"Coolheaded","floor":6},{"not_picked":["Redo","Lockon"],"picked":"Buffer","floor":8},{"not_picked":["Barrage","Meteor Strike"],"picked":"Chill","floor":11},{"not_picked":["Sweeping Beam","Go for the Eyes"],"picked":"Coolheaded","floor":12},{"not_picked":["Cold Snap","Steam"],"picked":"Ball Lightning","floor":13},{"not_picked":["Rebound","Darkness"],"picked":"Compile Driver","floor":14},{"not_picked":["Machine Learning","Rainbow"],"picked":"Core Surge","floor":16},{"not_picked":["Sunder","Streamline"],"picked":"White Noise","floor":18},{"not_picked":["Cold Snap","Stack"],"picked":"Blizzard","floor":20},{"not_picked":["Beam Cell","Chaos"],"picked":"Echo Form","floor":23},{"not_picked":["Blizzard","Compile Driver","Chaos"],"picked":"SKIP","floor":24},{"not_picked":["Go for the Eyes","Steam Power","Redo"],"picked":"SKIP","floor":25},{"not_picked":["Undo","Genetic Algorithm","Sweeping Beam"],"picked":"SKIP","floor":27},{"not_picked":["Redo","Sweeping Beam","Lockon"],"picked":"SKIP","floor":28},{"not_picked":["Fission","Hyperbeam"],"picked":"Meteor Strike","floor":33},{"not_picked":["Steam","Conserve Battery"],"picked":"Hologram","floor":35},{"not_picked":["Chill","Redo"],"picked":"White Noise","floor":37},{"not_picked":["Leap","Go for the Eyes"],"picked":"Compile Driver","floor":38},{"not_picked":["Sweeping Beam","Redo"],"picked":"Undo","floor":39},{"not_picked":["Beam Cell","Steam Power"],"picked":"Amplify","floor":40}],"player_experience":1904450,"relics_obtained":[{"floor":6,"key":"Orichalcum"},{"floor":11,"key":"Pantograph"},{"floor":13,"key":"Smiling Mask"},{"floor":23,"key":"HornCleat"},{"floor":25,"key":"Centennial Puzzle"},{"floor":26,"key":"Akabeko"},{"floor":40,"key":"Cables"}],"event_choices":[{"damage_healed":0,"gold_gain":150,"player_choice":"AGREE","damage_taken":0,"max_hp_gain":0,"max_hp_loss":0,"event_name":"Liars Game","floor":2,"gold_loss":0,"cards_obtained":["Doubt"]},{"cards_removed":["Doubt"],"damage_healed":0,"gold_gain":0,"player_choice":"Purged","damage_taken":0,"max_hp_gain":0,"max_hp_loss":0,"event_name":"Purifier","floor":3,"gold_loss":0},{"damage_healed":0,"gold_gain":0,"player_choice":"Gave Potion","damage_taken":0,"relics_obtained":["Regal Pillow"],"max_hp_gain":0,"max_hp_loss":0,"event_name":"WeMeetAgain","floor":5,"gold_loss":0},{"damage_healed":0,"gold_gain":0,"player_choice":"Ignored","damage_taken":0,"max_hp_gain":0,"max_hp_loss":0,"event_name":"Vampires","floor":21,"gold_loss":0},{"damage_healed":0,"gold_gain":0,"player_choice":"Ignored","damage_taken":0,"max_hp_gain":0,"max_hp_loss":0,"event_name":"The Mausoleum","floor":29,"gold_loss":0},{"damage_healed":0,"gold_gain":300,"player_choice":"Gold","damage_taken":0,"max_hp_gain":0,"max_hp_loss":0,"event_name":"Wheel of Change","floor":36,"gold_loss":0}],"is_beta":false,"boss_relics":[{"not_picked":["Nuclear Battery","FrozenCore"],"picked":"Coffee Dripper"},{"not_picked":["Pandora\u0027s Box","Astrolabe"],"picked":"Cursed Key"}],"items_purged_floors":[19,22,31],"is_endless":false,"potions_floor_spawned":[1,8,11,13,18,24,28,33,39],"killed_by":"Jaw Worm Horde","ascension_level":20}}