{"host":"72n3jwtrlpjobydj","time":1613603163,"event":{"mods":["AchievementEnabler","BaseMod","CapriCore","DeckTracker","Hermit","Koishi","KomeijiMod","Lobotomy","Marisa£¨Ùöéë¡¡Øª×âÞÞ£©","Minty Spire (QoL Compilation)","Permanent Neow","StSLib","SuperFastMode","The Cursed","The Hierophant","The Immortal"],"gold_per_floor":[119,19,19,35,55,55,69,69,69],"floor_reached":8,"language":"KOR","playtime":285,"items_purged":[],"score":48,"play_id":"9f8c3826-ffca-48e4-9a96-93858348a34f","local_time":"20210218080603","is_ascension_mode":false,"campfire_choices":[{"floor":6,"key":"REST"}],"circlet_count":0,"master_deck":["Strike_B","Strike_B","Strike_B","Defend_B","Defend_B","Defend_B","Defend_B","Zap","Dualcast","Consume","Redo","Streamline","Reprogram","Barrage","Barrage"],"relics":["Cracked Core","Golden Idol"],"acts_visited":["Exordium"],"potions_floor_usage":[],"damage_taken":[{"damage":0,"enemies":"Small Slimes","floor":1,"turns":3},{"damage":6,"enemies":"Cultist","floor":4,"turns":3},{"damage":7,"enemies":"2 Louse","floor":5,"turns":2},{"damage":17,"enemies":"Exordium Wildlife","floor":7,"turns":4},{"damage":55,"enemies":"Lagavulin","floor":8,"turns":6}],"seed_played":"-6087249674485663767","potions_obtained":[],"is_trial":false,"path_per_floor":["M","$","?","M","M","R","M","E"],"character_chosen":"DEFECT","items_purchased":["Redo","Streamline"],"campfire_rested":1,"item_purchase_floors":[2,2],"current_hp_per_floor":[75,75,57,51,44,66,49,0,0],"gold":69,"neow_bonus":"REMOVE_CARD","is_daily":false,"chose_seed":false,"campfire_upgraded":0,"win_rate":0.0,"timestamp":1613603163,"path_taken":["M","$","?","M","M","R","M","E"],"items_purchased_type":["Card","Card"],"build_version":"2020-12-22","purchased_purges":0,"victory":false,"max_hp_per_floor":[75,75,75,75,75,75,75,75,75],"card_choices":[{"not_picked":["Barrage","Genetic Algorithm"],"picked":"Consume","floor":1},{"not_picked":["Self Repair","Rip and Tear"],"picked":"Reprogram","floor":4},{"not_picked":["Leap","Gash"],"picked":"Barrage","floor":5},{"not_picked":["Streamline","Scrape"],"picked":"Barrage","floor":7}],"player_experience":67552,"relics_obtained":[],"event_choices":[{"damage_healed":0,"gold_gain":0,"player_choice":"Take Damage","damage_taken":18,"relics_obtained":["Golden Idol"],"max_hp_gain":0,"max_hp_loss":0,"event_name":"Golden Idol","floor":3,"gold_loss":0}],"is_beta":false,"boss_relics":[],"items_purged_floors":[],"is_endless":false,"potions_floor_spawned":[],"killed_by":"Lagavulin","ascension_level":0}}