{"host":"2c84cb4cp1emursg","time":1613546356,"event":{"mods":["Act Like it!","BaseMod","Better Third Choice","Bossed Relics","Hermit","Mimic Mod","Minty Spire (QoL Compilation)","Permanent Neow","StSLib","The Bug Knight"],"gold_per_floor":[111,128,146,146,157,188,188,198,223,249,293,362,362,381,381,381,381],"floor_reached":16,"language":"ENG","playtime":1193,"items_purged":[],"score":162,"play_id":"4deb7ac7-99b9-48e6-82c4-53d4f64cb374","local_time":"20210217001916","is_ascension_mode":true,"campfire_choices":[{"data":"hermit:Grudge","floor":7,"key":"SMITH"},{"data":"hermit:Manifest","floor":13,"key":"SMITH"},{"data":"hermit:DeadOrAlive","floor":15,"key":"SMITH"}],"circlet_count":0,"master_deck":["hermit:Strike_Hermit","hermit:Strike_Hermit","hermit:Strike_Hermit","hermit:Defend_Hermit","hermit:Defend_Hermit","hermit:Defend_Hermit","hermit:Defend_Hermit","hermit:Snapshot","hermit:Covet","hermit:Cheat","hermit:GoldenBullet","hermit:Spite","hermit:Grudge+1","hermit:WideOpen","hermit:Cheat","hermit:DeadOrAlive+1","hermit:FlashPowder","hermit:Manifest+1"],"relics":["hermit:Momento","Akabeko","Bottled Flame","HollowMod:PaleOreRelic","Odd Mushroom","Strawberry"],"acts_visited":["Exordium"],"potions_floor_usage":[6,10,16,16],"damage_taken":[{"damage":1,"enemies":"Cultist","floor":1,"turns":3},{"damage":0,"enemies":"Small Slimes","floor":2,"turns":2},{"damage":0,"enemies":"2 Louse","floor":3,"turns":2},{"damage":11,"enemies":"Looter","floor":5,"turns":2},{"damage":21,"enemies":"HollowMod:MossKnight","floor":6,"turns":12},{"damage":0,"enemies":"3 Louse","floor":8,"turns":1},{"damage":0,"enemies":"Gremlin Nob","floor":10,"turns":2},{"damage":0,"enemies":"The Mushroom Lair","floor":11,"turns":3},{"damage":13,"enemies":"3 Sentries","floor":12,"turns":4},{"damage":6,"enemies":"Exordium Thugs","floor":14,"turns":2},{"damage":23,"enemies":"The Guardian","floor":16,"turns":8}],"seed_played":"-4586763455012360600","potions_obtained":[{"floor":3,"key":"DistilledChaos"},{"floor":5,"key":"hermit:Tonic"},{"floor":8,"key":"ColorlessPotion"},{"floor":12,"key":"FearPotion"}],"is_trial":false,"path_per_floor":["M","M","M","?","M","E","R","M","T","E","?","E","R","M","R","B"],"character_chosen":"HERMIT","items_purchased":[],"campfire_rested":0,"item_purchase_floors":[],"current_hp_per_floor":[74,74,74,67,56,35,35,35,35,35,35,29,29,23,23,0,0],"gold":381,"neow_bonus":"RANDOM_COMMON_RELIC","is_daily":false,"chose_seed":false,"campfire_upgraded":3,"win_rate":0.0,"timestamp":1613546356,"path_taken":["M","M","M","?","M","E","R","M","T","E","?","E","R","M","R","BOSS"],"items_purchased_type":[],"build_version":"2020-12-22","purchased_purges":0,"victory":false,"max_hp_per_floor":[75,75,75,75,75,75,75,75,75,75,75,82,82,82,82,82,82],"card_choices":[{"not_picked":["hermit:CalledShot","hermit:Feint"],"picked":"hermit:Cheat","floor":1},{"not_picked":["hermit:Snipe","hermit:SprayPray"],"picked":"hermit:GoldenBullet","floor":2},{"not_picked":["hermit:HoleUp","hermit:PistolWhip"],"picked":"hermit:Spite","floor":3},{"not_picked":["hermit:Enervate","hermit:RoundhouseKick"],"picked":"hermit:Grudge","floor":5},{"not_picked":["hermit:Magnum","hermit:TrackingShot"],"picked":"hermit:WideOpen","floor":6},{"not_picked":["hermit:Desperado","hermit:Coalescence"],"picked":"hermit:Cheat","floor":8},{"not_picked":["hermit:EyeOfTheStorm","hermit:NoHoldsBarred"],"picked":"hermit:DeadOrAlive","floor":10},{"not_picked":["hermit:Roulette","hermit:Spite"],"picked":"hermit:FlashPowder","floor":11},{"not_picked":["hermit:Combo","hermit:Showdown"],"picked":"hermit:Manifest","floor":12},{"not_picked":["hermit:Coalescence","hermit:TrackingShot","hermit:Feint"],"picked":"SKIP","floor":14}],"player_experience":537087,"relics_obtained":[{"floor":6,"key":"Bottled Flame"},{"floor":10,"key":"HollowMod:PaleOreRelic"},{"floor":11,"key":"Odd Mushroom"},{"floor":12,"key":"Strawberry"}],"event_choices":[{"cards_removed":["hermit:Strike_Hermit"],"damage_healed":0,"gold_gain":0,"player_choice":"Card Removal","damage_taken":7,"max_hp_gain":0,"max_hp_loss":0,"event_name":"Golden Wing","floor":4,"gold_loss":0},{"damage_healed":0,"gold_gain":0,"player_choice":"Fought Mushrooms","damage_taken":0,"max_hp_gain":0,"max_hp_loss":0,"event_name":"Mushrooms","floor":11,"gold_loss":0}],"is_beta":false,"boss_relics":[],"items_purged_floors":[],"is_endless":false,"potions_floor_spawned":[3,5,8,12],"killed_by":"The Guardian","ascension_level":2}}