{"host":"7sni158j623xchr2","time":1613539129,"event":{"mods":["BaseMod","Colored Map","Highlight Path","Minty Spire (QoL Compilation)","Permanent Neow","Potion Indicator Mod","Rare Cards Sparkle","Relic Sorter","Relic Stats","StSLib","everything is the same but u backflip on backflip"],"gold_per_floor":[113,113,288,288,308,308,321,353,353,353,44,44,119,119,119,215,215,233,53,53,53,53,53,88,88,88,88,107,139,139,152,152,251,251,268,268,268,285,299,324,324,355,355,380,9,29,77,91,91,91,91,91,9,44,44],"floor_reached":56,"language":"ENG","playtime":2622,"items_purged":["Strike_R","Strike_R","Shame"],"score":1385,"play_id":"f870e9e4-e38d-41ce-af2c-0e84d9654972","local_time":"20210216231849","is_ascension_mode":true,"campfire_choices":[{"data":"Carnage","floor":6,"key":"SMITH"},{"data":"Immolate","floor":12,"key":"SMITH"},{"data":"Shrug It Off","floor":15,"key":"SMITH"},{"data":"Flame Barrier","floor":23,"key":"SMITH"},{"data":"Double Tap","floor":25,"key":"SMITH"},{"data":"Uppercut","floor":32,"key":"SMITH"},{"floor":41,"key":"REST"},{"floor":49,"key":"RECALL"},{"data":"Disarm","floor":52,"key":"SMITH"}],"circlet_count":0,"master_deck":["Strike_R","Defend_R","Defend_R","Defend_R","Defend_R","Bash","Offering","Carnage+1","Flame Barrier+1","Shrug It Off+1","Immolate+1","Flash of Steel","Double Tap+1","Spot Weakness","Disarm+1","Barricade","Twin Strike","Uppercut+1","Shrug It Off","Flame Barrier+1","CurseOfTheBell","Clothesline+1","Reaper+1","Battle Trance+1","Inflame","Evolve+1","Power Through+1","Dark Shackles+1","Burning Pact+1"],"relics":["Burning Blood","Spirit Poop","Letter Opener","Juzu Bracelet","FaceOfCleric","Snecko Eye","Toy Ornithopter","Blue Candle","InkBottle","StoneCalendar","Nilry\u0027s Codex","Calling Bell","Potion Belt","Kunai","Charon\u0027s Ashes","Molten Egg 2","Lantern","Mercury Hourglass","Self Forming Clay","Toxic Egg 2","White Beast Statue","Gambling Chip","Strawberry"],"acts_visited":["Exordium","TheCity","TheBeyond","TheEnding"],"potions_floor_usage":[8,16,39,40,42,54,54,55,55],"damage_taken":[{"damage":8,"enemies":"Jaw Worm","floor":1,"turns":3},{"damage":3,"enemies":"2 Louse","floor":5,"turns":3},{"damage":6,"enemies":"Cultist","floor":7,"turns":3},{"damage":33,"enemies":"3 Sentries","floor":8,"turns":9},{"damage":22,"enemies":"The Guardian","floor":16,"turns":12},{"damage":0,"enemies":"3 Byrds","floor":18,"turns":3},{"damage":3,"enemies":"Slavers","floor":24,"turns":2},{"damage":7,"enemies":"2 Thieves","floor":28,"turns":2},{"damage":15,"enemies":"Book of Stabbing","floor":29,"turns":3},{"damage":9,"enemies":"Centurion and Healer","floor":31,"turns":5},{"damage":23,"enemies":"Collector","floor":33,"turns":8},{"damage":30,"enemies":"3 Shapes","floor":35,"turns":5},{"damage":7,"enemies":"3 Darklings","floor":38,"turns":6},{"damage":58,"enemies":"Transient","floor":39,"turns":5},{"damage":35,"enemies":"Nemesis","floor":40,"turns":7},{"damage":34,"enemies":"Giant Head","floor":42,"turns":8},{"damage":21,"enemies":"Reptomancer","floor":44,"turns":6},{"damage":15,"enemies":"Sphere and 2 Shapes","floor":46,"turns":4},{"damage":7,"enemies":"2 Orb Walkers","floor":47,"turns":3},{"damage":6,"enemies":"Spire Growth","floor":48,"turns":3},{"damage":16,"enemies":"Awakened One","floor":50,"turns":10},{"damage":28,"enemies":"Shield and Spear","floor":54,"turns":7},{"damage":57,"enemies":"The Heart","floor":55,"turns":10}],"seed_played":"-1653525862828079578","potions_obtained":[{"floor":5,"key":"SneckoOil"},{"floor":7,"key":"Weak Potion"},{"floor":8,"key":"DistilledChaos"},{"floor":24,"key":"ElixirPotion"},{"floor":28,"key":"Regen Potion"},{"floor":35,"key":"FairyPotion"},{"floor":40,"key":"SpeedPotion"},{"floor":46,"key":"DistilledChaos"},{"floor":47,"key":"DistilledChaos"},{"floor":48,"key":"Strength Potion"},{"floor":54,"key":"LiquidMemories"}],"is_trial":false,"path_per_floor":["M","?","?","?","M","R","M","E","T","?","$","R","?","T","R","B",null,"M","$","?","?","?","R","E","R","T","?","M","E","?","M","R","B",null,"M","?","?","M","M","E","R","E","T","E","$","M","?","M","R","B",null,"R","$","E","B",null],"character_chosen":"IRONCLAD","items_purchased":["Immolate","Flash of Steel","Disarm","White Beast Statue","Dark Shackles+1"],"campfire_rested":1,"item_purchase_floors":[11,11,19,45,53],"current_hp_per_floor":[78,71,71,71,74,74,74,47,47,47,47,47,36,36,36,21,81,82,82,82,82,82,82,83,83,83,83,83,75,59,57,57,41,87,64,64,64,64,18,38,64,51,51,68,68,68,80,86,86,93,93,93,93,89,59],"gold":44,"neow_bonus":"THREE_RARE_CARDS","is_daily":false,"chose_seed":false,"campfire_upgraded":7,"win_rate":0.0,"timestamp":1613539129,"path_taken":["M","?","?","?","M","R","M","E","T","?","?","R","?","?","R","BOSS","M","$","?","?","?","R","E","R","T","?","M","E","?","M","R","BOSS","M","?","?","M","M","E","R","E","T","E","$","M","?","M","R","BOSS","R","$","E","BOSS"],"items_purchased_type":["Card","Card","Card","Relic","Card"],"build_version":"2020-12-22","purchased_purges":3,"victory":true,"max_hp_per_floor":[80,80,80,80,80,80,80,80,80,80,80,80,80,80,80,81,81,82,82,82,82,82,82,83,83,83,83,84,85,85,86,86,87,87,88,88,84,85,86,87,87,88,88,89,89,90,91,92,92,93,93,93,93,101,102],"relic_stats":{"counters":[23,127],"Self Forming Clay":[99],"Blue Candle":[15],"StoneCalendar":[274],"Charon\u0027s Ashes":[297],"Juzu Bracelet":3,"Letter Opener":[198],"Burning Blood":126,"Mercury Hourglass":[157],"FaceOfCleric":19,"Gambling Chip":[19],"Snecko Eye":[209,183,183,211],"Kunai":[15],"obtain_stats":[{"Potion Belt":34,"Lantern":40,"Nilry\u0027s Codex":30,"Self Forming Clay":43,"Blue Candle":24,"Spirit Poop":4,"StoneCalendar":29,"Charon\u0027s Ashes":34,"Juzu Bracelet":9,"Letter Opener":8,"Burning Blood":0,"White Beast Statue":45,"Mercury Hourglass":42,"Calling Bell":34,"FaceOfCleric":10,"Gambling Chip":47,"Strawberry":54,"Snecko Eye":17,"Molten Egg 2":36,"Kunai":34,"Toxic Egg 2":44,"Toy Ornithopter":22,"InkBottle":26},{"Potion Belt":11,"Lantern":15,"Nilry\u0027s Codex":9,"Self Forming Clay":16,"Blue Candle":7,"Spirit Poop":1,"StoneCalendar":9,"Charon\u0027s Ashes":11,"Juzu Bracelet":4,"Letter Opener":4,"Burning Blood":0,"White Beast Statue":17,"Mercury Hourglass":16,"Calling Bell":11,"FaceOfCleric":4,"Gambling Chip":19,"Strawberry":22,"Snecko Eye":5,"Molten Egg 2":12,"Kunai":11,"Toxic Egg 2":17,"Toy Ornithopter":6,"InkBottle":7},{"Potion Belt":53,"Lantern":76,"Nilry\u0027s Codex":40,"Self Forming Clay":84,"Blue Candle":35,"Spirit Poop":3,"StoneCalendar":40,"Charon\u0027s Ashes":53,"Juzu Bracelet":18,"Letter Opener":18,"Burning Blood":0,"White Beast Statue":90,"Mercury Hourglass":84,"Calling Bell":53,"FaceOfCleric":18,"Gambling Chip":97,"Strawberry":117,"Snecko Eye":30,"Molten Egg 2":58,"Kunai":53,"Toxic Egg 2":90,"Toy Ornithopter":33,"InkBottle":35}],"Toy Ornithopter":35,"InkBottle":[34]},"card_choices":[{"not_picked":["Barricade","Double Tap"],"picked":"Offering","floor":0},{"not_picked":["Seeing Red","Cleave"],"picked":"Carnage","floor":1},{"not_picked":["Second Wind","Clothesline","Flex"],"picked":"SKIP","floor":5},{"not_picked":["Havoc","Warcry"],"picked":"Flame Barrier","floor":7},{"not_picked":["Perfected Strike","Flex"],"picked":"Shrug It Off","floor":8},{"not_picked":["Limit Break","Barricade"],"picked":"Double Tap","floor":16},{"not_picked":["Anger+1","Perfected Strike+1"],"picked":"Spot Weakness","floor":18},{"not_picked":["Fire Breathing","Clothesline"],"picked":"Barricade","floor":24},{"not_picked":["Perfected Strike+1","Heavy Blade","Clash"],"picked":"SKIP","floor":28},{"not_picked":["Dark Embrace","Juggernaut"],"picked":"Shrug It Off","floor":29},{"not_picked":["Perfected Strike+1","Heavy Blade"],"picked":"Flame Barrier+1","floor":31},{"not_picked":["Perfected Strike","Thunderclap+1","Seeing Red"],"picked":"SKIP","floor":35},{"not_picked":["Perfected Strike+1","Headbutt+1"],"picked":"Clothesline+1","floor":38},{"not_picked":["Warcry+1","Body Slam+1","Spot Weakness"],"picked":"SKIP","floor":39},{"not_picked":["Thunderclap+1","Armaments+1"],"picked":"Reaper+1","floor":40},{"not_picked":["Thunderclap+1","Pommel Strike+1","Blood for Blood+1"],"picked":"SKIP","floor":42},{"not_picked":["Intimidate+1","Headbutt+1"],"picked":"Battle Trance+1","floor":44},{"not_picked":["Clash+1","Clothesline+1"],"picked":"Inflame","floor":46},{"not_picked":["Hemokinesis+1","Twin Strike+1"],"picked":"Evolve+1","floor":47},{"not_picked":["Clash+1","Whirlwind+1"],"picked":"Power Through+1","floor":48},{"not_picked":["Thunderclap+1","Limit Break+1"],"picked":"Burning Pact+1","floor":54}],"player_experience":1820864,"relics_obtained":[{"floor":8,"key":"Letter Opener"},{"floor":9,"key":"Juzu Bracelet"},{"floor":24,"key":"Blue Candle"},{"floor":26,"key":"InkBottle"},{"floor":29,"key":"StoneCalendar"},{"floor":30,"key":"Nilry\u0027s Codex"},{"floor":34,"key":"Potion Belt"},{"floor":34,"key":"Kunai"},{"floor":34,"key":"Charon\u0027s Ashes"},{"floor":40,"key":"Lantern"},{"floor":42,"key":"Mercury Hourglass"},{"floor":43,"key":"Self Forming Clay"},{"floor":44,"key":"Toxic Egg 2"},{"floor":47,"key":"Gambling Chip"},{"floor":54,"key":"Strawberry"}],"event_choices":[{"cards_removed":["Normality"],"damage_healed":0,"gold_gain":0,"player_choice":"Card Removal","damage_taken":7,"max_hp_gain":0,"max_hp_loss":0,"event_name":"Golden Wing","floor":2,"gold_loss":0},{"damage_healed":0,"gold_gain":175,"player_choice":"AGREE","damage_taken":0,"max_hp_gain":0,"max_hp_loss":0,"event_name":"Liars Game","floor":3,"gold_loss":0,"cards_obtained":["Doubt"]},{"cards_removed":["Doubt"],"damage_healed":0,"gold_gain":0,"player_choice":"Offered Curse","damage_taken":0,"relics_obtained":["Spirit Poop"],"max_hp_gain":0,"max_hp_loss":0,"event_name":"Bonfire Elementals","floor":4,"gold_loss":0},{"damage_healed":0,"gold_gain":0,"player_choice":"Trade","damage_taken":0,"relics_obtained":["FaceOfCleric"],"max_hp_gain":0,"max_hp_loss":0,"event_name":"FaceTrader","floor":10,"gold_loss":0},{"damage_healed":0,"gold_gain":75,"player_choice":"Gather Gold","damage_taken":11,"max_hp_gain":0,"max_hp_loss":0,"event_name":"World of Goop","floor":13,"gold_loss":0},{"damage_healed":0,"gold_gain":0,"player_choice":"Ignored","damage_taken":0,"max_hp_gain":0,"max_hp_loss":0,"event_name":"Vampires","floor":20,"gold_loss":0},{"damage_healed":0,"gold_gain":0,"player_choice":"Ignored","damage_taken":0,"max_hp_gain":0,"max_hp_loss":0,"event_name":"Ghosts","floor":21,"gold_loss":0},{"damage_healed":0,"gold_gain":0,"player_choice":"Stole Relic","damage_taken":0,"relics_obtained":["Toy Ornithopter"],"max_hp_gain":0,"max_hp_loss":0,"event_name":"Addict","floor":22,"gold_loss":0,"cards_obtained":["Shame"]},{"damage_healed":0,"gold_gain":0,"cards_transformed":["Strike_R","Strike_R"],"player_choice":"Became Test Subject","damage_taken":0,"max_hp_gain":0,"max_hp_loss":0,"event_name":"Drug Dealer","floor":27,"gold_loss":0,"cards_obtained":["Twin Strike","Uppercut"]},{"damage_healed":0,"gold_gain":0,"player_choice":"Obtained Book","damage_taken":16,"max_hp_gain":0,"max_hp_loss":0,"event_name":"Cursed Tome","floor":30,"gold_loss":0},{"damage_healed":0,"gold_gain":0,"player_choice":"Gave Potion","damage_taken":0,"relics_obtained":["Molten Egg 2"],"max_hp_gain":0,"max_hp_loss":0,"event_name":"WeMeetAgain","floor":36,"gold_loss":0},{"damage_healed":0,"gold_gain":0,"player_choice":"Max HP","damage_taken":0,"max_hp_gain":0,"max_hp_loss":4,"event_name":"Winding Halls","floor":37,"gold_loss":0},{"damage_healed":0,"gold_gain":0,"player_choice":"Fight","damage_taken":0,"max_hp_gain":0,"max_hp_loss":0,"event_name":"Mysterious Sphere","floor":47,"gold_loss":0}],"is_beta":false,"boss_relics":[{"not_picked":["Runic Dome","Black Blood"],"picked":"Snecko Eye"},{"not_picked":["Black Star","Pandora\u0027s Box"],"picked":"Calling Bell"}],"items_purged_floors":[11,19,45],"is_endless":false,"potions_floor_spawned":[5,7,8,24,28,29,35,40,46,47,48,54],"ascension_level":2}}