{"host":"51qmnr9isyv85d0p","time":1613544121,"event":{"mods":["AchievementEnabler","BaseMod","Colored Map","Colored Powertips","Curses Come First","Downfall","Minty Spire (QoL Compilation)","Red Circlet Mod","Relic Stats","Replay The Spire","StSLib","TestMod"],"gold_per_floor":[99,110,9079,9094,9110,9127,9127,9141,8407,8156,8056,8081,7981,7997,8009,8106,8106,8106,8119,8130,8201,7375,7409,7409,6644,6657,5938,5958,5992,5892,5906,5920,6044,6044,6044,6060,6078,6097,6097,6097,6097,6129,6129,6142,6142,5782,5827,5494,5525,5130,5140,5183,5183,5244,4696,4696,4747,4797],"floor_reached":59,"language":"ZHS","playtime":2202,"items_purged":["hexamod:Defend","hexamod:Strike","hexamod:Defend","hexamod:Strike","hexamod:Defend","hexamod:Strike","hexamod:Defend","hexamod:Strike","hexamod:FirstSeal"],"score":1848,"play_id":"6b010d11-485c-4a54-88d7-418603079437","local_time":"20210217144201","is_ascension_mode":true,"campfire_choices":[{"data":"hexamod:Float","floor":1,"key":"SMITH"},{"floor":11,"key":"RECALL"},{"data":"hexamod:RecurringNightmare","floor":13,"key":"SMITH"},{"data":"hexamod:ApocalypticArmor","floor":30,"key":"SMITH"},{"data":"hexamod:GiftsFromTheDead","floor":35,"key":"SMITH"},{"data":"hexamod:VolcanoVisage","floor":56,"key":"SMITH"}],"circlet_count":0,"master_deck":["hexamod:Sear","hexamod:Float+1","hexamod:GhostOfSpireFuture","hexamod:Rewind","hexamod:GhostOfSpirePresent+1","hexamod:RecurringNightmare+1","hexamod:SpectersWail","hexamod:FlamesFromBeyond","hexamod:EmpoweredFlame","hexamod:StepThrough","hexamod:TimeWarp","Good Instincts","hexamod:Hexaguard+1","hexamod:PowerFromBeyond+1","hexamod:SecondSeal","hexamod:ApocalypticArmor+1","hexamod:SkipABeat+1","hexamod:PowerFromBeyond","hexamod:TimeWarp","hexamod:FlamesFromBeyond","hexamod:FlamesFromBeyond","hexamod:SpectersWail","hexamod:SpectersWail+1","Secret Weapon","Secret Weapon","hexamod:Hexaguard","hexamod:GiftsFromTheDead+1","hexamod:NightmareStrike+1","hexamod:VolcanoVisage+1","hexamod:PowerFromBeyond+1","downfall:Haunted","downfall:Haunted","hexamod:SoulSteal","hexamod:TimeOfNeed+1","Secret Weapon","Dark Shackles","hexamod:UnleashSpirits","ReplayTheSpireMod:Necrogeddon"],"relics":["hexamod:SpiritBrand","testmod-TestBox","testmod-Brilliant","Lantern","hexamod:BolsterEngine","Medical Kit","testmod-IndustrialRevolution","ReplayFunnel","Strange Spoon","Replay:Bandana","Blue Doll","HandDrill","downfall:HeartBlessingBlue","Replay:Baseball","downfall:HeartBlessingRed","testmod-DeterminationOfClimber","Blue Candle","Pen Nib","bronze:BronzeIdol","Snack Pack","bronze:DonusWashers","Replay:WaspNest","Replay:Accelerometer","Replay:Ringing Soul","Dream Catcher","Chemical X","Regal Pillow","Eternal Feather","Membership Card","HornCleat","downfall:HeartBlessingGreen","bronze:MakeshiftBattery","Mirror","Ice Cream","Du-Vu Doll","MealTicket","testmod-CasingShield","Blood Vial","War Paint","ReplayTheSpireMod:ShopPack","hexamod:MatchstickCase","bronze:DecasWashers","Shuriken","ClockworkSouvenir"],"acts_visited":["Exordium","TheCity","TheBeyond","TheEnding"],"potions_floor_usage":[52,58],"damage_taken":[{"damage":0,"enemies":"Cultist","floor":2,"turns":3},{"damage":0,"enemies":"downfall:FleeingMerchant","floor":3,"turns":4},{"damage":0,"enemies":"Small Slimes","floor":4,"turns":1},{"damage":0,"enemies":"2 Louse","floor":5,"turns":1},{"damage":0,"enemies":"downfall:LooterAlt","floor":6,"turns":1},{"damage":0,"enemies":"2 Fungi Beasts","floor":8,"turns":1},{"damage":3,"enemies":"downfall:FleeingMerchant","floor":9,"turns":4},{"damage":0,"enemies":"downfall:FleeingMerchant","floor":10,"turns":1},{"damage":0,"enemies":"3 Sentries","floor":12,"turns":1},{"damage":0,"enemies":"Lots of Slimes","floor":14,"turns":1},{"damage":0,"enemies":"Exordium Thugs","floor":15,"turns":1},{"damage":0,"enemies":"SI_SHIV_ARCHETYPE","floor":16,"turns":1},{"damage":0,"enemies":"downfall:LooterAlt2","floor":19,"turns":1},{"damage":0,"enemies":"3 Byrds","floor":20,"turns":1},{"damage":0,"enemies":"Gremlin Leader","floor":23,"turns":1},{"damage":0,"enemies":"Snecko","floor":26,"turns":1},{"damage":0,"enemies":"Snake Plant","floor":28,"turns":1},{"damage":0,"enemies":"Book of Stabbing","floor":29,"turns":1},{"damage":0,"enemies":"Shelled Parasite and Fungi","floor":31,"turns":1},{"damage":0,"enemies":"Snecko","floor":32,"turns":1},{"damage":10,"enemies":"IC_MUSHROOM_ARCHETYPE","floor":33,"turns":4},{"damage":0,"enemies":"3 Shapes","floor":36,"turns":1},{"damage":0,"enemies":"Orb Walker","floor":37,"turns":1},{"damage":0,"enemies":"3 Darklings","floor":38,"turns":1},{"damage":0,"enemies":"Reptomancer","floor":42,"turns":1},{"damage":0,"enemies":"Jaw Worm Horde","floor":44,"turns":1},{"damage":0,"enemies":"Maw","floor":47,"turns":4},{"damage":6,"enemies":"Transient","floor":49,"turns":5},{"damage":0,"enemies":"4 Shapes","floor":51,"turns":1},{"damage":0,"enemies":"DF_ARCHETYPE_ORBS","floor":52,"turns":4},{"damage":0,"enemies":"downfall:CharBossMerchant","floor":54,"turns":5},{"damage":4,"enemies":"downfall:NeowBoss","floor":57,"turns":5},{"damage":13,"enemies":"downfall:NeowBossFinal","floor":58,"turns":6}],"seed_played":"4956145075250629648","potions_obtained":[{"floor":2,"key":"AttackPotion"},{"floor":49,"key":"BlessingOfTheForge"}],"is_trial":false,"path_per_floor":["R","M","$","M","M","M","T","M","$","$","R","E","R","M","M","B",null,"R_BF","M","M","?","$","E","T","$","M","$","M","E","R","M","M","B",null,"R","M","M","M","?","PTL","PTL","E","T","M","?","$","M","?","M","$","M","B",null,"E","$","R","B","B",null],"character_chosen":"THE_SPIRIT","items_purchased":["Lantern","hexamod:BolsterEngine","Medical Kit","hexamod:GhostOfSpirePresent+1","Fire Potion","Fire Potion","hexamod:RecurringNightmare","hexamod:SpectersWail","hexamod:FlamesFromBeyond","testmod-IndustrialRevolution","ReplayFunnel","Strange Spoon","Good Instincts","hexamod:Hexaguard","hexamod:PowerFromBeyond","Replay:Bandana","Blue Doll","HandDrill","bronze:BronzeIdol","Snack Pack","bronze:DonusWashers","hexamod:TimeWarp","Replay:Ringing Soul","Dream Catcher","Chemical X","hexamod:FlamesFromBeyond","Regal Pillow","Eternal Feather","Membership Card","hexamod:SpectersWail+1","Secret Weapon","MealTicket","testmod-CasingShield","hexamod:SoulSteal","Blood Vial","hexamod:TimeOfNeed+1","War Paint","ReplayTheSpireMod:ShopPack","bronze:DecasWashers","Shuriken","ClockworkSouvenir","ReplayTheSpireMod:Necrogeddon"],"campfire_rested":0,"item_purchase_floors":[3,3,3,3,3,3,3,3,3,9,9,9,9,9,9,10,10,10,22,22,22,22,25,25,25,25,27,27,27,27,27,46,46,46,50,50,50,50,55,55,55,55],"current_hp_per_floor":[77,77,77,77,77,77,77,77,74,74,84,84,84,84,84,84,87,82,82,82,48,48,48,48,51,54,57,57,60,75,75,75,78,102,102,105,105,105,105,105,105,108,108,111,114,117,117,132,132,135,138,138,138,138,141,141,141,137],"gold":4797,"neow_bonus":"TEN_PERCENT_HP_BONUS","is_daily":false,"chose_seed":false,"campfire_upgraded":5,"win_rate":0.0,"timestamp":1613544121,"path_taken":["R","M","$","M","M","M","T","M","?","$","R","E","R","M","M","BOSS","R_BF","M","M","?","$","E","T","$","?","?","?","E","R","?","M","BOSS","R","M","M","?","?","PTL","PTL","E","T","M","?","$","?","?","M","$","M","BOSS","E","$","R","BOSS","BOSS"],"items_purchased_type":["Relic","Relic","Relic","Card","Potion","Potion","Card","Card","Card","Relic","Relic","Relic","Card","Card","Card","Relic","Relic","Relic","Relic","Relic","Relic","Card","Relic","Relic","Relic","Card","Relic","Relic","Relic","Card","Card","Relic","Relic","Card","Relic","Card","Relic","Relic","Relic","Relic","Relic","Card"],"build_version":"2020-12-22","purchased_purges":9,"victory":true,"max_hp_per_floor":[77,77,77,77,77,77,77,77,77,77,87,87,87,87,87,87,87,87,87,87,87,87,87,87,90,93,96,96,99,99,99,99,102,102,102,105,105,105,105,105,105,108,108,111,114,117,117,132,132,135,138,138,138,138,141,141,141,141],"relic_stats":{"Regal Pillow":0,"counters":[33,67],"Blue Candle":[6],"Eternal Feather":15,"Pen Nib":[9],"War Paint":["hexamod:PowerFromBeyond","hexamod:Hexaguard"],"Medical Kit":[3],"Blood Vial":0,"Strange Spoon":[34],"Dream Catcher":0,"Shuriken":[10],"MealTicket":0,"HandDrill":[28],"Chemical X":[1],"obtain_stats":[{"ReplayFunnel":9,"Ice Cream":43,"Replay:Accelerometer":24,"Lantern":3,"Regal Pillow":27,"Blue Doll":10,"downfall:HeartBlessingGreen":30,"testmod-CasingShield":46,"ClockworkSouvenir":55,"Blood Vial":50,"testmod-Brilliant":0,"Replay:Ringing Soul":25,"Replay:Bandana":10,"Dream Catcher":25,"HornCleat":29,"downfall:HeartBlessingBlue":11,"MealTicket":46,"HandDrill":10,"testmod-DeterminationOfClimber":17,"Chemical X":25,"hexamod:SpiritBrand":0,"bronze:DonusWashers":22,"testmod-TestBox":0,"downfall:HeartBlessingRed":13,"Blue Candle":18,"bronze:DecasWashers":55,"Eternal Feather":27,"Pen Nib":21,"Replay:WaspNest":23,"War Paint":50,"Medical Kit":3,"testmod-IndustrialRevolution":9,"bronze:BronzeIdol":22,"hexamod:MatchstickCase":54,"Du-Vu Doll":45,"Strange Spoon":9,"Replay:Baseball":12,"Shuriken":55,"Snack Pack":22,"Membership Card":27,"hexamod:BolsterEngine":3,"Mirror":42,"bronze:MakeshiftBattery":34,"ReplayTheSpireMod:ShopPack":50},{"ReplayFunnel":7,"Ice Cream":25,"Replay:Accelerometer":15,"Lantern":2,"Regal Pillow":16,"Blue Doll":8,"downfall:HeartBlessingGreen":18,"testmod-CasingShield":26,"ClockworkSouvenir":31,"Blood Vial":28,"testmod-Brilliant":0,"Replay:Ringing Soul":15,"Replay:Bandana":8,"Dream Catcher":15,"HornCleat":18,"downfall:HeartBlessingBlue":8,"MealTicket":26,"HandDrill":8,"testmod-DeterminationOfClimber":12,"Chemical X":15,"hexamod:SpiritBrand":0,"bronze:DonusWashers":14,"testmod-TestBox":0,"downfall:HeartBlessingRed":9,"Blue Candle":12,"bronze:DecasWashers":31,"Eternal Feather":16,"Pen Nib":14,"Replay:WaspNest":15,"War Paint":28,"Medical Kit":2,"testmod-IndustrialRevolution":7,"bronze:BronzeIdol":14,"hexamod:MatchstickCase":31,"Du-Vu Doll":26,"Strange Spoon":7,"Replay:Baseball":9,"Shuriken":31,"Snack Pack":14,"Membership Card":16,"hexamod:BolsterEngine":2,"Mirror":25,"bronze:MakeshiftBattery":21,"ReplayTheSpireMod:ShopPack":28},{"ReplayFunnel":15,"Ice Cream":36,"Replay:Accelerometer":23,"Lantern":7,"Regal Pillow":24,"Blue Doll":16,"downfall:HeartBlessingGreen":26,"testmod-CasingShield":37,"ClockworkSouvenir":56,"Blood Vial":46,"testmod-Brilliant":0,"Replay:Ringing Soul":23,"Replay:Bandana":16,"Dream Catcher":23,"HornCleat":26,"downfall:HeartBlessingBlue":16,"MealTicket":37,"HandDrill":16,"testmod-DeterminationOfClimber":20,"Chemical X":23,"hexamod:SpiritBrand":0,"bronze:DonusWashers":22,"testmod-TestBox":0,"downfall:HeartBlessingRed":17,"Blue Candle":20,"bronze:DecasWashers":56,"Eternal Feather":24,"Pen Nib":22,"Replay:WaspNest":23,"War Paint":46,"Medical Kit":7,"testmod-IndustrialRevolution":15,"bronze:BronzeIdol":22,"hexamod:MatchstickCase":56,"Du-Vu Doll":37,"Strange Spoon":15,"Replay:Baseball":17,"Shuriken":56,"Snack Pack":22,"Membership Card":24,"hexamod:BolsterEngine":7,"Mirror":36,"bronze:MakeshiftBattery":32,"ReplayTheSpireMod:ShopPack":46}]},"card_choices":[{"not_picked":["hexamod:GhostShield","hexamod:NightmareGuise"],"picked":"hexamod:GhostOfSpireFuture","floor":2},{"not_picked":["hexamod:SoulSteal","hexamod:Hexaguard"],"picked":"hexamod:Rewind","floor":3},{"not_picked":["hexamod:AdvancingGuard","hexamod:GhostShield"],"picked":"hexamod:EmpoweredFlame","floor":4},{"not_picked":["hexamod:GhostOfSpireFuture","hexamod:HauntingEcho","hexamod:ShieldOfDarkness"],"picked":"SKIP","floor":5},{"not_picked":["hexamod:NightmareGuise","hexamod:BacktrackSmack"],"picked":"hexamod:StepThrough","floor":6},{"not_picked":["hexamod:ThermalTransfer","hexamod:EmpoweredFlame"],"picked":"hexamod:TimeWarp","floor":8},{"not_picked":["hexamod:SpectralAdrenaline","hexamod:GhostLash"],"picked":"hexamod:FirstSeal","floor":9},{"not_picked":["hexamod:EmpoweredFlame","hexamod:SwordOfDarkness"],"picked":"hexamod:SecondSeal","floor":10},{"not_picked":["hexamod:SpectralAdrenaline","hexamod:RadiantFlame","hexamod:RainOfEmbers"],"picked":"SKIP","floor":12},{"not_picked":["hexamod:PhantomCloak","hexamod:GhostShield","hexamod:SpectersWail"],"picked":"SKIP","floor":14},{"not_picked":["hexamod:BacktrackSmack","hexamod:SecondSeal","hexamod:ShieldOfDarkness"],"picked":"SKIP","floor":15},{"not_picked":["hexamod:TurnItUp","hexamod:GhostOfSpirePresent"],"picked":"hexamod:ApocalypticArmor","floor":16},{"not_picked":["hexamod:AdvancingGuard","hexamod:SpectersWail","hexamod:NightmareGuise"],"picked":"SKIP","floor":19},{"not_picked":["hexamod:SwordOfDarkness","hexamod:HauntingEcho+1"],"picked":"hexamod:SkipABeat+1","floor":20},{"not_picked":["hexamod:GhostLash","hexamod:NightmareGuise"],"picked":"hexamod:PowerFromBeyond","floor":21},{"not_picked":["hexamod:GhostOfSpirePast","hexamod:Hexaguard+1","hexamod:FastForward"],"picked":"SKIP","floor":23},{"not_picked":["hexamod:Toasty","hexamod:GhostOfSpirePast"],"picked":"hexamod:SpectersWail","floor":26},{"not_picked":["hexamod:GhostLash","hexamod:NightmareGuise+1","hexamod:CatchUp"],"picked":"SKIP","floor":28},{"not_picked":["hexamod:SpectralAdrenaline","hexamod:FifthSeal"],"picked":"hexamod:Hexaguard","floor":29},{"not_picked":["hexamod:ThermalTransfer","hexamod:FourthSeal","hexamod:AdvancingGuard+1"],"picked":"SKIP","floor":31},{"not_picked":["hexamod:FourthSeal","hexamod:HeatMetal","hexamod:GhostflameBarrier+1"],"picked":"SKIP","floor":32},{"not_picked":["hexamod:GhostOfSpirePresent","hexamod:VolcanoVisage"],"picked":"hexamod:GiftsFromTheDead","floor":33},{"not_picked":["hexamod:Firestarter","hexamod:FirstSeal"],"picked":"hexamod:NightmareStrike+1","floor":36},{"not_picked":["hexamod:SuperheatedStrike","hexamod:BurningTouch+1","hexamod:ShieldOfDarkness"],"picked":"SKIP","floor":37},{"not_picked":["hexamod:SwordOfDarkness","hexamod:InspiringFlames+1","hexamod:HeatShield+1"],"picked":"SKIP","floor":38},{"not_picked":["hexamod:SpectersWail+1","hexamod:SwordOfDarkness"],"picked":"hexamod:VolcanoVisage","floor":42},{"not_picked":["hexamod:ThermalTransfer","hexamod:GhostOfSpireFuture+1"],"picked":"hexamod:PowerFromBeyond+1","floor":44},{"not_picked":["hexamod:SpectersWail+1","hexamod:NightmareGuise","hexamod:BacktrackSmack"],"picked":"SKIP","floor":47},{"not_picked":["hexamod:FastForward+1","hexamod:SpectersWail+1","hexamod:NightmareStrike+1"],"picked":"SKIP","floor":49},{"not_picked":["testmod-RepeatForm","testmod-Illusory"],"picked":"Secret Weapon","floor":50},{"not_picked":["testmod-VirtualReality","Replay:BasicMightCard"],"picked":"Dark Shackles","floor":50},{"not_picked":["hexamod:Again+1","hexamod:HauntingEcho+1"],"picked":"hexamod:UnleashSpirits","floor":51},{"not_picked":["hexamod:SoulSteal","hexamod:NightmareStrike","hexamod:HauntingEcho"],"picked":"SKIP","floor":54}],"player_experience":106285,"relics_obtained":[{"floor":12,"key":"Replay:Baseball"},{"floor":21,"key":"Pen Nib"},{"floor":23,"key":"Replay:WaspNest"},{"floor":24,"key":"Replay:Accelerometer"},{"floor":29,"key":"HornCleat"},{"floor":42,"key":"Mirror"},{"floor":43,"key":"Ice Cream"},{"floor":54,"key":"hexamod:MatchstickCase"}],"event_choices":[],"is_beta":false,"boss_relics":[{"not_picked":["ReplayTheSpireMod:DimensionalGlitch","testmod-Recursion"],"picked":"testmod-DeterminationOfClimber"},{"not_picked":["testmod-NegativeEmotionEnhancer","Honey Jar"],"picked":"bronze:MakeshiftBattery"}],"items_purged_floors":[3,9,10,22,25,27,46,50,55],"is_endless":false,"potions_floor_spawned":[2,12,14,15,16,19,23,28,32,38,49,51],"ascension_level":4}}