{"host":"qxeepl7ydvsgmfdb","time":1613577680,"event":{"mods":["AchievementEnabler","BaseMod","Colored Powertips","Minty Spire (QoL Compilation)","Quick Restart","slay the spire mod where everything is the same but ironclad has a cowboy hat"],"gold_per_floor":[118,118,43,43,43,43,77,77,77,106,118,132,152,178,178,281,281,264,299,299,318,318,343,361,371,452,467,467,485,513,523,523,523,523],"floor_reached":33,"language":"ENG","playtime":929,"items_purged":["Regret"],"score":446,"play_id":"8160d0a3-f06f-474d-8276-a3c987137d3a","local_time":"20210217110120","is_ascension_mode":true,"campfire_choices":[{"data":"Ball Lightning","floor":6,"key":"SMITH"},{"floor":15,"key":"REST"},{"floor":28,"key":"REST"},{"floor":32,"key":"REST"}],"circlet_count":0,"master_deck":["Strike_B+1","Strike_B","Strike_B+1","Defend_B","Defend_B","Defend_B","Defend_B","Zap+1","Dualcast","Ball Lightning+1","Darkness","Cold Snap","Genetic Algorithm","Coolheaded","Redo+1","Rip and Tear","Darkness","Chaos","Electrodynamics"],"relics":["Cracked Core","NeowsBlessing","Bronze Scales","Boot","Bottled Flame","Dead Branch","Meat on the Bone","Busted Crown","Red Mask","Shuriken","The Courier","Dream Catcher"],"acts_visited":["Exordium","TheCity"],"potions_floor_usage":[16,19,19,25,33],"damage_taken":[{"damage":0,"enemies":"Small Slimes","floor":1,"turns":1},{"damage":0,"enemies":"3 Sentries","floor":7,"turns":1},{"damage":0,"enemies":"Lagavulin","floor":10,"turns":1},{"damage":7,"enemies":"Jaw Worm","floor":11,"turns":2},{"damage":0,"enemies":"2 Louse","floor":12,"turns":1},{"damage":11,"enemies":"Exordium Thugs","floor":13,"turns":2},{"damage":27,"enemies":"3 Sentries","floor":14,"turns":5},{"damage":18,"enemies":"The Guardian","floor":16,"turns":11},{"damage":28,"enemies":"2 Thieves","floor":18,"turns":4},{"damage":10,"enemies":"Masked Bandits","floor":19,"turns":3},{"damage":15,"enemies":"Shell Parasite","floor":21,"turns":4},{"damage":24,"enemies":"Slavers","floor":23,"turns":5},{"damage":0,"enemies":"Cultist and Chosen","floor":24,"turns":4},{"damage":9,"enemies":"Centurion and Healer","floor":25,"turns":6},{"damage":16,"enemies":"Snake Plant","floor":27,"turns":3},{"damage":25,"enemies":"Snecko","floor":29,"turns":4},{"damage":32,"enemies":"Book of Stabbing","floor":30,"turns":5},{"damage":14,"enemies":"Sentry and Sphere","floor":31,"turns":4},{"damage":78,"enemies":"Collector","floor":33,"turns":6}],"seed_played":"-5308985467858196638","potions_obtained":[{"floor":12,"key":"LiquidBronze"},{"floor":13,"key":"Strength Potion"},{"floor":18,"key":"AttackPotion"},{"floor":23,"key":"ColorlessPotion"},{"floor":31,"key":"DistilledChaos"}],"is_trial":false,"path_per_floor":["M","?","$","?","?","R","E","$","T","E","M","M","M","E","R","B",null,"M","?","?","M","?","E","M","M","T","M","R","M","E","M","R","B"],"character_chosen":"DEFECT","items_purchased":[],"campfire_rested":3,"item_purchase_floors":[],"current_hp_per_floor":[75,75,75,60,60,60,60,60,60,60,53,53,42,15,37,31,64,48,38,38,35,35,23,35,38,38,34,56,43,23,21,43,0,0],"gold":523,"neow_bonus":"THREE_ENEMY_KILL","is_daily":false,"chose_seed":false,"campfire_upgraded":1,"win_rate":0.0,"timestamp":1613577680,"path_taken":["M","?","$","?","?","R","E","$","T","E","M","M","M","E","R","BOSS","M","?","?","?","?","E","M","M","T","M","R","M","E","M","R","BOSS"],"items_purchased_type":[],"build_version":"2020-12-22","purchased_purges":1,"victory":false,"max_hp_per_floor":[75,75,75,75,75,75,75,75,75,75,75,75,75,75,75,75,75,75,75,75,75,75,75,75,75,75,75,75,75,75,75,75,75,75],"card_choices":[{"not_picked":["Coolheaded","Hello World"],"picked":"Ball Lightning","floor":1},{"not_picked":["Coolheaded","Fission","Rebound"],"picked":"SKIP","floor":7},{"not_picked":["Gash","Double Energy"],"picked":"Darkness","floor":10},{"not_picked":["Streamline","Gash"],"picked":"Cold Snap","floor":11},{"not_picked":["Rip and Tear","Storm"],"picked":"Genetic Algorithm","floor":12},{"not_picked":["Rebound","Blizzard"],"picked":"Coolheaded","floor":13},{"not_picked":["Recycle","Auto Shields"],"picked":"Redo","floor":14},{"not_picked":["Rip and Tear+1"],"picked":"SKIP","floor":18},{"not_picked":["Streamline"],"picked":"SKIP","floor":21},{"not_picked":[],"picked":"Darkness","floor":23},{"not_picked":["Scrape"],"picked":"SKIP","floor":24},{"not_picked":[],"picked":"Chaos","floor":25},{"not_picked":["Streamline"],"picked":"SKIP","floor":27},{"not_picked":["Heatsinks+1"],"picked":"SKIP","floor":29},{"not_picked":["Go for the Eyes+1"],"picked":"SKIP","floor":30},{"not_picked":["Compile Driver"],"picked":"SKIP","floor":31},{"not_picked":[],"picked":"Electrodynamics","floor":32}],"player_experience":163516,"relics_obtained":[{"floor":7,"key":"Boot"},{"floor":9,"key":"Bottled Flame"},{"floor":10,"key":"Dead Branch"},{"floor":14,"key":"Meat on the Bone"},{"floor":19,"key":"Red Mask"},{"floor":23,"key":"Shuriken"},{"floor":26,"key":"The Courier"},{"floor":30,"key":"Dream Catcher"}],"event_choices":[{"damage_healed":0,"gold_gain":0,"player_choice":"Box","damage_taken":0,"relics_obtained":["Bronze Scales"],"max_hp_gain":0,"max_hp_loss":0,"event_name":"Big Fish","floor":2,"gold_loss":0,"cards_obtained":["Regret"]},{"damage_healed":0,"gold_gain":0,"player_choice":"Entered Light","damage_taken":15,"max_hp_gain":0,"max_hp_loss":0,"event_name":"Shining Light","floor":4,"gold_loss":0,"cards_upgraded":["Strike_B","Strike_B"]},{"damage_healed":0,"gold_gain":0,"player_choice":"Upgraded","damage_taken":0,"max_hp_gain":0,"max_hp_loss":0,"event_name":"Upgrade Shrine","floor":5,"gold_loss":0,"cards_upgraded":["Zap"]},{"damage_healed":0,"gold_gain":0,"player_choice":"Fought Bandits","damage_taken":0,"max_hp_gain":0,"max_hp_loss":0,"event_name":"Masked Bandits","floor":19,"gold_loss":0},{"damage_healed":0,"gold_gain":0,"cards_transformed":["Strike_B"],"player_choice":"Transformed","damage_taken":0,"max_hp_gain":0,"max_hp_loss":0,"event_name":"Transmorgrifier","floor":20,"gold_loss":0,"cards_obtained":["Rip and Tear"]},{"damage_healed":0,"gold_gain":0,"player_choice":"Forge","damage_taken":0,"max_hp_gain":0,"max_hp_loss":0,"event_name":"Accursed Blacksmith","floor":22,"gold_loss":0,"cards_upgraded":["Redo"]}],"is_beta":false,"boss_relics":[{"not_picked":["Philosopher\u0027s Stone","Runic Pyramid"],"picked":"Busted Crown"}],"items_purged_floors":[3],"is_endless":false,"potions_floor_spawned":[12,13,18,23,31],"killed_by":"Collector","ascension_level":5}}