{"host":"s509oin3ptw7n5v1","time":1613538129,"event":{"mods":["2.2 Compatiblity","AchievementEnabler","BaseMod","Colored Map","Colored Powertips","Highlight Path","Minty Spire (QoL Compilation)","Rare Cards Sparkle","Relic Stats","Spicy Shops","StSLib"],"gold_per_floor":[119,119,133,145,161,188,188,188,243,278,278,53,53,65,65,142,142,160,14,31,43,43,43,62,77,77,94,94,94],"floor_reached":28,"language":"ENG","playtime":3296,"items_purged":[],"score":394,"play_id":"5e89e6a0-22f3-4102-9dfc-75c6f2627346","local_time":"20210217000209","is_ascension_mode":true,"campfire_choices":[{"floor":8.0,"key":"REST"},{"floor":11.0,"key":"REST"},{"data":"White Noise","floor":13.0,"key":"SMITH"},{"data":"Heatsinks","floor":15.0,"key":"SMITH"},{"floor":23.0,"key":"REST"}],"circlet_count":0,"master_deck":["AscendersBane","Strike_B+1","Strike_B","Strike_B+1","Strike_B","Defend_B","Defend_B","Defend_B","Defend_B","Zap","Dualcast","White Noise+1","Hologram","Leap","Conserve Battery","Electrodynamics","Heatsinks+1","Panache","Cold Snap","Meteor Strike","Streamline+1","Double Energy","Go for the Eyes","Turbo","Barrage","Hello World"],"relics":["Cracked Core","Whetstone","HornCleat","Bronze Scales","Blood Vial","Inserter","Membership Card","Smiling Mask","Mummified Hand"],"acts_visited":["Exordium","TheCity"],"potions_floor_usage":[],"damage_taken":[{"damage":4.0,"enemies":"Jaw Worm","floor":1.0,"turns":3.0},{"damage":1.0,"enemies":"Cultist","floor":3.0,"turns":3.0},{"damage":0.0,"enemies":"Small Slimes","floor":4.0,"turns":4.0},{"damage":10.0,"enemies":"3 Louse","floor":5.0,"turns":4.0},{"damage":21.0,"enemies":"Lagavulin","floor":6.0,"turns":9.0},{"damage":6.0,"enemies":"3 Sentries","floor":10.0,"turns":5.0},{"damage":0.0,"enemies":"2 Fungi Beasts","floor":14.0,"turns":2.0},{"damage":24.0,"enemies":"The Guardian","floor":16.0,"turns":10.0},{"damage":16.0,"enemies":"Chosen","floor":18.0,"turns":5.0},{"damage":10.0,"enemies":"2 Thieves","floor":20.0,"turns":4.0},{"damage":0.0,"enemies":"3 Cultists","floor":21.0,"turns":3.0},{"damage":24.0,"enemies":"Snake Plant","floor":24.0,"turns":2.0},{"damage":29,"enemies":"Shelled Parasite and Fungi","floor":25,"turns":6},{"damage":8,"enemies":"Snecko","floor":27,"turns":4},{"damage":19,"enemies":"Sentry and Sphere","floor":28,"turns":3}],"seed_played":"1616495262245554157","potions_obtained":[{"floor":1.0,"key":"EssenceOfDarkness"},{"floor":2.0,"key":"Strength Potion"},{"floor":6.0,"key":"FocusPotion"},{"floor":16.0,"key":"GamblersBrew"},{"floor":20.0,"key":"EssenceOfDarkness"},{"floor":27,"key":"SteroidPotion"}],"is_trial":false,"path_per_floor":["M","?","M","M","M","E","?","R","T","E","R","$","R","M","R","B",null,"M","$","M","M","?","R","M","M","T","M","M"],"character_chosen":"DEFECT","items_purchased":["Heatsinks","Panache","Membership Card"],"campfire_rested":3,"item_purchase_floors":[12,12,19],"current_hp_per_floor":[60,60,59,59,49,28,28,49,49,43,64,64,64,66,66,44,64,50,50,42,44,44,65,43,16,16,10,0,0],"gold":94,"neow_bonus":"RANDOM_COMMON_RELIC","is_daily":false,"chose_seed":false,"campfire_upgraded":2,"win_rate":0.0,"timestamp":1613538129,"path_taken":["M","?","M","?","M","E","?","R","T","E","R","$","R","M","R","BOSS","M","$","M","M","?","R","M","M","T","M","M"],"items_purchased_type":["Card","Card","Relic"],"build_version":"2020-12-22","purchased_purges":0,"victory":false,"max_hp_per_floor":[71,71,71,71,71,71,71,71,71,71,71,71,71,71,71,71,71,71,71,71,71,71,71,71,71,71,71,71,71],"relic_stats":{"Blood Vial":18,"Inserter":[13],"counters":[15,67],"Mummified Hand":[7],"Bronze Scales":[133],"Whetstone":["Strike_B","Strike_B"],"Smiling Mask":0,"obtain_stats":[{"Blood Vial":10,"HornCleat":6,"Inserter":17,"Mummified Hand":26,"Bronze Scales":7,"Whetstone":0,"Membership Card":19,"Cracked Core":0,"Smiling Mask":22},{"Blood Vial":6,"HornCleat":5,"Inserter":8,"Mummified Hand":13,"Bronze Scales":5,"Whetstone":0,"Membership Card":9,"Cracked Core":0,"Smiling Mask":11},{"Blood Vial":28,"HornCleat":23,"Inserter":40,"Mummified Hand":60,"Bronze Scales":23,"Whetstone":0,"Membership Card":45,"Cracked Core":0,"Smiling Mask":52}]},"card_choices":[{"not_picked":["Darkness","Coolheaded"],"picked":"White Noise","floor":1.0},{"not_picked":["Redo","Rebound"],"picked":"Hologram","floor":3.0},{"not_picked":["Chaos","Go for the Eyes"],"picked":"Leap","floor":4.0},{"not_picked":["Barrage","Loop"],"picked":"Coolheaded","floor":5.0},{"not_picked":["Rebound","Beam Cell"],"picked":"Conserve Battery","floor":6.0},{"not_picked":["Melter","Force Field"],"picked":"Electrodynamics","floor":10.0},{"not_picked":["Steam","Leap"],"picked":"Cold Snap","floor":14.0},{"not_picked":["Thunder Strike","Reboot"],"picked":"Meteor Strike","floor":16.0},{"not_picked":["Auto Shields","Hologram"],"picked":"Streamline+1","floor":18.0},{"not_picked":["Beam Cell","Hologram"],"picked":"Double Energy","floor":20.0},{"not_picked":["Streamline","Gash"],"picked":"Go for the Eyes","floor":21.0},{"not_picked":["Sweeping Beam","Barrage"],"picked":"Turbo","floor":24.0},{"not_picked":["Stack","Rainbow"],"picked":"Barrage","floor":25},{"not_picked":["Sweeping Beam","Beam Cell"],"picked":"Hello World","floor":27}],"player_experience":1204024,"relics_obtained":[{"floor":6.0,"key":"HornCleat"},{"floor":10.0,"key":"Blood Vial"},{"floor":26,"key":"Mummified Hand"}],"event_choices":[{"damage_healed":0.0,"max_hp_gain":0.0,"max_hp_loss":0.0,"gold_gain":0.0,"event_name":"Lab","player_choice":"Got Potions","floor":2.0,"gold_loss":0.0,"damage_taken":0.0},{"damage_healed":0.0,"max_hp_gain":0.0,"max_hp_loss":0.0,"gold_gain":0.0,"event_name":"Dead Adventurer","player_choice":"Searched \u00271\u0027 times","floor":7.0,"gold_loss":0.0,"damage_taken":0.0,"relics_obtained":["Bronze Scales"]},{"cards_removed":["Coolheaded"],"damage_healed":0.0,"max_hp_gain":0.0,"max_hp_loss":0.0,"gold_gain":0.0,"event_name":"WeMeetAgain","player_choice":"Gave Card","floor":22.0,"gold_loss":0.0,"damage_taken":0.0,"relics_obtained":["Smiling Mask"]}],"is_beta":false,"boss_relics":[{"not_picked":["SlaversCollar","Empty Cage"],"picked":"Inserter"}],"items_purged_floors":[],"is_endless":false,"potions_floor_spawned":[1,5,6,16,20,27],"killed_by":"Sentry and Sphere","ascension_level":14}}