{"host":"xumidyqji6pg2yy3","time":1613583522,"event":{"mods":["ATMod(阿瑾Mod)","BaseMod","Colored Map","Minty Spire (QoL Compilation)","MostiFishMod","Quick Restart","StSLib","[功能]功能增强和修复MOD"],"gold_per_floor":[115,115,115,49,63,63,81,81,81,111,131,157,157,190,190,294,294,311,251,268,253,265,296,296,324,324,344,344,374,202,212,212,309,309,327,124,160,296,296,647,647,803,856,915,960,960,1017,1017,1017,1142,1142,1142,781,858,883],"floor_reached":56,"language":"ZHS","playtime":2688,"items_purged":["Regret","Strike_B","Strike_B","Defend_B","Strike_B","Defend_B","Dualcast","Hello World","Redo","Ball Lightning","Defend_B","Defend_B","AT_ThunderBolt+1","Hologram","Coolheaded+1"],"score":2117,"play_id":"cf7e4326-58a2-4345-91bb-76961d727a59","local_time":"20210218013842","is_ascension_mode":true,"campfire_choices":[{"data":"AT_ThunderBolt","floor":6.0,"key":"SMITH"},{"data":"Redo","floor":8.0,"key":"SMITH"},{"data":"MostiFishMod:Prepare","floor":13.0,"key":"SMITH"},{"data":"Zap","floor":15.0,"key":"SMITH"},{"data":"Fission","floor":24.0,"key":"SMITH"},{"data":"Skim","floor":28.0,"key":"SMITH"},{"data":"AT_ThunderBolt","floor":32.0,"key":"SMITH"},{"data":"MostiFishMod:ReadyAimFire","floor":41,"key":"SMITH"},{"floor":46,"key":"RECALL"}],"circlet_count":0,"master_deck":["Zap+1","AT_ThunderBolt+1","Redo+1","Skim+1","MostiFishMod:Prepare+1","Fission+1","MostiFishMod:ReadyAimFire+1","AT_DarkMatter+1"],"relics":["AT_ATBox","DaveBox","Civilization","Coffee Dripper","SynthV:TestCard","Tiny Chest","AT_GoldPhoenixTree","Eternal Feather","Bottled Tornado","Omamori","Black Star","Incense Burner","Letter Opener","Darkstone Periapt","Potion Belt","ImprovedEquipment","AT_BellDemon","Pantograph","Gambling Chip","SynthV:C4","Meat on the Bone","Busted Crown","HornCleat","AT_MibuBalloonWealth","Bag of Preparation","AT_BellowingDragoncrestRing","Strawberry","Old Coin","AT_PhaseBoots","Regal Pillow","AT_ImmortalShieldbow","AT_RedTearstoneRing","Frozen Egg 2","AT_Kusabimaru","Thread and Needle","Vajra","Torii","AT_EbonyIvory","Whetstone","ThornShield","Dodecahedron","SentryEyes","Gremlin Horn","Bronze Scales","Orichalcum","AT_TimeSand"],"acts_visited":["Exordium","TheCity","TheBeyond","TheEnding"],"potions_floor_usage":[55,55,55,55],"damage_taken":[{"damage":8.0,"enemies":"Small Slimes","floor":1.0,"turns":3.0},{"damage":0.0,"enemies":"Jaw Worm","floor":5.0,"turns":3.0},{"damage":0.0,"enemies":"Cultist","floor":7.0,"turns":2.0},{"damage":0.0,"enemies":"3 Sentries","floor":10.0,"turns":5.0},{"damage":0.0,"enemies":"2 Fungi Beasts","floor":11.0,"turns":3.0},{"damage":0.0,"enemies":"Lagavulin","floor":12.0,"turns":3.0},{"damage":0.0,"enemies":"3 Sentries","floor":14.0,"turns":5.0},{"damage":0.0,"enemies":"Hexaghost","floor":16.0,"turns":3.0},{"damage":0.0,"enemies":"3 Byrds","floor":18.0,"turns":3.0},{"damage":0.0,"enemies":"Shell Parasite","floor":20.0,"turns":2.0},{"damage":0.0,"enemies":"Sentry and Sphere","floor":22.0,"turns":1.0},{"damage":0.0,"enemies":"Book of Stabbing","floor":23.0,"turns":1.0},{"damage":0.0,"enemies":"Gremlin Leader","floor":25.0,"turns":1.0},{"damage":0.0,"enemies":"Snake Plant","floor":27.0,"turns":1.0},{"damage":0.0,"enemies":"Book of Stabbing","floor":29.0,"turns":1.0},{"damage":0.0,"enemies":"Centurion and Healer","floor":31.0,"turns":1.0},{"damage":0.0,"enemies":"Automaton","floor":33.0,"turns":1.0},{"damage":0.0,"enemies":"3 Shapes","floor":35.0,"turns":1.0},{"damage":0,"enemies":"Orb Walker","floor":37,"turns":1},{"damage":0,"enemies":"3 Darklings","floor":38,"turns":1},{"damage":0,"enemies":"Giant Head","floor":40,"turns":1},{"damage":0,"enemies":"Reptomancer","floor":42,"turns":4},{"damage":0,"enemies":"Nemesis","floor":44,"turns":2},{"damage":0,"enemies":"Maw","floor":45,"turns":4},{"damage":0,"enemies":"Giant Head","floor":47,"turns":1},{"damage":0,"enemies":"Awakened One","floor":50,"turns":3},{"damage":0,"enemies":"Shield and Spear","floor":54,"turns":1},{"damage":0,"enemies":"The Heart","floor":55,"turns":3}],"seed_played":"3665715065644338628","potions_obtained":[{"floor":1.0,"key":"DistilledChaos"},{"floor":1.0,"key":"Fire Potion"},{"floor":5.0,"key":"SmokeBomb"},{"floor":12.0,"key":"ColorlessPotion"},{"floor":16.0,"key":"PowerPotion"},{"floor":22.0,"key":"DistilledChaos"},{"floor":27.0,"key":"PowerPotion"},{"floor":27.0,"key":"FocusPotion"},{"floor":27.0,"key":"SkillPotion"}],"is_trial":false,"path_per_floor":["M","?","?","$","M","R","M","R","T","E","M","E","R","E","R","B",null,"M","?","M","$","M","E","R","E","T","M","R","E","$","M","R","B",null,"M","$","M","M","?","E","R","E","T","E","M","R","E","?","R","B",null,"R","$","E","B",null],"character_chosen":"DEFECT","items_purchased":["Lockon","Gambling Chip","AT_MibuBalloonWealth","AT_ThreeBodyProblem","Bag of Preparation","Dodecahedron","SentryEyes","Gremlin Horn"],"campfire_rested":0,"item_purchase_floors":[4,30,36,36,36,53,53,53],"current_hp_per_floor":[69,62,62,62,65,65,69,69,69,74,79,84,90,95,101,106,109,114,114,119,119,124,129,129,134,134,139,139,144,144,149,149,154,154,159,159,164,176,176,181,181,186,186,191,196,196,201,201,201,206,206,206,206,211,216],"gold":883,"neow_bonus":"BOSS_RELIC","is_daily":false,"chose_seed":false,"campfire_upgraded":8,"win_rate":0.0,"timestamp":1613583522,"path_taken":["M","?","?","$","M","R","M","R","T","E","M","E","R","E","R","BOSS","M","?","M","$","M","E","R","E","T","M","R","E","$","M","R","BOSS","M","$","M","M","?","E","R","E","T","E","M","R","E","?","R","BOSS","R","$","E","BOSS"],"items_purchased_type":["Card","Relic","Relic","Card","Relic","Relic","Relic","Relic"],"build_version":"2020-12-22","purchased_purges":15,"victory":true,"max_hp_per_floor":[77,77,77,77,80,80,84,84,84,89,94,99,99,104,104,109,109,114,114,119,119,124,129,129,134,134,139,139,144,144,149,149,154,154,159,159,164,176,176,181,181,186,186,191,196,196,201,201,201,206,206,206,206,211,216],"card_choices":[{"not_picked":["Conserve Battery","Gash"],"picked":"Redo","floor":1.0},{"not_picked":["Leap","Self Repair","MostiFishMod:IceShield","Sweeping Beam"],"picked":"Redo","floor":5.0},{"not_picked":["Go for the Eyes","Leap","Blizzard","Rebound"],"picked":"Skim","floor":7.0},{"not_picked":["Genetic Algorithm","Turbo","Stack","Auto Shields"],"picked":"MostiFishMod:Prepare","floor":10.0},{"not_picked":["Consume","Redo","Sweeping Beam","Beam Cell"],"picked":"Hologram","floor":11.0},{"not_picked":["BootSequence","Redo","Meteor Strike","Chill","Consume"],"picked":"SKIP","floor":12.0},{"not_picked":["Leap","AT_RobotInSpace","Barrage","Stack","Aggregate"],"picked":"SKIP","floor":14.0},{"not_picked":["MostiFishMod:Nova","MostiFishMod:ReadyAimFire","Thunder Strike","AT_RightCognition"],"picked":"MostiFishMod:ActiveDefenseSystem","floor":16.0},{"not_picked":["White Noise","Streamline","Steam","Compile Driver"],"picked":"Ball Lightning","floor":18.0},{"not_picked":["Heatsinks","Gash","AT_HeatAcrobatics","Defragment+1","Hologram"],"picked":"SKIP","floor":20.0},{"not_picked":["MostiFishMod:FluxCapactior","MostiFishMod:InterfaceCompatibility","Streamline","Compile Driver","Heatsinks+1"],"picked":"SKIP","floor":22.0},{"not_picked":["MostiFishMod:FluxCapactior","Barrage","Static Discharge","AT_StudyProgram","Hologram"],"picked":"SKIP","floor":23.0},{"not_picked":["Stack","MostiFishMod:FluxCapactior","Skim+1","Melter","Beam Cell"],"picked":"SKIP","floor":25.0},{"not_picked":["Aggregate+1","Skim","Genetic Algorithm","Beam Cell","Coolheaded+1"],"picked":"SKIP","floor":27.0},{"not_picked":["Aggregate+1","Skim","Genetic Algorithm","Beam Cell"],"picked":"Coolheaded+1","floor":27.0},{"not_picked":["Redo","Streamline","MostiFishMod:LinkProtocol","Gash","MostiFishMod:Distribution"],"picked":"SKIP","floor":29.0},{"not_picked":["Gash","Leap","Beam Cell","Blizzard"],"picked":"AT_ThunderBolt","floor":31.0},{"not_picked":["MostiFishMod:TalkingToTheRain","Multi-Cast","Rainbow","Creative AI"],"picked":"MostiFishMod:ReadyAimFire","floor":33.0},{"not_picked":["Blizzard","Redo+1","Streamline"],"picked":"SKIP","floor":35.0},{"not_picked":["Cold Snap","Sweeping Beam","Gash+1"],"picked":"SKIP","floor":37},{"not_picked":["MostiFishMod:StarOceanB","Coolheaded","Conserve Battery+1"],"picked":"SKIP","floor":38},{"not_picked":["Chaos+1","Go for the Eyes+1","Loop"],"picked":"SKIP","floor":40},{"not_picked":["Barrage","Biased Cognition+1","MostiFishMod:PushDownKick"],"picked":"SKIP","floor":42},{"not_picked":["Melter+1","Blizzard+1"],"picked":"AT_DarkMatter+1","floor":44},{"not_picked":["AT_StudyProgram+1","MostiFishMod:IceShield","Beam Cell+1"],"picked":"SKIP","floor":45},{"not_picked":["Sunder","Heatsinks+1","Stack"],"picked":"SKIP","floor":47},{"not_picked":["Conserve Battery","FTL","Steam+1"],"picked":"SKIP","floor":54}],"player_experience":62021,"relics_obtained":[{"floor":1.0,"key":"SynthV:TestCard"},{"floor":9.0,"key":"AT_GoldPhoenixTree"},{"floor":10.0,"key":"Eternal Feather"},{"floor":12.0,"key":"Bottled Tornado"},{"floor":14.0,"key":"Omamori"},{"floor":23.0,"key":"Incense Burner"},{"floor":23.0,"key":"Letter Opener"},{"floor":25.0,"key":"Darkstone Periapt"},{"floor":25.0,"key":"Potion Belt"},{"floor":26.0,"key":"ImprovedEquipment"},{"floor":29.0,"key":"AT_BellDemon"},{"floor":29.0,"key":"Pantograph"},{"floor":31.0,"key":"SynthV:C4"},{"floor":33.0,"key":"Meat on the Bone"},{"floor":35.0,"key":"HornCleat"},{"floor":37,"key":"AT_BellowingDragoncrestRing"},{"floor":38,"key":"Strawberry"},{"floor":40,"key":"Old Coin"},{"floor":40,"key":"AT_SpeedBoots"},{"floor":40,"key":"Regal Pillow"},{"floor":42,"key":"AT_ImmortalShieldbow"},{"floor":42,"key":"AT_RedTearstoneRing"},{"floor":42,"key":"Frozen Egg 2"},{"floor":44,"key":"AT_Kusabimaru"},{"floor":44,"key":"Thread and Needle"},{"floor":44,"key":"Vajra"},{"floor":45,"key":"Torii"},{"floor":47,"key":"AT_EbonyIvory"},{"floor":47,"key":"Whetstone"},{"floor":47,"key":"ThornShield"},{"floor":54,"key":"Bronze Scales"},{"floor":54,"key":"Orichalcum"},{"floor":54,"key":"AT_TimeSand"}],"event_choices":[{"cards_removed":["Strike_B"],"damage_healed":0.0,"max_hp_gain":0.0,"max_hp_loss":0.0,"gold_gain":0.0,"event_name":"Golden Wing","player_choice":"Card Removal","floor":2.0,"gold_loss":0.0,"damage_taken":7.0},{"damage_healed":0.0,"max_hp_gain":0.0,"max_hp_loss":0.0,"gold_gain":0.0,"event_name":"Big Fish","player_choice":"Box","floor":3.0,"gold_loss":0.0,"damage_taken":0.0,"relics_obtained":["Tiny Chest"],"cards_obtained":["Regret"]},{"damage_healed":0.0,"max_hp_gain":0.0,"max_hp_loss":0.0,"gold_gain":0.0,"cards_transformed":["MostiFishMod:ActiveDefenseSystem","Lockon"],"event_name":"Designer","player_choice":"Transformed Cards","floor":19.0,"gold_loss":60.0,"damage_taken":0.0,"cards_obtained":["Hello World","Fission"]},{"cards_removed":["AT_ThreeBodyProblem"],"damage_healed":0,"gold_gain":0,"player_choice":"Removed Power","damage_taken":0,"max_hp_gain":0,"max_hp_loss":0,"event_name":"Falling","floor":39,"gold_loss":0},{"damage_healed":0,"gold_gain":0,"player_choice":"Ignored","damage_taken":0,"max_hp_gain":0,"max_hp_loss":0,"event_name":"Tomb of Lord Red Mask","floor":48,"gold_loss":0}],"is_beta":false,"boss_relics":[{"not_picked":["Inserter","Astrolabe"],"picked":"Black Star"},{"not_picked":["MoonlightInvasionPlan","FixedStarFall"],"picked":"Busted Crown"}],"items_purged_floors":[4,4,4,4,4,21,21,21,30,30,30,30,36,36,36],"is_endless":false,"potions_floor_spawned":[1,1,5,10,12,12,16,20,22,22,27,27,27,31,33,35,37,40,44,45,47,54,54],"ascension_level":1}}