{"host":"8iprjuzow65cevwy","time":1613579587,"event":{"mods":["BaseMod","Colored Map","Highlight Path","Minty Spire (QoL Compilation)","Permanent Neow"],"gold_per_floor":[117,129,48,67,82,82,102,134,134,134,154,172,202,214,214,310,310,327,340,340,354,372,372,471,471,471,471,496,515,515,515,515,515,515],"floor_reached":33,"language":"ENG","playtime":7344,"items_purged":[],"score":393,"play_id":"5b85e2e8-6f86-4795-b80f-93b6a35fa5cf","local_time":"20210217173307","is_ascension_mode":true,"campfire_choices":[{"data":"True Grit","floor":6,"key":"SMITH"},{"data":"Pommel Strike","floor":10,"key":"SMITH"},{"data":"Immolate","floor":15,"key":"SMITH"},{"data":"Spot Weakness","floor":23,"key":"SMITH"},{"data":"Sword Boomerang","floor":25,"key":"SMITH"},{"floor":30,"key":"REST"},{"data":"Shockwave","floor":32,"key":"SMITH"}],"circlet_count":0,"master_deck":["Strike_R","Strike_R","Strike_R","Defend_R","Defend_R","Defend_R+1","Defend_R","Bash","Spot Weakness+1","Immolate+1","Cleave","Carnage","Uppercut","True Grit+1","Ghostly Armor+1","Iron Wave","Headbutt","Pommel Strike+1","Shockwave+1","Shrug It Off","Thunderclap","Reaper","Feel No Pain","Sword Boomerang+1","Rage+1","Battle Trance","Heavy Blade+1","Iron Wave+1"],"relics":["Burning Blood","War Paint","Paper Frog","Tiny Chest","Philosopher\u0027s Stone","InkBottle","Self Forming Clay"],"acts_visited":["Exordium","TheCity"],"potions_floor_usage":[8,13,16,21],"damage_taken":[{"damage":1,"enemies":"Cultist","floor":1,"turns":3},{"damage":0,"enemies":"2 Louse","floor":2,"turns":1},{"damage":7,"enemies":"Jaw Worm","floor":4,"turns":4},{"damage":7,"enemies":"2 Fungi Beasts","floor":5,"turns":4},{"damage":3,"enemies":"Blue Slaver","floor":7,"turns":3},{"damage":6,"enemies":"Gremlin Nob","floor":8,"turns":3},{"damage":6,"enemies":"Gremlin Gang","floor":11,"turns":2},{"damage":0,"enemies":"2 Fungi Beasts","floor":12,"turns":2},{"damage":7,"enemies":"Lagavulin","floor":13,"turns":6},{"damage":9,"enemies":"Blue Slaver","floor":14,"turns":2},{"damage":43,"enemies":"Hexaghost","floor":16,"turns":8},{"damage":5,"enemies":"3 Byrds","floor":18,"turns":2},{"damage":25,"enemies":"Spheric Guardian","floor":19,"turns":5},{"damage":20,"enemies":"Shelled Parasite and Fungi","floor":21,"turns":4},{"damage":10,"enemies":"Centurion and Healer","floor":22,"turns":4},{"damage":17,"enemies":"Book of Stabbing","floor":28,"turns":4},{"damage":25,"enemies":"3 Cultists","floor":29,"turns":4},{"damage":70,"enemies":"Champ","floor":33,"turns":10}],"seed_played":"9201385304153248563","potions_obtained":[{"floor":4,"key":"BlessingOfTheForge"},{"floor":5,"key":"Energy Potion"},{"floor":12,"key":"SpeedPotion"},{"floor":14,"key":"CultistPotion"},{"floor":21,"key":"Fruit Juice"},{"floor":28,"key":"Block Potion"}],"is_trial":false,"path_per_floor":["M","M","$","M","M","R","M","E","T","R","M","M","E","M","R","B",null,"M","M","?","M","M","R","?","R","T","?","E","M","R","T","R","B"],"character_chosen":"IRONCLAD","items_purchased":["Uppercut","True Grit"],"campfire_rested":1,"item_purchase_floors":[3,3],"current_hp_per_floor":[72,72,72,71,70,70,72,72,72,72,72,72,71,68,68,31,62,63,51,38,51,61,61,61,61,61,61,50,45,69,69,69,0,0],"gold":515,"neow_bonus":"TRANSFORM_TWO_CARDS","is_daily":false,"chose_seed":false,"campfire_upgraded":6,"win_rate":0.0,"timestamp":1613579587,"path_taken":["M","?","?","M","M","R","M","E","T","R","M","M","E","M","R","BOSS","M","M","?","M","M","R","?","R","T","?","E","M","R","?","R","BOSS"],"items_purchased_type":["Card","Card"],"build_version":"2020-12-22","purchased_purges":0,"victory":false,"max_hp_per_floor":[72,72,72,72,72,72,72,72,72,72,72,72,72,72,72,72,72,72,72,77,82,82,82,82,82,82,82,82,82,82,82,82,82,82],"card_choices":[{"not_picked":["Warcry","Seeing Red"],"picked":"Cleave","floor":1},{"not_picked":["Clothesline","Clash"],"picked":"Carnage","floor":2},{"not_picked":["Clothesline","Clash"],"picked":"Ghostly Armor","floor":4},{"not_picked":["Perfected Strike","Pommel Strike"],"picked":"Iron Wave","floor":5},{"not_picked":["Rage","Perfected Strike"],"picked":"Headbutt","floor":7},{"not_picked":["Spot Weakness","Combust"],"picked":"Pommel Strike","floor":8},{"not_picked":["Heavy Blade","Thunderclap"],"picked":"Shockwave","floor":11},{"not_picked":["Reckless Charge","Wild Strike","Anger"],"picked":"SKIP","floor":12},{"not_picked":["Juggernaut","Second Wind"],"picked":"Shrug It Off","floor":13},{"not_picked":["Shrug It Off","Anger"],"picked":"Thunderclap","floor":14},{"not_picked":["Bludgeon","Berserk"],"picked":"Reaper","floor":16},{"not_picked":["Iron Wave","Warcry"],"picked":"Feel No Pain","floor":18},{"not_picked":["Ghostly Armor","Twin Strike"],"picked":"Sword Boomerang","floor":19},{"not_picked":["Flame Barrier","Blood for Blood"],"picked":"Rage+1","floor":21},{"not_picked":["Combust","Dual Wield","Perfected Strike"],"picked":"SKIP","floor":22},{"not_picked":["Body Slam+1","Blood for Blood"],"picked":"Heavy Blade+1","floor":28},{"not_picked":["Exhume","Perfected Strike"],"picked":"Iron Wave+1","floor":29}],"player_experience":354988,"relics_obtained":[{"floor":8,"key":"War Paint"},{"floor":9,"key":"Paper Frog"},{"floor":13,"key":"Tiny Chest"},{"floor":28,"key":"InkBottle"},{"floor":31,"key":"Self Forming Clay"}],"event_choices":[{"damage_healed":0,"gold_gain":0,"player_choice":"Shed Blood","damage_taken":18,"max_hp_gain":5,"max_hp_loss":0,"event_name":"Forgotten Altar","floor":20,"gold_loss":0},{"damage_healed":0,"gold_gain":99,"player_choice":"Stole From Cult","damage_taken":0,"max_hp_gain":0,"max_hp_loss":0,"event_name":"Nest","floor":24,"gold_loss":0},{"damage_healed":0,"gold_gain":0,"player_choice":"Read","damage_taken":0,"max_hp_gain":0,"max_hp_loss":0,"event_name":"The Library","floor":27,"gold_loss":0,"cards_obtained":["Battle Trance"]}],"is_beta":false,"boss_relics":[{"not_picked":["Pandora\u0027s Box","Runic Dome"],"picked":"Philosopher\u0027s Stone"}],"items_purged_floors":[],"is_endless":false,"potions_floor_spawned":[4,5,12,14,21,28],"killed_by":"Champ","ascension_level":8}}