{"host":"4nqeo0vu1vuav7gg","time":1613581765,"event":{"mods":["AchievementEnabler","BaseMod","Block Reminder","Colored Map","Colored Powertips","Highlight Path","Minty Spire (QoL Compilation)","Quick Restart","Rare Cards Sparkle","Relic Relevance Reorder","StSLib"],"gold_per_floor":[111,22,41,60,60,17,37,71,71,71,87,87,52,79,79,154,154,171,171,171,171],"floor_reached":20,"language":"ENG","playtime":589,"items_purged":[],"score":364,"play_id":"e8c1d17a-2032-4e83-b259-e1ab19dd4dc6","local_time":"20210217180925","is_ascension_mode":true,"campfire_choices":[{"floor":12.0,"key":"REST"},{"floor":15.0,"key":"REST"}],"circlet_count":0,"master_deck":["AscendersBane","Strike_B","Strike_B","Strike_B","Defend_B","Defend_B","Defend_B","Defend_B","Zap","Dualcast","Rebound","Doom and Gloom","Tempest","Skim","Conserve Battery","Capacitor","Loop","Creative AI","Self Repair"],"relics":["Cracked Core","Ornamental Fan","Nunchaku","Letter Opener","SlaversCollar","The Courier","Shovel"],"acts_visited":["Exordium","TheCity"],"potions_floor_usage":[],"damage_taken":[{"damage":0.0,"enemies":"Small Slimes","floor":1.0,"turns":3.0},{"damage":1.0,"enemies":"Cultist","floor":3.0,"turns":3.0},{"damage":4.0,"enemies":"Jaw Worm","floor":4.0,"turns":3.0},{"damage":0.0,"enemies":"Looter","floor":7.0,"turns":1.0},{"damage":25.0,"enemies":"Lagavulin","floor":8.0,"turns":5.0},{"damage":9.0,"enemies":"Red Slaver","floor":11.0,"turns":3.0},{"damage":40.0,"enemies":"3 Sentries","floor":14.0,"turns":6.0},{"damage":45.0,"enemies":"The Guardian","floor":16.0,"turns":10.0},{"damage":32,"enemies":"2 Thieves","floor":18,"turns":3},{"damage":27,"enemies":"Spheric Guardian","floor":20,"turns":3}],"seed_played":"-4597122587375311753","potions_obtained":[{"floor":1.0,"key":"Swift Potion"},{"floor":3.0,"key":"Fire Potion"}],"is_trial":false,"path_per_floor":["M","$","M","M","?","$","M","E","T","?","M","R","?","E","R","B",null,"M","?","M"],"character_chosen":"DEFECT","items_purchased":["Doom and Gloom","Sunder"],"campfire_rested":2,"item_purchase_floors":[2,6],"current_hp_per_floor":[71,71,70,66,66,66,66,41,41,30,21,44,63,23,46,1,59,27,27,0,0],"gold":171,"neow_bonus":"TEN_PERCENT_HP_BONUS","is_daily":false,"chose_seed":false,"campfire_upgraded":0,"win_rate":0.0,"timestamp":1613581765,"path_taken":["M","$","M","M","?","?","M","E","T","?","M","R","?","E","R","BOSS","M","?","?"],"items_purchased_type":["Card","Card"],"build_version":"2020-12-22","purchased_purges":0,"victory":false,"max_hp_per_floor":[78,78,78,78,78,78,78,78,78,78,78,78,78,78,78,78,78,78,78,78,78],"card_choices":[{"not_picked":["Storm","Redo"],"picked":"Rebound","floor":1.0},{"not_picked":["Gash","Stack"],"picked":"Tempest","floor":3.0},{"not_picked":["Sweeping Beam","Rebound"],"picked":"Skim","floor":4.0},{"not_picked":["FTL","Coolheaded"],"picked":"Conserve Battery","floor":7.0},{"not_picked":["Double Energy","Steam"],"picked":"Capacitor","floor":8.0},{"not_picked":["Amplify","Hologram","Rip and Tear"],"picked":"SKIP","floor":11.0},{"not_picked":["Cold Snap","Machine Learning"],"picked":"Loop","floor":14.0},{"not_picked":["Core Surge","Machine Learning"],"picked":"Creative AI","floor":16.0},{"not_picked":["Redo","Turbo"],"picked":"Self Repair","floor":18}],"player_experience":1102706,"relics_obtained":[{"floor":8.0,"key":"Ornamental Fan"},{"floor":9.0,"key":"The Courier"},{"floor":14.0,"key":"Letter Opener"}],"event_choices":[{"cards_removed":["Strike_B"],"damage_healed":0.0,"max_hp_gain":0.0,"max_hp_loss":0.0,"gold_gain":0.0,"event_name":"Purifier","player_choice":"Purged","floor":5.0,"gold_loss":0.0,"damage_taken":0.0},{"damage_healed":0.0,"max_hp_gain":0.0,"max_hp_loss":0.0,"gold_gain":0.0,"event_name":"Scrap Ooze","player_choice":"Success","floor":10.0,"gold_loss":0.0,"damage_taken":11.0,"relics_obtained":["Nunchaku"]},{"damage_healed":19.0,"max_hp_gain":0.0,"max_hp_loss":0.0,"gold_gain":0.0,"event_name":"The Cleric","player_choice":"Healed","floor":13.0,"gold_loss":35.0,"damage_taken":0.0},{"cards_removed":["Sunder"],"damage_healed":0,"gold_gain":0,"player_choice":"Gave Card","damage_taken":0,"relics_obtained":["Shovel"],"max_hp_gain":0,"max_hp_loss":0,"event_name":"WeMeetAgain","floor":19,"gold_loss":0}],"is_beta":false,"boss_relics":[{"not_picked":["Empty Cage","Tiny House"],"picked":"SlaversCollar"}],"items_purged_floors":[],"is_endless":false,"potions_floor_spawned":[1,3,4],"killed_by":"Spheric Guardian","ascension_level":20}}