{"host":"0fd22hpf43j6tvvm","time":1613581308,"event":{"mods":["AchievementEnabler","BaseMod","Colored Map","Minty Spire (QoL Compilation)","Relic Stats"],"gold_per_floor":[116,136,136,61,72,105,105,137,137,153,153,179,11,28,28,100,100,110,126,126,26,43,43,75,75,75,75,103,115,142,155,155,232,232,247,12,90,90,90,105,135,148,148,148,176,176,215,244,244,244],"floor_reached":51,"language":"ENG","playtime":4082,"items_purged":["Defend_P","Defend_P"],"score":1733,"play_id":"21520fa6-d993-47f2-bffd-ff4a16296237","local_time":"20210217120148","is_ascension_mode":true,"campfire_choices":[{"data":"Eruption","floor":7.0,"key":"SMITH"},{"data":"BowlingBash","floor":11.0,"key":"SMITH"},{"data":"TalkToTheHand","floor":15.0,"key":"SMITH"},{"data":"Wallop","floor":23.0,"key":"SMITH"},{"data":"Vigilance","floor":25.0,"key":"SMITH"},{"data":"Consecrate","floor":27.0,"key":"SMITH"},{"data":"SashWhip","floor":32,"key":"SMITH"},{"data":"Protect","floor":44,"key":"SMITH"},{"data":"FlurryOfBlows","floor":46,"key":"SMITH"},{"data":"Wireheading","floor":49,"key":"SMITH"}],"circlet_count":0,"master_deck":["AscendersBane","Strike_P+1","Strike_P+1","Strike_P+1","Defend_P+1","Defend_P","Eruption+1","Vigilance+1","Protect+1","Consecrate+1","BowlingBash+1","Vault+1","Evaluate+1","EmptyBody+1","TalkToTheHand+1","Scrawl+1","Indignation+1","Wallop+1","FlurryOfBlows+1","Judgement+1","PathToVictory+1","EmptyBody+1","SashWhip+1","LessonLearned","ThirdEye+1","Wireheading+1","PathToVictory+1","Wallop+1","FollowUp+1","CrushJoints+1","MentalFortress+1"],"relics":["PureWater","Strawberry","Yang","Toxic Egg 2","Regal Pillow","CaptainsWheel","Darkstone Periapt","PreservedInsect","Runic Pyramid","FossilizedHelix","Toy Ornithopter","Anchor","Juzu Bracelet","Black Star","Pen Nib","StrikeDummy","Ice Cream","Omamori","White Beast Statue","Potion Belt","Frozen Egg 2","CeramicFish","Whetstone"],"acts_visited":["Exordium","TheCity","TheBeyond"],"potions_floor_usage":[42,50,50],"damage_taken":[{"damage":4.0,"enemies":"Cultist","floor":1.0,"turns":6.0},{"damage":0.0,"enemies":"Small Slimes","floor":2.0,"turns":3.0},{"damage":0.0,"enemies":"2 Louse","floor":5.0,"turns":3.0},{"damage":15.0,"enemies":"3 Sentries","floor":6.0,"turns":9.0},{"damage":20.0,"enemies":"Gremlin Nob","floor":8.0,"turns":5.0},{"damage":0.0,"enemies":"2 Fungi Beasts","floor":10.0,"turns":3.0},{"damage":4.0,"enemies":"3 Sentries","floor":12.0,"turns":8.0},{"damage":2.0,"enemies":"Looter","floor":14.0,"turns":3.0},{"damage":2.0,"enemies":"The Guardian","floor":16.0,"turns":11.0},{"damage":0.0,"enemies":"3 Byrds","floor":18.0,"turns":4.0},{"damage":0.0,"enemies":"Spheric Guardian","floor":19.0,"turns":2.0},{"damage":0.0,"enemies":"Snake Plant","floor":22.0,"turns":7.0},{"damage":0.0,"enemies":"Gremlin Leader","floor":24.0,"turns":4.0},{"damage":0.0,"enemies":"Slavers","floor":28.0,"turns":2.0},{"damage":0.0,"enemies":"3 Cultists","floor":29.0,"turns":4.0},{"damage":0.0,"enemies":"Book of Stabbing","floor":30.0,"turns":4.0},{"damage":0,"enemies":"Sentry and Sphere","floor":31,"turns":4},{"damage":8,"enemies":"Automaton","floor":33,"turns":10},{"damage":0,"enemies":"3 Darklings","floor":35,"turns":5},{"damage":0,"enemies":"Orb Walker","floor":40,"turns":3},{"damage":0,"enemies":"Reptomancer","floor":41,"turns":6},{"damage":6,"enemies":"Writhing Mass","floor":42,"turns":8},{"damage":0,"enemies":"Nemesis","floor":45,"turns":8},{"damage":0,"enemies":"Giant Head","floor":47,"turns":9},{"damage":0,"enemies":"3 Darklings","floor":48,"turns":6},{"damage":0,"enemies":"Time Eater","floor":50,"turns":11}],"seed_played":"3996586954949281201","potions_obtained":[{"floor":1.0,"key":"EssenceOfSteel"},{"floor":2.0,"key":"Fire Potion"},{"floor":8.0,"key":"SteroidPotion"},{"floor":16.0,"key":"Dexterity Potion"},{"floor":28.0,"key":"Energy Potion"},{"floor":41,"key":"DuplicationPotion"},{"floor":45,"key":"CultistPotion"},{"floor":47,"key":"ColorlessPotion"},{"floor":48,"key":"StancePotion"}],"is_trial":false,"path_per_floor":["M","M","T","$","M","E","R","E","T","M","R","E","$","M","R","B",null,"M","M","?","$","M","R","E","R","T","R","E","M","E","M","R","B",null,"M","$","T","$","?","M","E","M","T","R","E","R","E","M","R","B",null],"character_chosen":"WATCHER","items_purchased":["PreservedInsect","Pen Nib","Wireheading"],"campfire_rested":0,"item_purchase_floors":[13,36,36],"current_hp_per_floor":[64,64,64,64,64,49,49,29,29,29,29,25,25,23,23,21,62,62,62,62,62,62,62,62,62,62,62,62,62,62,62,62,54,70,70,70,70,70,70,70,70,69,69,69,69,69,69,69,69,71],"gold":244,"neow_bonus":"RANDOM_COMMON_RELIC","is_daily":false,"chose_seed":false,"campfire_upgraded":10,"win_rate":0.0,"timestamp":1613581308,"path_taken":["M","M","?","?","M","E","R","E","T","M","R","E","$","M","R","BOSS","M","?","?","$","M","R","E","R","T","R","E","M","E","M","R","BOSS","M","$","?","?","?","M","E","M","T","R","E","R","E","M","R","BOSS"],"items_purchased_type":["Relic","Relic","Card"],"build_version":"2020-12-22","purchased_purges":2,"victory":true,"max_hp_per_floor":[75,75,75,75,75,75,75,75,75,75,75,75,75,75,75,75,75,75,75,75,75,75,75,75,75,75,75,75,75,75,75,75,75,75,75,75,75,75,71,71,71,71,71,71,71,71,71,71,71,71],"relic_stats":{"Darkstone Periapt":0,"Regal Pillow":0,"counters":[26,148],"CeramicFish":18,"Yang":[294],"PreservedInsect":372,"Pen Nib":[10],"Juzu Bracelet":0,"Black Star":3,"Whetstone":["Strike_P","CrushJoints"],"obtain_stats":[{"Darkstone Periapt":12,"Ice Cream":41,"Potion Belt":45,"Regal Pillow":8,"CeramicFish":47,"Yang":3,"PreservedInsect":13,"Pen Nib":36,"Juzu Bracelet":30,"Omamori":41,"Whetstone":47,"Frozen Egg 2":45,"White Beast Statue":43,"CaptainsWheel":9,"Anchor":28,"Strawberry":0,"Black Star":34,"PureWater":0,"Toxic Egg 2":6,"StrikeDummy":37,"FossilizedHelix":24,"Toy Ornithopter":26,"Runic Pyramid":17},{"Darkstone Periapt":7,"Ice Cream":21,"Potion Belt":23,"Regal Pillow":5,"CeramicFish":24,"Yang":2,"PreservedInsect":7,"Pen Nib":19,"Juzu Bracelet":16,"Omamori":21,"Whetstone":24,"Frozen Egg 2":23,"White Beast Statue":22,"CaptainsWheel":5,"Anchor":14,"Strawberry":0,"Black Star":18,"PureWater":0,"Toxic Egg 2":4,"StrikeDummy":19,"FossilizedHelix":13,"Toy Ornithopter":13,"Runic Pyramid":9},{"Darkstone Periapt":37,"Ice Cream":106,"Potion Belt":122,"Regal Pillow":26,"CeramicFish":131,"Yang":9,"PreservedInsect":37,"Pen Nib":97,"Juzu Bracelet":78,"Omamori":106,"Whetstone":131,"Frozen Egg 2":122,"White Beast Statue":114,"CaptainsWheel":26,"Anchor":70,"Strawberry":0,"Black Star":92,"PureWater":0,"Toxic Egg 2":21,"StrikeDummy":97,"FossilizedHelix":68,"Toy Ornithopter":68,"Runic Pyramid":51}],"Toy Ornithopter":7},"card_choices":[{"not_picked":["Vengeance","Consecrate"],"picked":"Protect","floor":1.0},{"not_picked":["DeceiveReality","CutThroughFate"],"picked":"Consecrate","floor":2.0},{"not_picked":["PathToVictory","FlurryOfBlows"],"picked":"BowlingBash","floor":5.0},{"not_picked":["PathToVictory+1","BowlingBash"],"picked":"Vault+1","floor":6.0},{"not_picked":["ClearTheMind+1","CrushJoints"],"picked":"Evaluate+1","floor":8.0},{"not_picked":["Worship+1","ReachHeaven"],"picked":"EmptyBody+1","floor":10.0},{"not_picked":["Collect+1","FlyingSleeves","BowlingBash"],"picked":"SKIP","floor":12.0},{"not_picked":["Perseverance+1","Prostrate+1"],"picked":"TalkToTheHand","floor":14.0},{"not_picked":["Vault+1","ConjureBlade+1"],"picked":"Scrawl+1","floor":16.0},{"not_picked":["BowlingBash+1","FollowUp"],"picked":"Indignation+1","floor":18.0},{"not_picked":["Sanctity+1","BowlingBash+1"],"picked":"Wallop","floor":19.0},{"not_picked":["Study","BattleHymn","InnerPeace+1"],"picked":"SKIP","floor":22.0},{"not_picked":["DevaForm","Halt+1"],"picked":"Judgement+1","floor":24.0},{"not_picked":["CrushJoints","MasterReality"],"picked":"PathToVictory+1","floor":28.0},{"not_picked":["FlurryOfBlows","InnerPeace+1"],"picked":"EmptyBody+1","floor":29.0},{"not_picked":["Nirvana","Study"],"picked":"SashWhip","floor":30.0},{"not_picked":["BowlingBash","SignatureMove","EmptyBody+1"],"picked":"SKIP","floor":31},{"not_picked":["Scrawl+1","Brilliance"],"picked":"LessonLearned","floor":33},{"not_picked":["Adaptation","Crescendo+1"],"picked":"ThirdEye+1","floor":35},{"not_picked":["JustLucky","EmptyFist"],"picked":"PathToVictory+1","floor":40},{"not_picked":["CarveReality","Prostrate+1"],"picked":"Wallop+1","floor":41},{"not_picked":["BowlingBash","EmptyFist"],"picked":"FollowUp+1","floor":42},{"not_picked":["SignatureMove","Wireheading+1","JustLucky"],"picked":"SKIP","floor":45},{"not_picked":["FollowUp+1","Wireheading+1"],"picked":"CrushJoints","floor":47},{"not_picked":["FlurryOfBlows","ThirdEye+1"],"picked":"MentalFortress+1","floor":48}],"player_experience":576372,"relics_obtained":[{"floor":3.0,"key":"Yang"},{"floor":6.0,"key":"Toxic Egg 2"},{"floor":8.0,"key":"Regal Pillow"},{"floor":9.0,"key":"CaptainsWheel"},{"floor":12.0,"key":"Darkstone Periapt"},{"floor":24.0,"key":"FossilizedHelix"},{"floor":26.0,"key":"Toy Ornithopter"},{"floor":28.0,"key":"Anchor"},{"floor":30.0,"key":"Juzu Bracelet"},{"floor":37,"key":"StrikeDummy"},{"floor":41,"key":"Ice Cream"},{"floor":41,"key":"Omamori"},{"floor":43,"key":"White Beast Statue"},{"floor":45,"key":"Potion Belt"},{"floor":45,"key":"Frozen Egg 2"},{"floor":47,"key":"CeramicFish"},{"floor":47,"key":"Whetstone"}],"event_choices":[{"damage_healed":0.0,"max_hp_gain":0.0,"max_hp_loss":0.0,"gold_gain":0.0,"cards_transformed":["Strike_P"],"event_name":"Transmorgrifier","player_choice":"Transformed","floor":20.0,"gold_loss":0.0,"damage_taken":0.0,"cards_obtained":["FlurryOfBlows"]},{"damage_healed":0,"gold_gain":0,"player_choice":"Max HP","damage_taken":0,"max_hp_gain":0,"max_hp_loss":4,"event_name":"Winding Halls","floor":39,"gold_loss":0}],"is_beta":false,"boss_relics":[{"not_picked":["Runic Dome","Fusion Hammer"],"picked":"Runic Pyramid"},{"not_picked":["Cursed Key","Astrolabe"],"picked":"Black Star"}],"items_purged_floors":[4,21],"is_endless":false,"potions_floor_spawned":[1,2,8,10,16,22,28,29,30,33,40,41,45,47,48],"ascension_level":16}}