{"host":"yvlk1m4foro8gl4v","time":1613523093,"event":{"mods":["AchievementEnabler","Act Like it!","BaseMod","Minty Spire (QoL Compilation)","Relic Stats","StSLib","The Servant 0.9.4","Uncapped"],"gold_per_floor":[109,126,126,36,55,88,88,104,104,104,114,148,148,163,163,261,261,277,308,321,29,44,77,77,102,102,112,112,37,37,37,37,37,37],"floor_reached":33,"language":"ENG","playtime":2725,"items_purged":["Decay"],"score":457,"play_id":"a5e72102-f11d-4118-92b5-0c9118ce3fdf","local_time":"20210217005133","is_ascension_mode":true,"campfire_choices":[{"data":"The Bomb","floor":7,"key":"SMITH"},{"floor":10,"key":"REST"},{"data":"Ghostly Armor","floor":15,"key":"SMITH"},{"floor":24,"key":"REST"},{"data":"Shockwave","floor":32,"key":"SMITH"}],"circlet_count":0,"master_deck":["AscendersBane","Strike_R","Strike_R+1","Strike_R","Strike_R","Strike_R","Defend_R","Defend_R","Defend_R","Defend_R","Bash","The Bomb+1","Intimidate+1","Iron Wave","Ghostly Armor+1","Shrug It Off","Battle Trance","Entrench+1","Feel No Pain","Impervious","CurseOfTheBell","Shockwave+1","Impervious","Entrench+1","Warcry+1","Juggernaut"],"relics":["Burning Blood","Meat on the Bone","Torii","Prayer Wheel","Akabeko","Calling Bell","Orichalcum","Gremlin Horn","Shovel","Red Mask","DollysMirror","Juzu Bracelet","Lantern","Pantograph"],"acts_visited":["Exordium","TheCity"],"potions_floor_usage":[33,33],"damage_taken":[{"damage":16,"enemies":"2 Louse","floor":1,"turns":3},{"damage":3,"enemies":"Cultist","floor":2,"turns":4},{"damage":9,"enemies":"Small Slimes","floor":5,"turns":4},{"damage":34,"enemies":"Lagavulin","floor":6,"turns":10},{"damage":11,"enemies":"Gremlin Gang","floor":8,"turns":4},{"damage":1,"enemies":"Blue Slaver","floor":11,"turns":4},{"damage":27,"enemies":"Gremlin Nob","floor":12,"turns":5},{"damage":6,"enemies":"Looter","floor":14,"turns":3},{"damage":29,"enemies":"Hexaghost","floor":16,"turns":15},{"damage":71,"enemies":"3 Byrds","floor":18,"turns":8},{"damage":1,"enemies":"Masked Bandits","floor":19,"turns":3},{"damage":6,"enemies":"Chosen","floor":20,"turns":6},{"damage":33,"enemies":"Shelled Parasite and Fungi","floor":22,"turns":10},{"damage":45,"enemies":"Gremlin Leader","floor":23,"turns":10},{"damage":20,"enemies":"Slavers","floor":25,"turns":5},{"damage":7,"enemies":"Snake Plant","floor":27,"turns":7},{"damage":107,"enemies":"Automaton","floor":33,"turns":12}],"seed_played":"-6546800484052884341","potions_obtained":[{"floor":1,"key":"FairyPotion"},{"floor":2,"key":"GamblersBrew"},{"floor":25,"key":"Regen Potion"}],"is_trial":false,"path_per_floor":["M","M","?","?","M","E","R","M","T","R","M","E","?","M","R","B",null,"M","?","M","$","M","E","R","E","T","M","?","$","?","?","R","B"],"character_chosen":"IRONCLAD","items_purchased":["DollysMirror","Impervious"],"campfire_rested":2,"item_purchase_floors":[21,21],"current_hp_per_floor":[62,65,49,49,58,42,42,49,49,73,78,57,57,57,57,46,72,19,36,48,48,33,33,57,55,55,54,51,51,36,36,36,0,0],"gold":37,"neow_bonus":"RANDOM_COLORLESS_2","is_daily":false,"chose_seed":false,"campfire_upgraded":3,"win_rate":0.0,"timestamp":1613523093,"path_taken":["M","M","?","?","M","E","R","?","T","R","M","E","?","?","R","BOSS","M","?","M","$","M","E","R","E","T","M","?","$","?","?","R","BOSS"],"items_purchased_type":["Relic","Card"],"build_version":"2020-12-22","purchased_purges":1,"victory":false,"max_hp_per_floor":[80,80,80,80,80,80,80,80,80,80,80,80,80,80,80,80,80,80,80,80,80,80,80,80,80,80,80,80,80,85,85,85,85,85],"relic_stats":{"Shovel":0,"Torii":69,"Gremlin Horn":[7,7],"counters":[17,113],"Pantograph":25,"Prayer Wheel":6,"Juzu Bracelet":1,"Orichalcum":[72],"obtain_stats":[{"Lantern":25,"Torii":6,"Gremlin Horn":17,"Juzu Bracelet":23,"Orichalcum":17,"Burning Blood":0,"Akabeko":12,"Calling Bell":17,"Shovel":17,"DollysMirror":21,"Pantograph":26,"Prayer Wheel":9,"Red Mask":19,"Meat on the Bone":4},{"Lantern":15,"Torii":4,"Gremlin Horn":9,"Juzu Bracelet":14,"Orichalcum":9,"Burning Blood":0,"Akabeko":7,"Calling Bell":9,"Shovel":9,"DollysMirror":12,"Pantograph":15,"Prayer Wheel":5,"Red Mask":11,"Meat on the Bone":2},{"Lantern":94,"Torii":21,"Gremlin Horn":52,"Juzu Bracelet":89,"Orichalcum":52,"Burning Blood":0,"Akabeko":34,"Calling Bell":52,"Shovel":52,"DollysMirror":69,"Pantograph":94,"Prayer Wheel":25,"Red Mask":63,"Meat on the Bone":7}],"Burning Blood":96,"Meat on the Bone":120},"card_choices":[{"not_picked":["Transmutation","Mayhem"],"picked":"The Bomb","floor":0},{"not_picked":["Sentinel","Flex"],"picked":"Intimidate","floor":1},{"not_picked":["True Grit","Sword Boomerang"],"picked":"Iron Wave","floor":2},{"not_picked":["Pommel Strike","Burning Pact"],"picked":"Ghostly Armor","floor":5},{"not_picked":["Anger","Carnage"],"picked":"Shrug It Off","floor":6},{"not_picked":["Heavy Blade","Havoc","Clash"],"picked":"SKIP","floor":8},{"not_picked":["Heavy Blade","Flex"],"picked":"Battle Trance","floor":11},{"not_picked":["Armaments","Thunderclap"],"picked":"Entrench","floor":11},{"not_picked":["Flex","Headbutt"],"picked":"Feel No Pain","floor":12},{"not_picked":["Heavy Blade","Cleave","True Grit"],"picked":"SKIP","floor":14},{"not_picked":["Demon Form","Anger","Rupture"],"picked":"SKIP","floor":14},{"not_picked":["Offering","Corruption"],"picked":"Impervious","floor":16},{"not_picked":["Sentinel","Shrug It Off"],"picked":"Shockwave","floor":18},{"not_picked":["Cleave","Perfected Strike","Headbutt"],"picked":"SKIP","floor":18},{"not_picked":["Thunderclap","Body Slam","Sword Boomerang+1"],"picked":"SKIP","floor":20},{"not_picked":["Headbutt","Sentinel","Anger+1"],"picked":"SKIP","floor":20},{"not_picked":["Wild Strike+1","Havoc+1","Shrug It Off"],"picked":"SKIP","floor":22},{"not_picked":["Flex","Brutality","Iron Wave+1"],"picked":"SKIP","floor":22},{"not_picked":["Rage+1","Feel No Pain"],"picked":"Warcry+1","floor":23},{"not_picked":["Body Slam","Pommel Strike","Dark Embrace+1"],"picked":"SKIP","floor":25},{"not_picked":["Twin Strike+1","Sword Boomerang+1","Anger"],"picked":"SKIP","floor":27},{"not_picked":["Havoc","Reckless Charge","Inflame"],"picked":"SKIP","floor":27}],"player_experience":783509,"relics_obtained":[{"floor":6,"key":"Torii"},{"floor":9,"key":"Prayer Wheel"},{"floor":12,"key":"Akabeko"},{"floor":17,"key":"Orichalcum"},{"floor":17,"key":"Gremlin Horn"},{"floor":17,"key":"Shovel"},{"floor":19,"key":"Red Mask"},{"floor":23,"key":"Juzu Bracelet"},{"floor":25,"key":"Lantern"},{"floor":26,"key":"Pantograph"}],"event_choices":[{"damage_healed":0,"gold_gain":0,"player_choice":"Entered Light","damage_taken":16,"max_hp_gain":0,"max_hp_loss":0,"event_name":"Shining Light","floor":3,"gold_loss":0,"cards_upgraded":["Strike_R","Intimidate"]},{"damage_healed":0,"gold_gain":0,"player_choice":"Paid Gold","damage_taken":0,"relics_obtained":["Meat on the Bone"],"max_hp_gain":0,"max_hp_loss":0,"event_name":"WeMeetAgain","floor":4,"gold_loss":90},{"damage_healed":0,"gold_gain":0,"player_choice":"Upgraded","damage_taken":0,"max_hp_gain":0,"max_hp_loss":0,"event_name":"Upgrade Shrine","floor":13,"gold_loss":0,"cards_upgraded":["Entrench"]},{"damage_healed":0,"gold_gain":0,"player_choice":"Fought Bandits","damage_taken":0,"max_hp_gain":0,"max_hp_loss":0,"event_name":"Masked Bandits","floor":19,"gold_loss":0},{"damage_healed":0,"gold_gain":0,"player_choice":"Punched","damage_taken":3,"max_hp_gain":0,"max_hp_loss":0,"event_name":"Designer","floor":28,"gold_loss":0},{"damage_healed":0,"gold_gain":0,"player_choice":"Shed Blood","damage_taken":20,"max_hp_gain":5,"max_hp_loss":0,"event_name":"Forgotten Altar","floor":30,"gold_loss":0},{"damage_healed":0,"gold_gain":0,"player_choice":"Read","damage_taken":0,"max_hp_gain":0,"max_hp_loss":0,"event_name":"The Library","floor":31,"gold_loss":0,"cards_obtained":["Juggernaut"]}],"is_beta":false,"boss_relics":[{"not_picked":["Black Star","Pandora\u0027s Box"],"picked":"Calling Bell"}],"items_purged_floors":[29],"is_endless":false,"potions_floor_spawned":[1,2,6,16,19,22,25],"killed_by":"Automaton","ascension_level":11}}