{"host":"q8o6l8eqnoevndy4","time":1613533995,"event":{"mods":["2.2 Compatiblity","AchievementEnabler","Act Like it!","AlwaysNeverKeys","Bard","BaseMod","Bestiary","Better Altar","Better Match","Better Note","Better Sensory Stone","Better Skull","Better Third Choice","Better Vampires","Better-Laid Plans","Booster Modes","Colored Map","Colored Powertips","Custom Start","Disable Question Mark Monsters","Displayed Cursed Tome","Friendly Minions","GifTheSpireLib","Hermit","Highlight Path","Infinite Spire","Keyboard Shortcuts","Minty Spire (QoL Compilation)","Permanent Neow","Quick Restart","Random Character Button","Random Character Mod","Rare Cards Sparkle","Relic Filter","Relic Sorter","Relic Stats","Reliquary","Reorder Act Four","Spicy Shops","Spire Arcade","StSLib","The Blackbeard","The Gatherer","Transform Curses","Virulent Crown"],"gold_per_floor":[115,115,115,131,4,4,39,50,64,91,117,117,150,150,170,170,170,188,188,188,290,290,300,311,15,15,15,15,40,40,65,75,104,122,147,166,166,166,271,271,282,282,282,298,398,398,433,121,121,121,137,150,150,169,169,185,185,185,185],"floor_reached":60,"language":"ENG","playtime":3832,"items_purged":[],"score":819,"play_id":"678bd0ed-1427-45d4-8cd4-c6940358ab00","local_time":"20210216215315","daily_mods":["Heirloom","Blue Cards","DeadlyEvents"],"is_ascension_mode":false,"campfire_choices":[{"floor":6,"key":"REST"},{"floor":12,"key":"REST"},{"floor":14,"key":"REST"},{"floor":16,"key":"DIG"},{"data":"Defragment","floor":19,"key":"SMITH"},{"data":"infinitespire:Execution","floor":20,"key":"SMITH"},{"data":"Machine Learning","floor":28,"key":"SMITH"},{"data":"Beam Cell","floor":30,"key":"SMITH"},{"floor":37,"key":"REST"},{"floor":38,"key":"REST"},{"data":"Consume","floor":46,"key":"SMITH"},{"data":"Mayhem","floor":49,"key":"SMITH"},{"floor":53,"key":"REST"},{"data":"Coolheaded","floor":55,"key":"SMITH"},{"data":"Go for the Eyes","floor":57,"key":"SMITH"},{"data":"Dark Shackles","floor":58,"key":"SMITH"}],"circlet_count":0,"master_deck":["Dualcast+1","Redo+1","infinitespire:Execution+1","Coolheaded+1","Dark Shackles+1","Defragment+1","Cold Snap","Conserve Battery","Sweeping Beam","Machine Learning+1","Beam Cell+1","Cold Snap","All For One","Consume+1","Leap","Cold Snap","Core Surge","Redo+1","Cold Snap","Mayhem+1","Cold Snap+1","Go for the Eyes+1"],"relics":["Cracked Core","Shovel","PreservedInsect","reliquary:RoseTintedGlasses","reliquary:Spinner","Toy Ornithopter","Calipers","CultistMask","Empty Cage","Emotion Chip","reliquary:WeakTea","infinitespire:Beetle Shell","Pen Nib","infinitespire:Freezer","Pandora\u0027s Box","Strawberry","DollysMirror","White Beast Statue"],"acts_visited":["Exordium","TheCity","TheBeyond"],"potions_floor_usage":[29,29,33,36,59,59],"damage_taken":[{"damage":2,"enemies":"2 Louse","floor":1,"turns":2},{"damage":17,"enemies":"infinitespire:Voidling","floor":4,"turns":4},{"damage":9,"enemies":"Lagavulin","floor":7,"turns":7},{"damage":0,"enemies":"Cultist","floor":8,"turns":3},{"damage":13,"enemies":"Large Slime","floor":9,"turns":5},{"damage":13,"enemies":"3 Sentries","floor":13,"turns":7},{"damage":3,"enemies":"Looter","floor":15,"turns":3},{"damage":0,"enemies":"2 Fungi Beasts","floor":18,"turns":4},{"damage":26,"enemies":"The Guardian","floor":21,"turns":9},{"damage":0,"enemies":"Spheric Guardian","floor":23,"turns":6},{"damage":0,"enemies":"Chosen","floor":24,"turns":5},{"damage":25,"enemies":"Slavers","floor":29,"turns":4},{"damage":1,"enemies":"Centurion and Healer","floor":32,"turns":7},{"damage":1,"enemies":"Gremlin Leader","floor":33,"turns":5},{"damage":8,"enemies":"Snake Plant","floor":34,"turns":4},{"damage":26,"enemies":"Slavers","floor":35,"turns":5},{"damage":7,"enemies":"Shelled Parasite and Fungi","floor":36,"turns":3},{"damage":38,"enemies":"Collector","floor":39,"turns":6},{"damage":10,"enemies":"3 Shapes","floor":41,"turns":5},{"damage":3,"enemies":"Orb Walker","floor":44,"turns":5},{"damage":0,"enemies":"Giant Head","floor":47,"turns":6},{"damage":7,"enemies":"Spire Growth","floor":51,"turns":5},{"damage":14,"enemies":"Writhing Mass","floor":52,"turns":5},{"damage":3,"enemies":"Transient","floor":54,"turns":5},{"damage":0,"enemies":"Maw","floor":56,"turns":6},{"damage":5,"enemies":"Time Eater","floor":59,"turns":18}],"seed_played":"-2192258766121666582","potions_obtained":[{"floor":4,"key":"Block Potion"},{"floor":7,"key":"Fire Potion"},{"floor":8,"key":"Energy Potion"},{"floor":21,"key":"FocusPotion"},{"floor":34,"key":"SpeedPotion"},{"floor":35,"key":"SteroidPotion"},{"floor":39,"key":"Weak Potion"},{"floor":41,"key":"AttackPotion"},{"floor":47,"key":"LiquidMemories"},{"floor":52,"key":"SkillPotion"}],"is_trial":true,"path_per_floor":["M","?","?","M","$","R","E","M","M","T","T","R","E","R","M","R","?","M","R","R","B",null,"M","M","$","?","?","R","E","R","T","M","E","M","E","M","R","R","B",null,"M","?","?","M","?","R","E","$","R","T","M","M","R","M","R","M","R","R","B",null],"character_chosen":"DEFECT","items_purchased":["Dark Shackles","Emotion Chip","DollysMirror","Mayhem"],"campfire_rested":6,"item_purchase_floors":[5,25,48,48],"current_hp_per_floor":[73,66,47,30,30,52,43,43,30,30,30,52,39,61,58,58,58,58,58,58,32,75,75,75,75,75,75,75,55,55,55,54,58,50,24,22,44,66,28,75,65,65,65,62,62,62,69,69,69,69,62,48,72,69,69,69,69,69,74],"gold":185,"neow_bonus":"","is_daily":false,"chose_seed":false,"campfire_upgraded":9,"win_rate":0.0,"timestamp":1613533995,"path_taken":["M","?","?","M","$","R","E","M","M","T","T","R","?","R","M","R","?","M","R","R","BOSS","M","M","$","?","?","R","E","R","T","M","?","M","?","M","R","R","BOSS","M","?","?","M","?","R","?","$","R","T","M","M","R","M","R","M","R","R","BOSS"],"items_purchased_type":["Card","Relic","Relic","Card"],"build_version":"2020-12-22","purchased_purges":0,"victory":true,"max_hp_per_floor":[75,75,75,75,75,75,75,75,75,75,75,75,75,75,75,75,75,75,75,75,75,75,75,75,75,75,75,75,75,75,75,75,75,75,75,75,75,75,75,75,75,75,75,75,75,75,82,82,82,82,82,82,82,82,82,82,82,82,82],"relic_stats":{"Emotion Chip":[29,8,21,0,0],"Shovel":1,"counters":[26,144],"Pandora\u0027s Box":["Static Discharge","Core Surge","Tempest","Glacier","Heatsinks","Capacitor"],"PreservedInsect":284,"Pen Nib":[16],"obtain_stats":[{"Calipers":16,"PreservedInsect":7,"infinitespire:Beetle Shell":31,"Pen Nib":33,"reliquary:Spinner":11,"reliquary:WeakTea":29,"Empty Cage":22,"White Beast Statue":50,"Emotion Chip":25,"Shovel":0,"DollysMirror":48,"Strawberry":47,"Pandora\u0027s Box":40,"reliquary:RoseTintedGlasses":10,"CultistMask":17,"Cracked Core":0,"Toy Ornithopter":13,"infinitespire:Freezer":35},{"Calipers":7,"PreservedInsect":3,"infinitespire:Beetle Shell":12,"Pen Nib":14,"reliquary:Spinner":5,"reliquary:WeakTea":12,"Empty Cage":9,"White Beast Statue":21,"Emotion Chip":11,"Shovel":0,"DollysMirror":21,"Strawberry":21,"Pandora\u0027s Box":18,"reliquary:RoseTintedGlasses":5,"CultistMask":7,"Cracked Core":0,"Toy Ornithopter":6,"infinitespire:Freezer":16},{"Calipers":31,"PreservedInsect":13,"infinitespire:Beetle Shell":59,"Pen Nib":71,"reliquary:Spinner":21,"reliquary:WeakTea":59,"Empty Cage":44,"White Beast Statue":105,"Emotion Chip":55,"Shovel":0,"DollysMirror":105,"Strawberry":105,"Pandora\u0027s Box":89,"reliquary:RoseTintedGlasses":21,"CultistMask":31,"Cracked Core":0,"Toy Ornithopter":28,"infinitespire:Freezer":80}],"Toy Ornithopter":25},"card_choices":[{"not_picked":["Hologram","Compile Driver"],"picked":"Redo","floor":1},{"not_picked":["infinitespire:UltimateForm","infinitespire:TheBestDefense"],"picked":"infinitespire:Execution","floor":3},{"not_picked":["Leap","Undo"],"picked":"Coolheaded","floor":4},{"not_picked":["Self Repair","Hologram"],"picked":"Defragment","floor":7},{"not_picked":["Chill","Hologram"],"picked":"Cold Snap","floor":8},{"not_picked":["Go for the Eyes","Gash"],"picked":"Conserve Battery","floor":9},{"not_picked":["Stack","Thunder Strike"],"picked":"Go for the Eyes","floor":13},{"not_picked":["Go for the Eyes","Glacier"],"picked":"Sweeping Beam","floor":15},{"not_picked":["Go for the Eyes","Streamline","Steam"],"picked":"SKIP","floor":18},{"not_picked":["Thunder Strike","Multi-Cast"],"picked":"Machine Learning","floor":21},{"not_picked":["Blizzard","Stack"],"picked":"Beam Cell","floor":23},{"not_picked":["Streamline+1","Rebound"],"picked":"Cold Snap","floor":24},{"not_picked":["Undo+1","Sunder","Barrage"],"picked":"SKIP","floor":29},{"not_picked":["Beam Cell","Barrage","Rebound"],"picked":"SKIP","floor":32},{"not_picked":["Steam+1","Rainbow"],"picked":"All For One","floor":33},{"not_picked":["Hello World","Hologram"],"picked":"Consume","floor":34},{"not_picked":["Rebound","Beam Cell+1"],"picked":"Leap","floor":35},{"not_picked":["Hologram+1","Ball Lightning"],"picked":"Cold Snap","floor":36},{"not_picked":["Machine Learning","Meteor Strike"],"picked":"Core Surge","floor":39},{"not_picked":["Barrage","Rebound+1","Auto Shields+1"],"picked":"SKIP","floor":41},{"not_picked":["Consume+1","Turbo+1","Barrage+1"],"picked":"SKIP","floor":44},{"not_picked":["Turbo","Auto Shields"],"picked":"Redo+1","floor":47},{"not_picked":["Reboot","Barrage+1"],"picked":"Cold Snap+1","floor":51},{"not_picked":["Cold Snap+1","Barrage+1","Streamline"],"picked":"SKIP","floor":52},{"not_picked":["Streamline+1","Rebound+1","Steam Power"],"picked":"SKIP","floor":54},{"not_picked":["Steam+1","Double Energy"],"picked":"Go for the Eyes","floor":56}],"player_experience":1172209,"relics_obtained":[{"floor":7,"key":"PreservedInsect"},{"floor":10,"key":"reliquary:RoseTintedGlasses"},{"floor":11,"key":"reliquary:Spinner"},{"floor":13,"key":"Toy Ornithopter"},{"floor":16,"key":"Calipers"},{"floor":29,"key":"reliquary:WeakTea"},{"floor":31,"key":"infinitespire:Beetle Shell"},{"floor":33,"key":"Pen Nib"},{"floor":35,"key":"infinitespire:Freezer"},{"floor":47,"key":"Strawberry"},{"floor":50,"key":"White Beast Statue"}],"event_choices":[{"cards_removed":["Defend_B"],"damage_healed":0,"gold_gain":0,"player_choice":"Card Removal","damage_taken":7,"max_hp_gain":0,"max_hp_loss":0,"event_name":"Golden Wing","floor":2,"gold_loss":0},{"damage_healed":0,"gold_gain":0,"player_choice":"Trade","damage_taken":0,"relics_obtained":["CultistMask"],"max_hp_gain":0,"max_hp_loss":0,"event_name":"FaceTrader","floor":17,"gold_loss":0},{"damage_healed":0,"gold_gain":0,"player_choice":"Upgraded","damage_taken":0,"max_hp_gain":0,"max_hp_loss":0,"event_name":"Upgrade Shrine","floor":26,"gold_loss":0,"cards_upgraded":["Redo"]},{"damage_healed":0,"gold_gain":0,"player_choice":"Forge","damage_taken":0,"max_hp_gain":0,"max_hp_loss":0,"event_name":"Accursed Blacksmith","floor":27,"gold_loss":0,"cards_upgraded":["Dualcast"]},{"cards_removed":["Go for the Eyes"],"damage_healed":0,"gold_gain":0,"player_choice":"Removed Attack","damage_taken":0,"max_hp_gain":0,"max_hp_loss":0,"event_name":"Falling","floor":42,"gold_loss":0},{"damage_healed":0,"gold_gain":0,"player_choice":"Ignored","damage_taken":0,"max_hp_gain":0,"max_hp_loss":0,"event_name":"Mysterious Sphere","floor":43,"gold_loss":0},{"damage_healed":0,"gold_gain":100,"player_choice":"Pray","damage_taken":0,"max_hp_gain":0,"max_hp_loss":0,"event_name":"Golden Shrine","floor":45,"gold_loss":0}],"is_beta":false,"boss_relics":[{"not_picked":["SacredBark","Astrolabe"],"picked":"Empty Cage"},{"not_picked":["Nuclear Battery","reliquary:ThirdArm"],"picked":"Pandora\u0027s Box"}],"items_purged_floors":[],"is_endless":false,"potions_floor_spawned":[4,7,8,21,23,34,35,39,41,47,51,52,54,56],"ascension_level":0}}