{"host":"cfnmff32z0ky6ioz","time":1613575552,"event":{"mods":["BaseMod","Bestiary","Curses Come First","Dota2Spire","Filter the Spire","Minty Spire (QoL Compilation)","Quick Restart","RNG Fix","Relic Stats","Replay The Spire","Say the Spire","Spicy Shops","StSLib","The Alterego","The Marked","【?物卡牌】REMEMod"],"gold_per_floor":[112,112,123,134,2,92,92,41,41,41,53,53,100,100,100,235,235,252,12,12,12,12,12,75,61,84,0,0,0,0,45,45,177,177,220,220,246,246,296,358,449,479,479,522,522,565,607,607,607,637,637],"floor_reached":50,"language":"ZHS","playtime":4191,"items_purged":["alterego_mod:Defend"],"score":791,"play_id":"f814336f-ed85-461d-96a4-3a69f08a148a","local_time":"20210217232552","is_ascension_mode":false,"campfire_choices":[{"floor":7,"key":"REST"},{"data":"alterego_mod:BigMeatyClaws","floor":10,"key":"SMITH"},{"data":"alterego_mod:Cushion","floor":12,"key":"SMITH"},{"data":"alterego_mod:TrashNCrash","floor":15,"key":"SMITH"},{"data":"alterego_mod:Mirror","floor":23,"key":"SMITH"},{"data":"alterego_mod:GachaTicket","floor":28,"key":"SMITH"},{"data":"theMarked:Reabsorb","floor":30,"key":"SMITH"},{"data":"alterego_mod:Punishment","floor":32,"key":"SMITH"},{"floor":49,"key":"REST"}],"circlet_count":0,"master_deck":["alterego_mod:Strike","alterego_mod:Strike","alterego_mod:Strike","alterego_mod:Defend","alterego_mod:Defend","alterego_mod:Defend","alterego_mod:Impale","alterego_mod:BigMeatyClaws+1","alterego_mod:BrynhildrsRune","alterego_mod:TrashNCrash+1","theMarked:Reabsorb+1","alterego_mod:Pet","alterego_mod:ChallengeComplete","alterego_mod:Mirror+1","alterego_mod:Smother+1","alterego_mod:Pet+1","alterego_mod:Cushion+1","alterego_mod:DestructionOfProperty","alterego_mod:TrickOrTreatment","alterego_mod:MagicResistance","Doubt","alterego_mod:Punishment+1","alterego_mod:Undulate","Metamorphosis","REME_FirmDetermination","The Bomb","alterego_mod:Cushion+1","alterego_mod:Exercise+1","alterego_mod:GachaTicket+1","alterego_mod:Punishment+1","Spreading Infection","alterego_mod:ClassAdvantage","alterego_mod:Santa+1","alterego_mod:Rip+1","ReplayTheSpireMod:Splinters","alterego_mod:Cooking","alterego_mod:PurpleHair","alterego_mod:ChallengeComplete","alterego_mod:Tantrum","alterego_mod:Punishment","alterego_mod:RidiculouslyBig+1","alterego_mod:Cycle+1"],"relics":["alterego_mod:MasochisticConstitution","REME_ComplimentaryCards","Dota2Spire:HandOfMidas","Bronze Scales","Art of War","Snecko Heart","ReplayTheSpireMod:ShopPack","alterego_mod:FleetingLove","Gremlin Horn","Omamori","Replay:Ancient Bell","Anchor","REME_LimitBreaker","Torii","Dota2Spire:DrumOfEndurance","Juzu Bracelet","Replay:Arrowhead","Dota2Spire:LinkenSphere","Ring of Chaos"],"acts_visited":["Exordium","TheCity","TheBeyond"],"potions_floor_usage":[6,24,25,40,40,42,44,46],"damage_taken":[{"damage":5,"enemies":"Small Slimes","floor":1,"turns":3},{"damage":17,"enemies":"Cultist","floor":3,"turns":5},{"damage":0,"enemies":"Jaw Worm","floor":4,"turns":5},{"damage":0,"enemies":"3 Sentries","floor":6,"turns":12},{"damage":7,"enemies":"Looter","floor":11,"turns":2},{"damage":3,"enemies":"Red Slaver","floor":13,"turns":4},{"damage":24,"enemies":"The Guardian","floor":16,"turns":10},{"damage":5,"enemies":"Shell Parasite","floor":18,"turns":4},{"damage":12,"enemies":"Gremlin Leader","floor":24,"turns":6},{"damage":20,"enemies":"2 Thieves","floor":25,"turns":4},{"damage":7,"enemies":"Chosen and Byrds","floor":31,"turns":5},{"damage":25,"enemies":"Pondfish","floor":33,"turns":10},{"damage":5,"enemies":"3 Shapes","floor":35,"turns":6},{"damage":1,"enemies":"Orb Walker","floor":39,"turns":5},{"damage":37,"enemies":"Giant Head","floor":40,"turns":7},{"damage":8,"enemies":"Reptomancer","floor":42,"turns":9},{"damage":26,"enemies":"Transient","floor":44,"turns":5},{"damage":31,"enemies":"Maw","floor":46,"turns":9},{"damage":26,"enemies":"Sphere and 2 Shapes","floor":47,"turns":8},{"damage":58,"enemies":"Awakened One","floor":50,"turns":5}],"seed_played":"1013471949334558579","potions_obtained":[{"floor":1,"key":"DuplicationPotion"},{"floor":6,"key":"LiquidMemories"},{"floor":13,"key":"Reflective Coating"},{"floor":16,"key":"Strength Potion"},{"floor":24,"key":"SneckoOil"},{"floor":25,"key":"Swift Potion"},{"floor":36,"key":"LiquidMemories"},{"floor":36,"key":"Swift Potion"},{"floor":42,"key":"DuplicationPotion"},{"floor":44,"key":"SpeedPotion"}],"is_trial":false,"path_per_floor":["M","?","M","M","$","E","R","$","T","R","M","R","M","?","R","B",null,"M","$","?","$","?","R","E","M","T","?","R","?","R","M","R","B",null,"M","?","T","?","M","E","?","E","T","M","?","M","M","?","R","B"],"character_chosen":"The_Alterego","items_purchased":["Dota2Spire:HandOfMidas","alterego_mod:Smother+1","alterego_mod:Pet+1","ReplayTheSpireMod:ShopPack","alterego_mod:Punishment","alterego_mod:Undulate"],"campfire_rested":2,"item_purchase_floors":[5,5,8,19,19,19],"current_hp_per_floor":[66,59,43,43,43,43,64,64,64,64,58,58,56,61,61,38,75,76,76,76,76,76,76,76,66,66,66,66,66,66,77,77,59,80,81,81,81,81,81,52,52,55,55,49,49,32,17,17,43,0,0],"gold":637,"neow_bonus":"THREE_CARDS","is_daily":false,"chose_seed":false,"campfire_upgraded":7,"win_rate":0.0,"timestamp":1613575552,"path_taken":["M","?","M","M","$","E","R","$","T","R","M","R","M","?","R","BOSS","M","$","?","?","?","R","E","?","T","?","R","?","R","M","R","BOSS","M","?","?","?","M","E","?","E","T","M","?","M","M","?","R","BOSS"],"items_purchased_type":["Relic","Card","Card","Relic","Card","Card"],"build_version":"2020-12-22","purchased_purges":1,"victory":false,"max_hp_per_floor":[71,71,72,72,72,72,72,72,72,72,73,73,74,74,74,75,75,76,76,76,76,76,76,77,78,78,78,78,78,78,79,79,80,80,81,81,81,81,82,83,83,84,84,85,85,86,87,87,87,87,87],"relic_stats":{"Gremlin Horn":[16,16],"Torii":6,"counters":[20,122],"Bronze Scales":[320],"Art of War":[29],"Juzu Bracelet":2,"obtain_stats":[{"Dota2Spire:HandOfMidas":5,"alterego_mod:MasochisticConstitution":0,"Snecko Heart":17,"Gremlin Horn":24,"Torii":34,"Dota2Spire:DrumOfEndurance":37,"Ring of Chaos":48,"Omamori":26,"Replay:Ancient Bell":34,"Juzu Bracelet":40,"REME_LimitBreaker":34,"Replay:Arrowhead":42,"alterego_mod:FleetingLove":20,"Anchor":34,"Bronze Scales":6,"Dota2Spire:LinkenSphere":43,"Art of War":9,"REME_ComplimentaryCards":0,"ReplayTheSpireMod:ShopPack":19},{"Dota2Spire:HandOfMidas":3,"alterego_mod:MasochisticConstitution":0,"Snecko Heart":7,"Gremlin Horn":9,"Torii":12,"Dota2Spire:DrumOfEndurance":13,"Ring of Chaos":19,"Omamori":10,"Replay:Ancient Bell":12,"Juzu Bracelet":15,"REME_LimitBreaker":12,"Replay:Arrowhead":16,"alterego_mod:FleetingLove":8,"Anchor":12,"Bronze Scales":4,"Dota2Spire:LinkenSphere":16,"Art of War":4,"REME_ComplimentaryCards":0,"ReplayTheSpireMod:ShopPack":8},{"Dota2Spire:HandOfMidas":13,"alterego_mod:MasochisticConstitution":0,"Snecko Heart":40,"Gremlin Horn":50,"Torii":69,"Dota2Spire:DrumOfEndurance":75,"Ring of Chaos":117,"Omamori":54,"Replay:Ancient Bell":69,"Juzu Bracelet":86,"REME_LimitBreaker":69,"Replay:Arrowhead":95,"alterego_mod:FleetingLove":44,"Anchor":69,"Bronze Scales":25,"Dota2Spire:LinkenSphere":95,"Art of War":25,"REME_ComplimentaryCards":0,"ReplayTheSpireMod:ShopPack":44}]},"card_choices":[{"not_picked":["alterego_mod:Lingerie","alterego_mod:RidiculouslyBig"],"picked":"alterego_mod:TrashNCrash","floor":0},{"not_picked":["alterego_mod:Undulate","alterego_mod:PerceptionDisorder"],"picked":"alterego_mod:Pet","floor":1},{"not_picked":["alterego_mod:Undulate","alterego_mod:Mirror"],"picked":"alterego_mod:ChallengeComplete","floor":3},{"not_picked":["alterego_mod:RidiculouslyBig","alterego_mod:Bloomers"],"picked":"alterego_mod:Mirror","floor":4},{"not_picked":["alterego_mod:PainIsPleasure","alterego_mod:SideboobHour"],"picked":"alterego_mod:Cycle","floor":6},{"not_picked":["alterego_mod:Santa","alterego_mod:HighServant"],"picked":"alterego_mod:Cushion","floor":11},{"not_picked":["alterego_mod:GoddessCore","alterego_mod:ChallengeComplete"],"picked":"alterego_mod:DestructionOfProperty","floor":13},{"not_picked":["alterego_mod:IdEs","alterego_mod:Lift"],"picked":"alterego_mod:TrickOrTreatment","floor":16},{"not_picked":["alterego_mod:Bounce","alterego_mod:DeftHands"],"picked":"alterego_mod:MagicResistance","floor":18},{"not_picked":["REME_ProfessionalPlagiarism","REME_AllRoundStrike"],"picked":"Metamorphosis","floor":19},{"not_picked":["Mind Blast","REME_TheoryOfElimination"],"picked":"REME_FirmDetermination","floor":19},{"not_picked":["Replay:Bootleg Shield Generator","Replay:Parry"],"picked":"The Bomb","floor":19},{"not_picked":["alterego_mod:PerceptionDisorder","alterego_mod:SuperDuperMasochism+1"],"picked":"alterego_mod:Exercise+1","floor":24},{"not_picked":["alterego_mod:GoddessCore+1","alterego_mod:Birthday"],"picked":"alterego_mod:GachaTicket","floor":25},{"not_picked":["alterego_mod:Valentines+1","alterego_mod:Collar+1"],"picked":"alterego_mod:Punishment+1","floor":31},{"not_picked":["Overencumbered","Doubt"],"picked":"Injury","floor":34},{"not_picked":["Parasite","Delirium"],"picked":"Hallucinations","floor":34},{"not_picked":["Pain","REME_CurseOfMatryoshka"],"picked":"Spreading Infection","floor":34},{"not_picked":["alterego_mod:PerceptionDisorder","alterego_mod:BusterCard+1"],"picked":"alterego_mod:ClassAdvantage","floor":35},{"not_picked":["alterego_mod:Support+1","alterego_mod:Complex"],"picked":"alterego_mod:Santa+1","floor":39},{"not_picked":["alterego_mod:GachaTicket","alterego_mod:MaintainEyeContact+1"],"picked":"alterego_mod:Rip+1","floor":40},{"not_picked":["alterego_mod:Maid+1","alterego_mod:RidiculouslyBig+1"],"picked":"alterego_mod:Cooking","floor":41},{"not_picked":["alterego_mod:Skirt","alterego_mod:Bounce"],"picked":"alterego_mod:PurpleHair","floor":41},{"not_picked":["alterego_mod:Undulate","alterego_mod:Skirt"],"picked":"alterego_mod:ChallengeComplete","floor":41},{"not_picked":["alterego_mod:Cooking","alterego_mod:Jiggle+1"],"picked":"alterego_mod:Tantrum","floor":42},{"not_picked":["alterego_mod:Undulate","alterego_mod:HighServant"],"picked":"alterego_mod:Punishment","floor":44},{"not_picked":["alterego_mod:Lingerie","alterego_mod:Maid"],"picked":"alterego_mod:RidiculouslyBig+1","floor":46},{"not_picked":["alterego_mod:Cooking+1","alterego_mod:Pet"],"picked":"alterego_mod:Cycle+1","floor":47}],"player_experience":361722,"relics_obtained":[{"floor":6,"key":"Bronze Scales"},{"floor":9,"key":"Art of War"},{"floor":24,"key":"Gremlin Horn"},{"floor":26,"key":"Omamori"},{"floor":37,"key":"Dota2Spire:DrumOfEndurance"},{"floor":40,"key":"Juzu Bracelet"},{"floor":42,"key":"Replay:Arrowhead"},{"floor":43,"key":"Dota2Spire:LinkenSphere"},{"floor":48,"key":"Ring of Chaos"}],"event_choices":[{"damage_healed":0,"gold_gain":0,"player_choice":"Damaged","damage_taken":7,"max_hp_gain":0,"max_hp_loss":0,"event_name":"Wheel of Change","floor":2,"gold_loss":0},{"cards_removed":["alterego_mod:Cycle"],"damage_healed":5,"gold_gain":0,"player_choice":"Offered Common","damage_taken":0,"max_hp_gain":0,"max_hp_loss":0,"event_name":"Bonfire Elementals","floor":14,"gold_loss":0},{"cards_removed":["alterego_mod:Cycle"],"damage_healed":5,"gold_gain":0,"player_choice":"Offered Special","damage_taken":0,"max_hp_gain":0,"max_hp_loss":0,"event_name":"Bonfire Elementals","floor":14,"gold_loss":0},{"damage_healed":0,"gold_gain":0,"player_choice":"Choice 1","damage_taken":0,"relics_obtained":["alterego_mod:FleetingLove"],"max_hp_gain":0,"max_hp_loss":0,"event_name":"?的神圣花?","floor":20,"gold_loss":0},{"damage_healed":0,"gold_gain":0,"player_choice":"Copied","damage_taken":0,"max_hp_gain":0,"max_hp_loss":0,"event_name":"Duplicator","floor":22,"gold_loss":0,"cards_obtained":["alterego_mod:Cushion"]},{"damage_healed":0,"gold_gain":0,"player_choice":"Paid Fearfully","damage_taken":0,"max_hp_gain":0,"max_hp_loss":0,"event_name":"Masked Bandits","floor":27,"gold_loss":84},{"damage_healed":0,"gold_gain":0,"player_choice":"Ignored","damage_taken":0,"max_hp_gain":0,"max_hp_loss":0,"event_name":"Vampires","floor":29,"gold_loss":0},{"damage_healed":0,"gold_gain":0,"player_choice":"Got Potions","damage_taken":0,"max_hp_gain":0,"max_hp_loss":0,"event_name":"Lab","floor":36,"gold_loss":0},{"damage_healed":0,"gold_gain":0,"player_choice":"Ignored","damage_taken":0,"max_hp_gain":0,"max_hp_loss":0,"event_name":"Mysterious Sphere","floor":38,"gold_loss":0},{"cards_removed":["alterego_mod:Strike"],"damage_healed":0,"gold_gain":0,"player_choice":"Removed Attack","damage_taken":0,"max_hp_gain":0,"max_hp_loss":0,"event_name":"Falling","floor":45,"gold_loss":0}],"is_beta":false,"boss_relics":[{"not_picked":["Replay:Bronze Core","REME_LowDesire"],"picked":"Snecko Heart"},{"not_picked":["Runic Pyramid","Runic Dome"],"picked":"Replay:Ancient Bell"},{"not_picked":["Potion Belt","Replay:Mystery Machine"],"picked":"Anchor"},{"not_picked":["Dota2Spire:MantaStyle","ReplayTheSpireMod:Ninjato"],"picked":"REME_LimitBreaker"},{"not_picked":["Replay:Towering Pillar of Hats","Unceasing Top"],"picked":"Torii"}],"items_purged_floors":[19],"is_endless":false,"potions_floor_spawned":[1,6,13,16,24,25,31,42,44],"killed_by":"Awakened One","ascension_level":0}}