{"host":"blnmo1e2jbqugfxh","time":1613522538,"event":{"mods":["2.2 Compatiblity","Astrologer","Bard","BaseMod","Beaked The Cultist","Colored Powertips","Conspire","Downfall","Friendly Minions","Googly Eyes","Hermit","Highlight Path","Hubris","Infinite Spire","Lobotomy","Marisa????????","Mimic Mod","Minty Spire (QoL Compilation)","Prisma Mod","Quick Restart","Rare Cards Sparkle","Replay The Spire","Shop Mod","StSLib","The Construct","The Cursed","The Disciple","The Exalted","The Hierophant","The Mystic","The Servant 0.9.4"],"gold_per_floor":[118,218,234,199,39,53,53,16,70,70,87,87,101,101,101,205,205,222,222,242,242,279,279,295,295,373,373,373,384,415,430,430,530,530,549,567,29,48,59,89,106,106,106,106,106,123,123,140,140,140],"floor_reached":51,"language":"ENG","playtime":7310,"items_purged":[],"score":739,"play_id":"1747fe1d-c324-4948-ac33-c52410ba3f02","local_time":"20210216194218","is_ascension_mode":false,"campfire_choices":[{"data":"UpSweep","floor":7.0,"key":"SMITH"},{"data":"DC","floor":10.0,"key":"SMITH"},{"data":"MagicChant","floor":12.0,"key":"SMITH"},{"data":"infinitespire:TheBestDefense","floor":23.0,"key":"SMITH"},{"data":"BlazeAway","floor":27.0,"key":"SMITH"},{"data":"MasterSpark","floor":32.0,"key":"SMITH"},{"data":"IllusionStar","floor":42.0,"key":"SMITH"},{"data":"JA","floor":49.0,"key":"SMITH"}],"circlet_count":0,"master_deck":["Strike_MRS+1","Strike_MRS+1","Strike_MRS+1","Defend_MRS+1","Defend_MRS+1","Defend_MRS+1","Defend_MRS+1","MasterSpark+1","DC+1","MagicChant+1","BlazeAway+1","IllusionStar","RefractionSpark","MachineGunSpark","PulseMagic","EventHorizon","EnergyFlow","Replay:Light Bash+1","GrandCross","GalacticHalo+1","PowerUp+1","infinitespire:TheBestDefense+1","Sickly","JA+1","Pot Of Greed","Pot Of Greed","Pot Of Greed","AsteroidBelt+1","SporeBomb+1","BinaryStars","GalacticHalo+1","GalacticHalo+1","GalacticHalo","GalacticHalo","IllusionStar+1","PropBag","GrandCross+1","ShootingEcho+1","Pot Of Greed"],"relics":["MiniHakkero","Bag of Marbles","Bromod:ArcaneGrace","hubris:ToyBattleship","Replay:WaspNest","Ring of Fury","hubris:PeanutButter","Orichalcum","Grinning Jar","ChewingGum","Blood Vial","conspire:Boomerang","HandmadeGrimoire","Bromod:ArcaneAegis"],"acts_visited":["Exordium","TheCity","TheBeyond"],"potions_floor_usage":[50],"damage_taken":[{"damage":3.0,"enemies":"Jaw Worm","floor":1.0,"turns":3.0},{"damage":0.0,"enemies":"Cultist","floor":3.0,"turns":2.0},{"damage":2.0,"enemies":"conspire:RoseBush","floor":6.0,"turns":2.0},{"damage":0.0,"enemies":"Exordium Wildlife","floor":11.0,"turns":2.0},{"damage":4.0,"enemies":"2 Fungi Beasts","floor":13.0,"turns":2.0},{"damage":2.0,"enemies":"Slime Boss","floor":16.0,"turns":9.0},{"damage":49.0,"enemies":"3 Byrds","floor":18.0,"turns":5.0},{"damage":24.0,"enemies":"Spheric Guardian","floor":20.0,"turns":4.0},{"damage":2.0,"enemies":"Snake Plant","floor":22.0,"turns":6.0},{"damage":0.0,"enemies":"Snake Plant","floor":24.0,"turns":1.0},{"damage":0.0,"enemies":"Chosen and Byrds","floor":29.0,"turns":3.0},{"damage":6.0,"enemies":"Slavers","floor":30.0,"turns":4.0},{"damage":0.0,"enemies":"3 Cultists","floor":31.0,"turns":3.0},{"damage":33.0,"enemies":"Collector","floor":33.0,"turns":5.0},{"damage":0.0,"enemies":"3 Shapes","floor":35.0,"turns":2.0},{"damage":17.0,"enemies":"3 Darklings","floor":36.0,"turns":4.0},{"damage":0.0,"enemies":"Writhing Mass","floor":38.0,"turns":3.0},{"damage":4.0,"enemies":"Jaw Worm Horde","floor":39.0,"turns":4.0},{"damage":0.0,"enemies":"Reptomancer","floor":40.0,"turns":3.0},{"damage":0.0,"enemies":"4 Shapes","floor":41.0,"turns":3.0},{"damage":17.0,"enemies":"Writhing Mass","floor":46.0,"turns":3.0},{"damage":2.0,"enemies":"Jaw Worm Horde","floor":48.0,"turns":3.0},{"damage":39,"enemies":"Donu and Deca","floor":50,"turns":6}],"seed_played":"-7219489170650030628","potions_obtained":[{"floor":3.0,"key":"conspire:TimeTravelPotion"},{"floor":6.0,"key":"Strength Potion"},{"floor":20.0,"key":"Energy Potion"},{"floor":29.0,"key":"ColorlessPotion"},{"floor":31.0,"key":"DuplicationPotion"},{"floor":33.0,"key":"Milkshake"},{"floor":41.0,"key":"Weak Potion"}],"is_trial":false,"path_per_floor":["M","?","M","?","$","M","R","$","T","R","M","R","M","?","R","B",null,"M","?","M","AVR","MIM","R","M","?","T","R","?","M","E","M","R","B",null,"M","M","$","M","M","E","M","R","T","?","$","M","AVR","M","R","B",null],"character_chosen":"MARISA","items_purchased":["BlazeAway","IllusionStar","RefractionSpark","PulseMagic","Blood Vial","conspire:Boomerang","GalacticHalo","IllusionStar"],"campfire_rested":0,"item_purchase_floors":[5,5,5,8,37,37,37,37],"current_hp_per_floor":[72,72,72,72,72,70,70,70,70,70,70,70,66,66,66,64,75,75,75,53,53,52,52,52,52,52,52,52,52,48,48,48,17,75,75,61,61,63,61,63,65,65,65,65,65,50,50,50,50,30],"gold":140,"neow_bonus":"THREE_CARDS","is_daily":false,"chose_seed":false,"campfire_upgraded":8,"win_rate":0.0,"timestamp":1613522538,"path_taken":["M","?","?","?","$","M","R","?","T","R","M","R","M","?","R","BOSS","M","?","M","AVR","?","R","M","?","T","R","?","M","E","M","R","BOSS","M","M","?","M","M","E","M","R","T","?","$","M","AVR","M","R","BOSS"],"items_purchased_type":["Card","Card","Card","Card","Relic","Relic","Card","Card"],"build_version":"2020-12-22","purchased_purges":0,"victory":true,"max_hp_per_floor":[75,75,75,75,75,75,75,75,75,75,75,75,75,75,75,75,75,75,75,75,75,75,75,75,75,75,75,75,75,75,75,75,75,75,75,75,75,75,75,75,75,75,75,75,75,75,75,75,75,75],"card_choices":[{"not_picked":["WitchLeyline","GravityBeat"],"picked":"DC","floor":0.0},{"not_picked":["OortCloud","MilkyWay"],"picked":"MagicChant","floor":1.0},{"not_picked":["WitchLeyline","ShootTheMoon"],"picked":"SprinkleStarSeal","floor":3.0},{"not_picked":["DeepEcoloBomb","LuminesStrike"],"picked":"MachineGunSpark","floor":6.0},{"not_picked":["ShootTheMoon","MagicChant"],"picked":"EventHorizon","floor":11.0},{"not_picked":["EnergyRecoil","BlazeAway"],"picked":"EnergyFlow","floor":13.0},{"not_picked":["BinaryStars","MillisecondPulsars"],"picked":"JA","floor":16.0},{"not_picked":["AsteroidBelt","PowerUp"],"picked":"GalacticHalo+1","floor":18.0},{"not_picked":["WitchLeyline","EventHorizon+1"],"picked":"PowerUp+1","floor":20.0},{"not_picked":["LuminesStrike+1","DoubleSpark","ChargeUpSpray"],"picked":"SKIP","floor":24.0},{"not_picked":["Acceleration","Orbital"],"picked":"JA","floor":29.0},{"not_picked":["DarkMatter+1","6A+1"],"picked":"AsteroidBelt+1","floor":30.0},{"not_picked":["UnstableBomb","DarkMatter+1"],"picked":"SporeBomb+1","floor":31.0},{"not_picked":["AbsoluteMagnitude","SatelliteIllusion"],"picked":"BinaryStars","floor":33.0},{"not_picked":["PowerUp+1","StarlightTyphoon"],"picked":"GalacticHalo+1","floor":35.0},{"not_picked":["SporeBomb+1","GrandCross"],"picked":"GalacticHalo+1","floor":36.0},{"not_picked":["IllusionStar+1","MysteriousBeam"],"picked":"PropBag","floor":38.0},{"not_picked":["SprinkleStarSeal+1","SporeBomb+1"],"picked":"GrandCross+1","floor":39.0},{"not_picked":["DC+1","StarBarrage","WitchOfGreed+1"],"picked":"SKIP","floor":40.0},{"not_picked":["Acceleration","IllusionStar"],"picked":"ShootingEcho+1","floor":41.0},{"not_picked":["FairyDestructionRay","StarlightTyphoon+1","ShootingEcho+1"],"picked":"SKIP","floor":46.0},{"not_picked":["NonDirectionalLaser","EventHorizon","MilkyWay+1"],"picked":"SKIP","floor":48.0}],"player_experience":51972,"relics_obtained":[{"floor":9.0,"key":"Bag of Marbles"},{"floor":22.0,"key":"Replay:WaspNest"},{"floor":25.0,"key":"Ring of Fury"},{"floor":26.0,"key":"hubris:PeanutButter"},{"floor":30.0,"key":"Grinning Jar"},{"floor":43.0,"key":"HandmadeGrimoire"}],"event_choices":[{"damage_healed":0.0,"max_hp_gain":0.0,"max_hp_loss":0.0,"gold_gain":100.0,"event_name":"Golden Shrine","player_choice":"Pray","floor":2.0,"gold_loss":0.0,"damage_taken":0.0},{"damage_healed":0.0,"max_hp_gain":0.0,"max_hp_loss":0.0,"gold_gain":0.0,"event_name":"World of Goop","player_choice":"Left Gold","floor":4.0,"gold_loss":35.0,"damage_taken":0.0},{"damage_healed":0.0,"max_hp_gain":0.0,"max_hp_loss":0.0,"gold_gain":0.0,"event_name":"Back to Basics","player_choice":"Simplicity","floor":19.0,"gold_loss":0.0,"damage_taken":0.0,"cards_upgraded":["Strike_MRS","Strike_MRS","Strike_MRS","Defend_MRS","Defend_MRS","Defend_MRS","Defend_MRS"]},{"cards_removed":["SprinkleStarSeal"],"damage_healed":0.0,"max_hp_gain":0.0,"max_hp_loss":0.0,"gold_gain":0.0,"event_name":"WeMeetAgain","player_choice":"Gave Card","floor":28.0,"gold_loss":0.0,"damage_taken":0.0,"relics_obtained":["Orichalcum"]},{"cards_removed":["JA"],"damage_healed":0.0,"max_hp_gain":0.0,"max_hp_loss":0.0,"gold_gain":0.0,"event_name":"Falling","player_choice":"Removed Attack","floor":44.0,"gold_loss":0.0,"damage_taken":0.0}],"is_beta":false,"boss_relics":[{"not_picked":["hubris:TerracottaHorce","Honey Jar"],"picked":"Bromod:ArcaneGrace"},{"not_picked":["SlaversCollar","RampagingMagicTools"],"picked":"ChewingGum"}],"items_purged_floors":[],"is_endless":false,"potions_floor_spawned":[3,6,20,29,31,33,35,39,41,46,48],"ascension_level":0}}