{"host":"2j7k79oxv8es4yqd","time":1613574661,"event":{"mods":["BaseMod","Minty Spire (QoL Compilation)","Permanent Neow","StSLib"],"gold_per_floor":[109,127,127,147,172,199,219,244,270,302,302,101,101,1,1,104,104,94,104,28,28,28,28,56,56,56,73,172,172,195,195,195,290,290,310,323,338,353,372,372,372],"floor_reached":40,"language":"ZHT","playtime":2118,"items_purged":["Strike_G","Regret"],"score":466,"play_id":"b29f3395-293d-4dfd-b224-23a92bd844b0","local_time":"20210217231101","is_ascension_mode":true,"campfire_choices":[{"floor":11,"key":"REST"},{"data":"Footwork","floor":15,"key":"SMITH"},{"data":"Footwork","floor":23,"key":"SMITH"},{"floor":25,"key":"REST"},{"floor":32,"key":"RECALL"}],"circlet_count":0,"master_deck":["Strike_G","Strike_G","Strike_G+1","Strike_G+1","Defend_G","Defend_G","Defend_G","Defend_G","Defend_G","Survivor","Neutralize","Deflect","Infinite Blades","Cloak And Dagger","Escape Plan","Footwork+1","Slice","Die Die Die","Calculated Gamble","Footwork+1","Prepared+1","Neutralize","Envenom","Cloak And Dagger+1","Slice","Escape Plan+1","Concentrate","Footwork+1"],"relics":["Runic Pyramid","Regal Pillow","Bag of Marbles","Pear","Pantograph","Whetstone","Tiny Chest","Anchor","Black Star","Pen Nib","Prayer Wheel","Blue Candle","Dream Catcher","Coffee Dripper"],"acts_visited":["Exordium","TheCity","TheBeyond"],"potions_floor_usage":[6,6,39],"damage_taken":[{"damage":0,"enemies":"Small Slimes","floor":1,"turns":3},{"damage":2,"enemies":"Jaw Worm","floor":2,"turns":4},{"damage":2,"enemies":"Cultist","floor":4,"turns":5},{"damage":18,"enemies":"Gremlin Nob","floor":6,"turns":5},{"damage":17,"enemies":"Exordium Wildlife","floor":7,"turns":8},{"damage":18,"enemies":"Lagavulin","floor":8,"turns":10},{"damage":25,"enemies":"Gremlin Nob","floor":10,"turns":5},{"damage":26,"enemies":"Hexaghost","floor":16,"turns":16},{"damage":0,"enemies":"2 Thieves","floor":18,"turns":4},{"damage":9,"enemies":"3 Byrds","floor":19,"turns":6},{"damage":44,"enemies":"Slavers","floor":24,"turns":9},{"damage":33,"enemies":"Centurion and Healer","floor":27,"turns":8},{"damage":36,"enemies":"Automaton","floor":33,"turns":17},{"damage":50,"enemies":"3 Darklings","floor":35,"turns":13},{"damage":1,"enemies":"Orb Walker","floor":36,"turns":4},{"damage":40,"enemies":"4 Shapes","floor":37,"turns":10},{"damage":8,"enemies":"Maw","floor":38,"turns":9},{"damage":10,"enemies":"Sphere and 2 Shapes","floor":39,"turns":7},{"damage":40,"enemies":"Nemesis","floor":40,"turns":12}],"seed_played":"-8786255829113592866","potions_obtained":[{"floor":1,"key":"Weak Potion"},{"floor":4,"key":"Swift Potion"},{"floor":6,"key":"FairyPotion"},{"floor":24,"key":"PowerPotion"},{"floor":27,"key":"FairyPotion"},{"floor":31,"key":"GamblersBrew"},{"floor":36,"key":"Dexterity Potion"},{"floor":37,"key":"CunningPotion"},{"floor":38,"key":"CultistPotion"}],"is_trial":false,"path_per_floor":["M","M","?","M","T","E","M","E","T","E","R","$","?","$","R","B",null,"M","M","$","?","T","R","E","R","T","M","?","?","T","?","R","B",null,"M","M","M","M","M","E"],"character_chosen":"THE_SILENT","items_purchased":["Footwork","Slice","Footwork"],"campfire_rested":2,"item_purchase_floors":[12,12,20],"current_hp_per_floor":[70,68,61,59,59,51,34,16,16,18,57,57,57,57,57,54,80,80,71,71,71,71,71,27,66,66,33,33,33,33,33,33,22,80,30,29,24,16,6,0,0],"gold":372,"neow_bonus":"BOSS_RELIC","is_daily":false,"chose_seed":false,"campfire_upgraded":2,"win_rate":0.0,"timestamp":1613574661,"path_taken":["M","M","?","M","?","E","?","E","T","E","R","$","?","?","R","BOSS","M","M","$","?","?","R","E","R","T","?","?","?","?","?","R","BOSS","M","?","M","M","?","E"],"items_purchased_type":["Card","Card","Card"],"build_version":"2020-12-22","purchased_purges":2,"victory":false,"max_hp_per_floor":[70,70,70,70,70,80,80,80,80,80,80,80,80,80,80,80,80,80,80,80,80,80,80,80,80,80,80,80,80,80,80,80,80,80,80,80,80,80,80,80,80],"card_choices":[{"not_picked":["Setup","Expertise"],"picked":"Deflect","floor":1},{"not_picked":["Deflect","Skewer"],"picked":"Infinite Blades","floor":2},{"not_picked":["Masterful Stab","Leg Sweep"],"picked":"Cloak And Dagger","floor":4},{"not_picked":["Reflex","Outmaneuver","Dagger Spray"],"picked":"SKIP","floor":6},{"not_picked":["Acrobatics","Dagger Spray","Outmaneuver"],"picked":"SKIP","floor":7},{"not_picked":["Masterful Stab","Malaise"],"picked":"Escape Plan","floor":8},{"not_picked":["Finisher","Caltrops","Cloak And Dagger"],"picked":"SKIP","floor":10},{"not_picked":["Doppelganger","Glass Knife"],"picked":"Die Die Die","floor":16},{"not_picked":["Accuracy","Cloak And Dagger","Bane"],"picked":"SKIP","floor":18},{"not_picked":["Poisoned Stab","Crippling Poison"],"picked":"Calculated Gamble","floor":19},{"not_picked":["All Out Attack","Dash","Dodge and Roll"],"picked":"SKIP","floor":24},{"not_picked":["Bouncing Flask","All Out Attack"],"picked":"Prepared+1","floor":27},{"not_picked":["Deadly Poison","Accuracy","Flechettes"],"picked":"SKIP","floor":27},{"not_picked":["Glass Knife","Grand Finale"],"picked":"Envenom","floor":33},{"not_picked":["PiercingWail","Sucker Punch"],"picked":"Cloak And Dagger+1","floor":35},{"not_picked":["Bouncing Flask+1","Expertise+1","Blur"],"picked":"SKIP","floor":35},{"not_picked":["Eviscerate","Backflip+1"],"picked":"Slice","floor":36},{"not_picked":["Deadly Poison","Outmaneuver","Sucker Punch+1"],"picked":"SKIP","floor":36},{"not_picked":["Outmaneuver","Dodge and Roll+1"],"picked":"Escape Plan+1","floor":37},{"not_picked":["Masterful Stab","Sucker Punch","Acrobatics+1"],"picked":"SKIP","floor":37},{"not_picked":["Infinite Blades+1","Blade Dance+1"],"picked":"Concentrate","floor":38},{"not_picked":["Outmaneuver","Slice","Quick Slash"],"picked":"SKIP","floor":38},{"not_picked":["All Out Attack","Corpse Explosion"],"picked":"Footwork+1","floor":39},{"not_picked":["Concentrate+1","Deflect","Catalyst"],"picked":"SKIP","floor":39}],"player_experience":564093,"relics_obtained":[{"floor":5,"key":"Bag of Marbles"},{"floor":6,"key":"Pear"},{"floor":8,"key":"Pantograph"},{"floor":9,"key":"Whetstone"},{"floor":10,"key":"Tiny Chest"},{"floor":24,"key":"Pen Nib"},{"floor":24,"key":"Prayer Wheel"},{"floor":26,"key":"Blue Candle"},{"floor":30,"key":"Dream Catcher"}],"event_choices":[{"damage_healed":0,"gold_gain":0,"player_choice":"Success","damage_taken":7,"relics_obtained":["Regal Pillow"],"max_hp_gain":0,"max_hp_loss":0,"event_name":"Scrap Ooze","floor":3,"gold_loss":0},{"damage_healed":0,"gold_gain":0,"player_choice":"Box","damage_taken":0,"relics_obtained":["Anchor"],"max_hp_gain":0,"max_hp_loss":0,"event_name":"Big Fish","floor":13,"gold_loss":0,"cards_obtained":["Regret"]},{"damage_healed":0,"gold_gain":0,"player_choice":"Ignored","damage_taken":0,"max_hp_gain":0,"max_hp_loss":0,"event_name":"Vampires","floor":21,"gold_loss":0},{"damage_healed":0,"gold_gain":99,"player_choice":"Stole From Cult","damage_taken":0,"max_hp_gain":0,"max_hp_loss":0,"event_name":"Nest","floor":28,"gold_loss":0},{"damage_healed":0,"gold_gain":0,"player_choice":"1 cards matched","damage_taken":0,"max_hp_gain":0,"max_hp_loss":0,"event_name":"Match and Keep!","floor":29,"gold_loss":0,"cards_obtained":["Neutralize"]},{"damage_healed":0,"gold_gain":0,"player_choice":"Got Potions","damage_taken":0,"max_hp_gain":0,"max_hp_loss":0,"event_name":"Lab","floor":31,"gold_loss":0}],"is_beta":false,"boss_relics":[{"not_picked":["Busted Crown","Cursed Key"],"picked":"Black Star"},{"not_picked":["Astrolabe","Runic Dome"],"picked":"Coffee Dripper"}],"items_purged_floors":[12,14],"is_endless":false,"potions_floor_spawned":[1,4,6,24,27,36,37,38],"killed_by":"Nemesis","ascension_level":2}}