{"host":"a6ztjasp7lxlo10n","time":1613534292,"event":{"mods":["Act Like it!","BaseMod","Colored Map","Marisa£®ÏF”Í°°ƒß¿Ì…≥£©","Minty Spire (QoL Compilation)","Quick Restart","StSLib","SuperFastMode"],"gold_per_floor":[115,134,148,162,174,174,204,215,215,227,256,268,315,327,339,454,466,494,524,635,667,691,730,742,781,793,824,363,390,36,53,53,156,156,170,220,220,46,0,25,25,53,53,7,25,25,39,39,39,39],"floor_reached":51,"language":"ZHS","playtime":2148,"items_purged":["Clothesline","Strike_R","Strike_R"],"score":1281,"play_id":"7d8f6253-589c-4f0e-8d2e-e1fb210ee32b","local_time":"20210217115812","is_ascension_mode":true,"campfire_choices":[{"floor":6.0,"key":"REST"},{"floor":15.0,"key":"REST"},{"data":"Offering","floor":24.0,"key":"SMITH"},{"data":"Bludgeon","floor":32,"key":"SMITH"},{"floor":41,"key":"REST"},{"floor":46,"key":"REST"},{"data":"Perfected Strike","floor":49,"key":"SMITH"}],"circlet_count":0,"master_deck":["AscendersBane","Strike_R","Strike_R","Strike_R","Defend_R","Defend_R","Defend_R","Defend_R","Bash","Uppercut+1","Heavy Blade","Shrug It Off","Offering+1","Perfected Strike","Perfected Strike","Bludgeon+1","Power Through","Second Wind+1","The Bomb","Feel No Pain","Bludgeon","Shrug It Off+1","Perfected Strike+1","Madness","Madness","Body Slam","Perfected Strike+1","Perfected Strike"],"relics":["Snecko Eye","Incense Burner","Magic Flower","MawBank","Pear","Runic Dome","Calipers","Boot","White Beast Statue","Bronze Scales","Self Forming Clay","Mercury Hourglass","Philosopher\u0027s Stone","Unceasing Top","Red Mask","Paper Frog","Oddly Smooth Stone","Singing Bowl"],"acts_visited":["Exordium","TheCity","TheBeyond"],"potions_floor_usage":[33,36,42,42,50,50],"damage_taken":[{"damage":5.0,"enemies":"2 Louse","floor":1.0,"turns":3.0},{"damage":10.0,"enemies":"Cultist","floor":2.0,"turns":5.0},{"damage":7.0,"enemies":"Jaw Worm","floor":3.0,"turns":2.0},{"damage":17.0,"enemies":"Blue Slaver","floor":4.0,"turns":3.0},{"damage":3.0,"enemies":"3 Louse","floor":5.0,"turns":2.0},{"damage":14.0,"enemies":"3 Sentries","floor":7.0,"turns":7.0},{"damage":13.0,"enemies":"Large Slime","floor":8.0,"turns":5.0},{"damage":1.0,"enemies":"Blue Slaver","floor":10.0,"turns":2.0},{"damage":18.0,"enemies":"Gremlin Nob","floor":11.0,"turns":3.0},{"damage":1.0,"enemies":"Lagavulin","floor":13.0,"turns":4.0},{"damage":16.0,"enemies":"Hexaghost","floor":16.0,"turns":7.0},{"damage":11.0,"enemies":"2 Thieves","floor":18.0,"turns":3.0},{"damage":0.0,"enemies":"Spheric Guardian","floor":19.0,"turns":2.0},{"damage":10.0,"enemies":"3 Cultists","floor":21.0,"turns":3.0},{"damage":0.0,"enemies":"Snake Plant","floor":22.0,"turns":2.0},{"damage":0.0,"enemies":"Book of Stabbing","floor":23.0,"turns":2.0},{"damage":0.0,"enemies":"Gremlin Leader","floor":25.0,"turns":5.0},{"damage":12.0,"enemies":"Chosen and Byrds","floor":27.0,"turns":4.0},{"damage":29.0,"enemies":"Slavers","floor":29.0,"turns":6.0},{"damage":13,"enemies":"Shelled Parasite and Fungi","floor":31,"turns":4},{"damage":34,"enemies":"Automaton","floor":33,"turns":8},{"damage":12,"enemies":"Orb Walker","floor":35,"turns":2},{"damage":11,"enemies":"Mind Bloom Boss Battle","floor":36,"turns":4},{"damage":7,"enemies":"Giant Head","floor":40,"turns":7},{"damage":20,"enemies":"Reptomancer","floor":42,"turns":6},{"damage":0,"enemies":"3 Shapes","floor":45,"turns":3},{"damage":0,"enemies":"Spire Growth","floor":47,"turns":2},{"damage":28,"enemies":"Time Eater","floor":50,"turns":4}],"seed_played":"381274325668634087","potions_obtained":[{"floor":1.0,"key":"ColorlessPotion"},{"floor":2.0,"key":"ElixirPotion"},{"floor":5.0,"key":"Weak Potion"},{"floor":7.0,"key":"EntropicBrew"},{"floor":10.0,"key":"SneckoOil"},{"floor":16.0,"key":"SteroidPotion"},{"floor":21.0,"key":"AttackPotion"},{"floor":23.0,"key":"FearPotion"},{"floor":29.0,"key":"Fire Potion"},{"floor":31,"key":"AttackPotion"},{"floor":33,"key":"SpeedPotion"},{"floor":36,"key":"Energy Potion"},{"floor":42,"key":"DistilledChaos"},{"floor":45,"key":"LiquidBronze"},{"floor":47,"key":"PowerPotion"}],"is_trial":false,"path_per_floor":["M","M","M","M","M","R","E","M","T","M","E","?","E","$","R","B",null,"M","M","?","M","M","E","R","E","T","M","$","E","$","M","R","B",null,"M","?","?","$","?","E","R","E","T","$","M","R","M","?","R","B",null],"character_chosen":"IRONCLAD","items_purchased":["Bronze Scales","Self Forming Clay","The Bomb","Feel No Pain","Body Slam","Perfected Strike"],"campfire_rested":4,"item_purchase_floors":[28,28,30,30,38,44],"current_hp_per_floor":[67,57,50,33,30,54,40,27,27,26,8,8,17,17,44,28,75,64,64,64,54,54,54,54,54,54,42,42,13,13,41,41,7,69,57,46,35,35,35,28,55,35,35,35,35,62,64,64,64,36],"gold":39,"neow_bonus":"BOSS_RELIC","is_daily":false,"chose_seed":false,"campfire_upgraded":3,"win_rate":0.0,"timestamp":1613534292,"path_taken":["M","M","M","M","M","R","E","M","T","M","E","?","E","$","R","BOSS","M","?","?","M","M","E","R","E","T","M","$","E","$","M","R","BOSS","M","?","?","$","?","E","R","E","T","$","M","R","M","?","R","BOSS"],"items_purchased_type":["Relic","Relic","Card","Card","Card","Card"],"build_version":"2020-12-22","purchased_purges":3,"victory":true,"max_hp_per_floor":[80,80,80,80,80,80,80,80,80,80,80,80,90,90,90,90,90,90,90,90,90,90,90,90,90,90,90,90,90,90,90,90,90,90,90,90,90,90,90,90,90,90,90,90,90,90,92,92,92,92],"card_choices":[{"not_picked":["Dual Wield","Combust","Thunderclap"],"picked":"SKIP","floor":1.0},{"not_picked":["True Grit","Pommel Strike"],"picked":"Uppercut","floor":2.0},{"not_picked":["Twin Strike","Headbutt"],"picked":"Heavy Blade","floor":3.0},{"not_picked":["Armaments","Headbutt"],"picked":"Shrug It Off","floor":4.0},{"not_picked":["Intimidate","Bloodletting"],"picked":"Clothesline","floor":5.0},{"not_picked":["True Grit","Warcry"],"picked":"Offering","floor":7.0},{"not_picked":["Anger","Twin Strike","Wild Strike"],"picked":"SKIP","floor":8.0},{"not_picked":["Clothesline","Havoc","Wild Strike"],"picked":"SKIP","floor":10.0},{"not_picked":["Clash","Twin Strike"],"picked":"Perfected Strike","floor":11.0},{"not_picked":["Exhume","Clothesline"],"picked":"Perfected Strike","floor":13.0},{"not_picked":["Fiend Fire","Demon Form"],"picked":"Bludgeon","floor":16.0},{"not_picked":["Iron Wave+1","Twin Strike","Clothesline"],"picked":"SKIP","floor":18.0},{"not_picked":["Twin Strike+1","Battle Trance"],"picked":"Power Through","floor":19.0},{"not_picked":["Sword Boomerang","Iron Wave","Havoc"],"picked":"SKIP","floor":21.0},{"not_picked":["Pommel Strike","Flex"],"picked":"Second Wind+1","floor":22.0},{"not_picked":["Hemokinesis","Searing Blow","Reckless Charge+1"],"picked":"SKIP","floor":23.0},{"not_picked":["Hemokinesis","Searing Blow","Reckless Charge+1"],"picked":"SKIP","floor":23.0},{"not_picked":["Clash","Dropkick","Limit Break"],"picked":"SKIP","floor":25.0},{"not_picked":["Bloodletting","Iron Wave","Second Wind+1"],"picked":"SKIP","floor":27.0},{"not_picked":["Clash","True Grit","Dual Wield"],"picked":"SKIP","floor":29.0},{"not_picked":["Headbutt","Bloodletting","Whirlwind"],"picked":"SKIP","floor":31},{"not_picked":["Berserk","Exhume"],"picked":"Bludgeon","floor":33},{"not_picked":["Armaments","Cleave"],"picked":"Shrug It Off+1","floor":35},{"not_picked":["Iron Wave","Searing Blow"],"picked":"Perfected Strike+1","floor":36},{"not_picked":["Warcry","Clash","Berserk"],"picked":"SKIP","floor":40},{"not_picked":["Clash","True Grit","Flex"],"picked":"SKIP","floor":42},{"not_picked":["Pummel+1","Warcry+1"],"picked":"Perfected Strike","floor":45},{"not_picked":["Flex","Fire Breathing+1","Rupture"],"picked":"Singing Bowl","floor":47}],"player_experience":239329,"relics_obtained":[{"floor":7.0,"key":"Incense Burner"},{"floor":9.0,"key":"Magic Flower"},{"floor":11.0,"key":"MawBank"},{"floor":13.0,"key":"Pear"},{"floor":23.0,"key":"Calipers"},{"floor":25.0,"key":"Boot"},{"floor":26.0,"key":"White Beast Statue"},{"floor":29.0,"key":"Mercury Hourglass"},{"floor":36,"key":"Unceasing Top"},{"floor":40,"key":"Paper Frog"},{"floor":42,"key":"Oddly Smooth Stone"},{"floor":43,"key":"Singing Bowl"}],"event_choices":[{"damage_healed":0.0,"max_hp_gain":0.0,"max_hp_loss":0.0,"gold_gain":0.0,"event_name":"Accursed Blacksmith","player_choice":"Forge","floor":12.0,"gold_loss":0.0,"damage_taken":0.0,"cards_upgraded":["Uppercut"]},{"damage_healed":0.0,"max_hp_gain":0.0,"max_hp_loss":0.0,"gold_gain":99.0,"event_name":"Nest","player_choice":"Stole From Cult","floor":20.0,"gold_loss":0.0,"damage_taken":0.0},{"damage_healed":0,"gold_gain":0,"player_choice":"Fight","damage_taken":0,"max_hp_gain":0,"max_hp_loss":0,"event_name":"MindBloom","floor":36,"gold_loss":0},{"damage_healed":0,"gold_gain":0,"player_choice":"Embrace Madness","damage_taken":11,"max_hp_gain":0,"max_hp_loss":0,"event_name":"Winding Halls","floor":37,"gold_loss":0,"cards_obtained":["Madness","Madness"]},{"damage_healed":0,"gold_gain":0,"player_choice":"Paid","damage_taken":0,"relics_obtained":["Red Mask"],"max_hp_gain":0,"max_hp_loss":0,"event_name":"Tomb of Lord Red Mask","floor":39,"gold_loss":46},{"damage_healed":0,"gold_gain":0,"player_choice":"Ignored","damage_taken":0,"max_hp_gain":0,"max_hp_loss":0,"event_name":"Mysterious Sphere","floor":48,"gold_loss":0}],"is_beta":false,"boss_relics":[{"not_picked":["Runic Cube","Fusion Hammer"],"picked":"Runic Dome"},{"not_picked":["Calling Bell","Velvet Choker"],"picked":"Philosopher\u0027s Stone"}],"items_purged_floors":[28,30,38],"is_endless":false,"potions_floor_spawned":[1,2,5,7,10,16,21,23,27,29,31,33,35,36,40,42,45,47],"ascension_level":10}}