{"host":"vssfhwrh2g618jiv","time":1613578848,"event":{"mods":["BaseMod","Downfall","Lobotomy","Marisa（F雨　魔理沙）","Minty Spire (QoL Compilation)","Remilia（蕾米莉亚）","Replay The Spire","StSLib","TestMod","The Servant 0.9.4"],"gold_per_floor":[99,113,127,37,112,112,112,387,487,887,420,451,451,451,471,573,573,373,383,383,383,383,383,383,383,194,29,29,29,29,41,51,155,155,67,91,121,133,130,142,154,166,178,216,256,314,314,517,530,530,530,557,139,139,139,139],"floor_reached":57,"language":"ZHS","playtime":2052,"items_purged":["champ:GladiatorForm","sneckomod:SerpentMind","Pride","bronze:Verify","hexamod:HexaLevel+1","downfall:Aged"],"score":1260,"play_id":"70192d87-fcad-42ac-9cf0-d88e2d1ec3ed","local_time":"20210218002048","daily_mods":["Vintage","Heirloom","Flight","Elite Swarm"],"is_ascension_mode":true,"campfire_choices":[{"floor":6,"key":"RECALL"},{"data":"FlawlessForm","floor":35,"key":"SMITH"},{"data":"Barricade","floor":54,"key":"SMITH"}],"circlet_count":0,"master_deck":["Demon Form+1","Wraith Form v2","Echo Form","DevaForm","Guardian:ConstructionForm","BatForm","FlawlessForm+1","Strike_R","Strike_R","Strike_R","Strike_R","Strike_R","Defend_R","Defend_R","Defend_R","Defend_R","Bash","Heavy Blade","Seeing Red","Regret","Replay:Undeath\u0027s Touch","Feed+1","HpAim","Strike_S","Offering","Seeing Red+1","Pain","Warcry+1","Flex+1","Limit Break+1","Injury","Regret","Intimidate+1","Infernal Blade+1","Barricade+1","Double Tap+1","Twin Strike","Spot Weakness+1","Offering+1","ReplayTheSpireMod:Muscle Training+1"],"relics":["Burning Blood","replay:Trail_Library","CaptainsWheel","testmod-TimeTraveler","Slimebound:StickyStick","Juzu Bracelet","Eternal Feather","Ginger","Guardian:PocketSentry","testmod-HarvestTotem","downfall:HeartBlessingRed","downfall:HeartBlessingGreen","Toxic Egg 2","Toy Ornithopter","ReplayTheSpireMod:Spearhead","Prayer Wheel","Bottled Lightning","Bag of Preparation","Replay:Ancient Bell","MawBank","testmod-BalancedPeriapt","FossilizedHelix","downfall:HeartBlessingBlue","testmod-LifeArmor","testmod-Brilliant","ReplayTheSpireMod:Lightbulb","Onion Ring","NeowsBlessing","Replay:Rubber Ducky","testmod-RealStoneCalender","Lee\u0027s Waffle","NeowsBlessing","testmod-CrystalShield","Boot","Frozen Eye"],"acts_visited":["Exordium","TheCity","TheBeyond","TheEnding"],"potions_floor_usage":[12,12,19,19,27,36,37,55,55,56],"damage_taken":[{"damage":8,"enemies":"Jaw Worm","floor":2,"turns":5},{"damage":8,"enemies":"Cultist","floor":3,"turns":6},{"damage":0,"enemies":"downfall:FleeingMerchant","floor":4,"turns":4},{"damage":9,"enemies":"downfall:FleeingMerchant","floor":11,"turns":4},{"damage":4,"enemies":"Lagavulin","floor":12,"turns":6},{"damage":12,"enemies":"2 Louse","floor":15,"turns":5},{"damage":5,"enemies":"DF_ARCHETYPE_STREAMLINE","floor":16,"turns":7},{"damage":6,"enemies":"Chosen","floor":19,"turns":7},{"damage":26,"enemies":"downfall:FleeingMerchant","floor":26,"turns":4},{"damage":6,"enemies":"downfall:FleeingMerchant","floor":27,"turns":4},{"damage":6,"enemies":"Shell Parasite","floor":31,"turns":6},{"damage":14,"enemies":"Sentry and Sphere","floor":32,"turns":6},{"damage":25,"enemies":"WA_ARCHETYPE_CALM","floor":33,"turns":8},{"damage":1,"enemies":"Orb Walker","floor":36,"turns":2},{"damage":2,"enemies":"3 Darklings","floor":37,"turns":6},{"damage":18,"enemies":"downfall:FleeingMerchant","floor":39,"turns":4},{"damage":0,"enemies":"Reptomancer","floor":44,"turns":1},{"damage":0,"enemies":"R_Hoarder","floor":45,"turns":1},{"damage":0,"enemies":"downfall:FleeingMerchant","floor":46,"turns":1},{"damage":0,"enemies":"Spire Growth","floor":49,"turns":1},{"damage":0,"enemies":"SI_POISON_ARCHETYPE","floor":50,"turns":1},{"damage":0,"enemies":"downfall:CharBossMerchant","floor":52,"turns":1},{"damage":24,"enemies":"downfall:NeowBoss","floor":55,"turns":9},{"damage":38,"enemies":"downfall:NeowBossFinal","floor":56,"turns":12}],"seed_played":"-8044975421166707352","potions_obtained":[{"floor":2,"key":"PowerPotion"},{"floor":12,"key":"testmod-SpacePotion"},{"floor":15,"key":"Adrenaline Potion"},{"floor":16,"key":"Block Potion"},{"floor":19,"key":"Adrenaline Potion"},{"floor":33,"key":"AttackPotion"},{"floor":44,"key":"HeartOfIron"},{"floor":49,"key":"Weak Potion"}],"is_trial":true,"path_per_floor":["R","M","M","$","?","R","T","?","WH","?","$","E","?","WH","M","B",null,"R","M","WH","WH","WH","WH","T","WH","$","$","?","WH","WH","M","M","B",null,"R","M","M","WH","$","?","T","WH","WH","E","E","$","WH","WH","M","B",null,"E","$","R","B","B",null],"character_chosen":"IRONCLAD","items_purchased":["Eternal Feather","CultistPotion","SkillPotion","Lee\u0027s Waffle","ReplayTheSpireMod:Muscle Training+1","Frozen Eye"],"campfire_rested":0,"item_purchase_floors":[11,11,26,46,53,53],"current_hp_per_floor":[80,78,76,80,69,69,69,69,69,69,66,68,73,89,90,95,208,208,208,248,248,248,248,248,248,242,248,248,296,354,354,354,349,354,354,354,354,354,348,348,348,354,354,354,354,354,354,354,354,354,354,354,354,354,349,333],"gold":139,"neow_bonus":"RANDOM_EVENT","is_daily":false,"chose_seed":false,"campfire_upgraded":2,"win_rate":0.0,"timestamp":1613578848,"path_taken":["R","M","M","$","?","R","T","?","WH","?","$","E","?","WH","M","BOSS","R","M","WH","WH","WH","WH","T","WH","$","$","?","WH","WH","M","M","BOSS","R","M","M","WH","$","?","T","WH","WH","E","E","?","WH","WH","M","BOSS","E","$","R","BOSS","BOSS"],"items_purchased_type":["Relic","Potion","Potion","Relic","Card","Relic"],"build_version":"2020-12-22","purchased_purges":6,"victory":true,"max_hp_per_floor":[80,80,80,80,80,80,80,80,80,80,80,80,85,101,104,104,208,208,208,248,248,248,248,248,248,248,248,248,296,354,354,354,354,354,354,354,354,354,354,354,354,354,354,354,354,354,354,354,354,354,354,354,354,354,354,354],"card_choices":[{"not_picked":["Flame Barrier","Seeing Red"],"picked":"Heavy Blade","floor":4},{"not_picked":["Perfected Strike","Heavy Blade"],"picked":"Replay:Undeath\u0027s Touch","floor":11},{"not_picked":["Impervious","Fiend Fire"],"picked":"Feed","floor":12},{"not_picked":["Double Tap","Impervious"],"picked":"Offering","floor":16},{"not_picked":["Wild Strike","Armaments+1"],"picked":"Warcry+1","floor":26},{"not_picked":["Warcry+1","Pommel Strike"],"picked":"Flex+1","floor":27},{"not_picked":["Feed","Corruption"],"picked":"Limit Break+1","floor":33},{"not_picked":["downfall:Malfunctioning","Languid"],"picked":"downfall:Aged","floor":34},{"not_picked":["Parasite","ReplayTheSpireMod:Restless Dread"],"picked":"Injury","floor":34},{"not_picked":["Languid","Lust_TH"],"picked":"Regret","floor":34},{"not_picked":["Clothesline","Warcry+1"],"picked":"Intimidate+1","floor":39},{"not_picked":["Exhume+1","Impervious+1"],"picked":"Barricade","floor":44},{"not_picked":["Eclipse+1","Exhume+1"],"picked":"Double Tap+1","floor":45},{"not_picked":["Ghostly Armor+1","Rupture+1"],"picked":"Twin Strike","floor":46},{"not_picked":["True Grit+1","Evolve+1"],"picked":"Spot Weakness+1","floor":48},{"not_picked":["Reaper","Corruption"],"picked":"Offering+1","floor":52}],"player_experience":20173,"relics_obtained":[{"floor":3,"key":"Slimebound:StickyStick"},{"floor":7,"key":"Juzu Bracelet"},{"floor":12,"key":"Ginger"},{"floor":15,"key":"Guardian:PocketSentry"},{"floor":19,"key":"Toy Ornithopter"},{"floor":31,"key":"Bottled Lightning"},{"floor":32,"key":"Bag of Preparation"},{"floor":36,"key":"testmod-LifeArmor"},{"floor":37,"key":"testmod-Brilliant"},{"floor":41,"key":"Onion Ring"},{"floor":44,"key":"Replay:Rubber Ducky"},{"floor":45,"key":"testmod-RealStoneCalender"},{"floor":49,"key":"testmod-CrystalShield"},{"floor":52,"key":"Boot"}],"event_choices":[{"damage_healed":0,"gold_gain":75,"player_choice":"Gather Gold","damage_taken":11,"max_hp_gain":0,"max_hp_loss":0,"event_name":"World of Goop","floor":5,"gold_loss":0},{"damage_healed":0,"gold_gain":275,"player_choice":"Desecrate","damage_taken":0,"max_hp_gain":0,"max_hp_loss":0,"event_name":"Golden Shrine","floor":8,"gold_loss":0,"cards_obtained":["Regret"]},{"damage_healed":0,"gold_gain":400,"player_choice":"Sell","damage_taken":0,"max_hp_gain":0,"max_hp_loss":0,"event_name":"恩洛斯的盘子","floor":10,"relics_lost":["testmod-TestBox"],"gold_loss":0},{"damage_healed":0,"gold_gain":0,"player_choice":"Donut","damage_taken":0,"max_hp_gain":5,"max_hp_loss":0,"event_name":"Big Fish","floor":13,"gold_loss":0},{"damage_healed":0,"gold_gain":0,"player_choice":"Stole Relic","damage_taken":0,"relics_obtained":["Toxic Egg 2"],"max_hp_gain":0,"max_hp_loss":0,"event_name":"Addict","floor":18,"gold_loss":0,"cards_obtained":["Pride"]},{"cards_removed":["Slimebound:DuplicatedForm"],"damage_healed":0,"gold_gain":0,"player_choice":"Elegance","damage_taken":0,"max_hp_gain":0,"max_hp_loss":0,"event_name":"Back to Basics","floor":28,"gold_loss":0}],"is_beta":false,"boss_relics":[{"not_picked":["testmod-GoldenSoul","testmod-Prudence"],"picked":"testmod-HarvestTotem"},{"not_picked":["Abe\u0027s Treasure","Ooze Armor"],"picked":"Replay:Ancient Bell"},{"not_picked":["Ancient Tea Set","Happy Flower"],"picked":"MawBank"},{"not_picked":["Molten Egg 2","Mummified Hand"],"picked":"testmod-BalancedPeriapt"},{"not_picked":["testmod-TheFather","Girya"],"picked":"FossilizedHelix"}],"items_purged_floors":[4,11,26,27,46,53],"is_endless":false,"potions_floor_spawned":[2,12,15,16,19,33,44,49],"ascension_level":1}}