{"host":"kaame4qwxxqnygv7","time":1613546463,"event":{"mods":["AchievementEnabler","BaseMod","Better Match","Better Skull","Better Third Choice","BetterRewards","Block Reminder","Bossed Relics","DeckTracker","Energized Spire","GungeonMod","Minty Spire (QoL Compilation)","Quick Restart","Red Circlet Mod","StSLib","SuperFastMode","The Blue Laboratory"],"gold_per_floor":[27,27,27,42,56,56,56],"floor_reached":6,"language":"KOR","playtime":231,"items_purged":[],"score":68,"play_id":"8233f34a-2851-49e4-8aff-a4983d4bad2d","local_time":"20210217162103","is_ascension_mode":true,"campfire_choices":[],"circlet_count":0,"master_deck":["AscendersBane","DemoMod:Strike_Huntress","DemoMod:Strike_Huntress","DemoMod:Defend_Huntress","DemoMod:Defend_Huntress","DemoMod:Defend_Huntress","DemoMod:Defend_Huntress","DemoMod:Roll","DemoMod:ManualReload","DemoMod:RustySidearm","DemoMod:CrossBow","DemoMod:HardPowerCard+1","DemoMod:Unmoved+1","DemoMod:HardPowerCard+1"],"relics":["DemoMod:Dog","DemoMod:GnawedKey","Bird Faced Urn","FossilizedHelix","Toxic Egg 2","Ancient Tea Set"],"acts_visited":["Exordium"],"potions_floor_usage":[6],"damage_taken":[{"damage":0.0,"enemies":"Jaw Worm","floor":1.0,"turns":3.0},{"damage":0.0,"enemies":"2 Louse","floor":4.0,"turns":2.0},{"damage":0.0,"enemies":"Small Slimes","floor":5.0,"turns":4.0},{"damage":11,"enemies":"Lagavulin","floor":6,"turns":9}],"seed_played":"3910266622251860442","potions_obtained":[],"is_trial":false,"path_per_floor":["M","?","?","M","M","E"],"character_chosen":"HUNTRESS","items_purchased":["DemoMod:GnawedKey","FossilizedHelix","Toxic Egg 2","blueLaboratory:EmptyBottle"],"campfire_rested":0,"item_purchase_floors":[0,0,0,0],"current_hp_per_floor":[39,28,21,21,21,10,10],"gold":56,"neow_bonus":"","is_daily":false,"chose_seed":false,"campfire_upgraded":0,"win_rate":0.0,"timestamp":1613546463,"path_taken":["M","?","?","M","M","E"],"items_purchased_type":["Relic","Relic","Relic","Potion"],"build_version":"2020-12-22","purchased_purges":0,"victory":false,"max_hp_per_floor":[63,63,63,63,63,63,63],"card_choices":[{"not_picked":["DemoMod:SkilledReload","DemoMod:SAA"],"picked":"DemoMod:HardPowerCard+1","floor":1.0},{"not_picked":["DemoMod:BoxingGlove","DemoMod:ChanceBullets"],"picked":"DemoMod:Unmoved+1","floor":4.0},{"not_picked":["DemoMod:TeaPot","DemoMod:ShadowBullets"],"picked":"DemoMod:HardPowerCard+1","floor":5.0}],"player_experience":304360,"relics_obtained":[],"event_choices":[{"damage_healed":0.0,"max_hp_gain":0.0,"max_hp_loss":0.0,"gold_gain":0.0,"event_name":"betterThird:BetterScrap","player_choice":"Relic ","floor":2.0,"gold_loss":0.0,"damage_taken":11.0,"cards_obtained":["Wish"]},{"cards_removed":["DemoMod:Strike_Huntress"],"damage_healed":0.0,"max_hp_gain":0.0,"max_hp_loss":0.0,"gold_gain":0.0,"event_name":"Golden Wing","player_choice":"Card Removal","floor":3.0,"gold_loss":0.0,"damage_taken":7.0}],"is_beta":false,"boss_relics":[],"items_purged_floors":[],"is_endless":false,"potions_floor_spawned":[],"killed_by":"Lagavulin","ascension_level":18}}