{"host":"8d3fefv2347kqkpz","time":1613527301,"event":{"mods":["AchievementEnabler","Aspiration","BaseMod","Better Vampires","BetterRewards","Colored Map","Colored Powertips","Downfall","Emptier Cage","Highlight Path","Marked Mod","Minty Spire (QoL Compilation)","Permanent Neow","Quick Restart","Rare Cards Sparkle","Relic Stats","Say the Spire","Spicy Shops","StSLib","Waifu the Spire"],"gold_per_floor":[99,110,20,120,137,137,212,231,231,258,58,120,120,48,66,167,167,167,178,192,202,221,235,235,235,269,289,304,36,36,136,154,258,258,158,177,241,291,104,179,179,198,198,209,244,313,313,323,341,341,341,368,19,19,19,19],"floor_reached":57,"language":"ZHS","playtime":3968,"items_purged":["Guardian:Strike_Guardian","Guardian:Strike_Guardian","Guardian:CurlUp","Guardian:Strike_Guardian","Guardian:Defend_Guardian"],"score":1253,"play_id":"6e0f20d8-c847-4ad5-b0f8-8c9fd00ea6da","local_time":"20210217100141","is_ascension_mode":false,"campfire_choices":[{"floor":1.0,"key":"RECALL"},{"data":"Guardian:Suspension","floor":11.0,"key":"SMITH"},{"floor":13.0,"key":"REST"},{"data":"Demon Form","floor":18.0,"key":"SMITH"},{"data":"Guardian:Defend_Guardian","floor":30.0,"key":"SMITH"},{"data":"Guardian:FuturePlans","floor":35.0,"key":"SMITH"},{"data":"Guardian:ConstructionForm","floor":43.0,"key":"SMITH"},{"data":"Whirlwind","floor":47.0,"key":"SMITH"}],"circlet_count":0,"master_deck":["Guardian:Defend_Guardian+1","Guardian:Defend_Guardian","Guardian:Defend_Guardian","Guardian:TwinSlam","Guardian:Suspension+1","Guardian:ExploitGems","Demon Form+1","Guardian:FuturePlans+1","Guardian:ChargeCore+1","Warcry+1","Guardian:Incinerate+1","Guardian:GatlingBeam","Metallicize+1","Whirlwind+1","Guardian:ConstructionForm+1","Guardian:Suspension+1","Guardian:Incinerate+1","Guardian:Incinerate","Metallicize+1","Metallicize","Disarm"],"relics":["aspiration:IroncladSkillbook","Sundial","Lantern","downfall:HeartBlessingRed","downfall:HeartBlessingBlue","Pear","Membership Card","expansioncontent:StudyCardRelic","Gremlin Horn","Pocketwatch","Question Card","Guardian:StasisUpgradeRelic","downfall:CloakOfManyFaces","CultistMask","FaceOfCleric","NlothsMask","GremlinMask","SsserpentHead","Coffee Dripper","downfall:HeartBlessingGreen","Guardian:StasisCodex","Guardian:BottledStasis","Oddly Smooth Stone","ClockworkSouvenir","Art of War","Orrery","Ornamental Fan"],"acts_visited":["Exordium","TheCity","TheBeyond","TheEnding"],"potions_floor_usage":[56,56],"damage_taken":[{"damage":1.0,"enemies":"2 Louse","floor":2.0,"turns":3.0},{"damage":0.0,"enemies":"downfall:FleeingMerchant","floor":3.0,"turns":4.0},{"damage":1.0,"enemies":"Jaw Worm","floor":5.0,"turns":5.0},{"damage":6.0,"enemies":"Cultist","floor":8.0,"turns":5.0},{"damage":18.0,"enemies":"Lagavulin","floor":10.0,"turns":9.0},{"damage":24.0,"enemies":"3 Sentries","floor":12.0,"turns":10.0},{"damage":0.0,"enemies":"downfall:FleeingMerchant","floor":14.0,"turns":4.0},{"damage":0.0,"enemies":"downfall:LooterAlt","floor":15.0,"turns":3.0},{"damage":28.0,"enemies":"SI_SHIV_ARCHETYPE","floor":16.0,"turns":15.0},{"damage":8.0,"enemies":"downfall:LooterAlt2","floor":19.0,"turns":2.0},{"damage":0.0,"enemies":"Chosen","floor":20.0,"turns":4.0},{"damage":0.0,"enemies":"Centurion and Healer","floor":21.0,"turns":4.0},{"damage":9.0,"enemies":"Chosen and Byrds","floor":22.0,"turns":8.0},{"damage":0.0,"enemies":"3 Cultists","floor":23.0,"turns":2.0},{"damage":24.0,"enemies":"Gremlin Leader","floor":26.0,"turns":7.0},{"damage":8.0,"enemies":"Centurion and Healer","floor":27.0,"turns":7.0},{"damage":14.0,"enemies":"Snake Plant","floor":28.0,"turns":4.0},{"damage":10.0,"enemies":"downfall:FleeingMerchant","floor":29.0,"turns":4.0},{"damage":0.0,"enemies":"downfall:FaceTrader","floor":31.0,"turns":8.0},{"damage":20.0,"enemies":"Sentry and Sphere","floor":32.0,"turns":6.0},{"damage":22.0,"enemies":"DF_ARCHETYPE_CLAW","floor":33.0,"turns":8.0},{"damage":24.0,"enemies":"3 Shapes","floor":36.0,"turns":6.0},{"damage":1.0,"enemies":"Orb Walker","floor":37.0,"turns":4.0},{"damage":4.0,"enemies":"downfall:FleeingMerchant","floor":39.0,"turns":4.0},{"damage":0.0,"enemies":"Sphere and 2 Shapes","floor":42.0,"turns":5.0},{"damage":8.0,"enemies":"3 Darklings","floor":44.0,"turns":4.0},{"damage":18.0,"enemies":"downfall:FleeingMerchant","floor":45.0,"turns":3.0},{"damage":0.0,"enemies":"Transient","floor":46.0,"turns":5.0},{"damage":0.0,"enemies":"Maw","floor":48.0,"turns":5.0},{"damage":27.0,"enemies":"Writhing Mass","floor":49.0,"turns":4.0},{"damage":10.0,"enemies":"IC_BLOCK_ARCHETYPE","floor":50.0,"turns":7.0},{"damage":10.0,"enemies":"downfall:CharBossMerchant","floor":52.0,"turns":5.0},{"damage":0.0,"enemies":"downfall:NeowBoss","floor":55.0,"turns":8.0},{"damage":44,"enemies":"downfall:NeowBossFinal","floor":56,"turns":9}],"seed_played":"6290715290988929563","potions_obtained":[{"floor":2.0,"key":"EntropicBrew"},{"floor":5.0,"key":"EssenceOfSteel"},{"floor":15.0,"key":"Weak Potion"},{"floor":16.0,"key":"FairyPotion"},{"floor":42.0,"key":"BlessingOfTheForge"},{"floor":46.0,"key":"DistilledChaos"}],"is_trial":false,"path_per_floor":["R","M","$","?","M","?","T","M","T","E","R","?","R","$","M","B",null,"R","M","M","M","M","M","T","?","E","M","M","$","R","?","M","B",null,"R","M","M","?","$","T","T","M","R","M","$","M","R","M","M","B",null,"E","$","R","B","B",null],"character_chosen":"GUARDIAN","items_purchased":["Membership Card","Question Card","Guardian:StasisUpgradeRelic","Guardian:Gem_White","Guardian:ConstructionForm","Guardian:BottledStasis","Oddly Smooth Stone","Guardian:Incinerate","ClockworkSouvenir","Orrery","Ornamental Fan","Disarm"],"campfire_rested":1,"item_purchase_floors":[14,29,29,39,39,45,45,45,45,53,53,53],"current_hp_per_floor":[80,80,80,80,80,74,74,72,72,58,68,58,88,92,96,72,100,100,96,100,100,95,99,99,99,79,75,65,59,59,63,48,31,102,102,83,87,87,88,88,88,93,93,90,77,82,82,87,65,60,112,107,107,107,112,73],"gold":19,"neow_bonus":"BOSS_RELIC","is_daily":false,"chose_seed":false,"campfire_upgraded":6,"win_rate":0.0,"timestamp":1613527301,"path_taken":["R","M","$","?","M","?","T","M","?","E","R","?","R","?","M","BOSS","R","M","M","M","M","M","T","?","E","M","M","$","R","?","M","BOSS","R","M","?","?","$","?","T","M","R","M","$","?","R","M","M","BOSS","E","$","R","BOSS","BOSS"],"items_purchased_type":["Relic","Relic","Relic","Card","Card","Relic","Relic","Card","Relic","Relic","Relic","Card"],"build_version":"2020-12-22","purchased_purges":5,"victory":true,"max_hp_per_floor":[80,80,80,80,80,80,80,80,80,80,90,100,100,100,100,100,100,100,100,100,100,100,100,100,100,100,100,100,100,100,100,101,102,102,102,103,104,104,105,105,105,106,106,107,108,109,109,110,111,112,112,113,113,113,114,115],"relic_stats":{"SsserpentHead":200,"Gremlin Horn":[20,20],"FaceOfCleric":15,"counters":[34,191],"Sundial":[64],"Ornamental Fan":[40],"Art of War":[1],"Question Card":18,"obtain_stats":[{"Lantern":10,"Gremlin Horn":24,"GremlinMask":31,"downfall:HeartBlessingGreen":35,"Guardian:StasisCodex":41,"expansioncontent:StudyCardRelic":17,"ClockworkSouvenir":45,"SsserpentHead":31,"FaceOfCleric":31,"Sundial":9,"downfall:HeartBlessingBlue":11,"downfall:CloakOfManyFaces":31,"Guardian:BottledStasis":45,"Pear":12,"downfall:HeartBlessingRed":11,"Guardian:ModeShifter":0,"Oddly Smooth Stone":45,"Question Card":29,"aspiration:IroncladSkillbook":0,"Guardian:StasisUpgradeRelic":29,"Ornamental Fan":53,"Orrery":53,"CultistMask":31,"Coffee Dripper":34,"Art of War":52,"Membership Card":14,"Pocketwatch":26,"NlothsMask":31},{"Lantern":5,"Gremlin Horn":14,"GremlinMask":19,"downfall:HeartBlessingGreen":21,"Guardian:StasisCodex":24,"expansioncontent:StudyCardRelic":9,"ClockworkSouvenir":27,"SsserpentHead":19,"FaceOfCleric":19,"Sundial":4,"downfall:HeartBlessingBlue":5,"downfall:CloakOfManyFaces":19,"Guardian:BottledStasis":27,"Pear":5,"downfall:HeartBlessingRed":5,"Guardian:ModeShifter":0,"Oddly Smooth Stone":27,"Question Card":18,"aspiration:IroncladSkillbook":0,"Guardian:StasisUpgradeRelic":18,"Ornamental Fan":32,"Orrery":32,"CultistMask":19,"Coffee Dripper":21,"Art of War":32,"Membership Card":7,"Pocketwatch":15,"NlothsMask":19},{"Lantern":26,"Gremlin Horn":78,"GremlinMask":108,"downfall:HeartBlessingGreen":122,"Guardian:StasisCodex":136,"expansioncontent:StudyCardRelic":58,"ClockworkSouvenir":148,"SsserpentHead":108,"FaceOfCleric":108,"Sundial":17,"downfall:HeartBlessingBlue":26,"downfall:CloakOfManyFaces":108,"Guardian:BottledStasis":148,"Pear":26,"downfall:HeartBlessingRed":26,"Guardian:ModeShifter":0,"Oddly Smooth Stone":148,"Question Card":100,"aspiration:IroncladSkillbook":0,"Guardian:StasisUpgradeRelic":100,"Ornamental Fan":174,"Orrery":174,"CultistMask":108,"Coffee Dripper":122,"Art of War":174,"Membership Card":40,"Pocketwatch":85,"NlothsMask":108}],"Pocketwatch":[12]},"card_choices":[{"not_picked":["Guardian:TemporalStrike","Armaments","Body Slam","Guardian:Suspension"],"picked":"SKIP","floor":2.0},{"not_picked":["Bloodletting","Warcry","Guardian:PrimingBeam","Guardian:VentSteam"],"picked":"SKIP","floor":3.0},{"not_picked":["Guardian:Reroute","Guardian:WalkerClaw","Clothesline","Guardian:Gem_Green"],"picked":"SKIP","floor":5.0},{"not_picked":["Flex","Guardian:Gem_Red","Guardian:ShieldSpikes","Guardian:VentSteam"],"picked":"SKIP","floor":8.0},{"not_picked":["Headbutt","Guardian:PolyBeam","Guardian:TemporalShield"],"picked":"Guardian:Suspension","floor":10.0},{"not_picked":["Guardian:TemporalStrike","Fire Breathing","Iron Wave"],"picked":"Guardian:Gem_Cyan","floor":12.0},{"not_picked":["Havoc","Second Wind","Guardian:CrystalBeam","Guardian:ShieldSpikes"],"picked":"SKIP","floor":14.0},{"not_picked":["Guardian:FuturePlans","Power Through","Clash"],"picked":"Guardian:ExploitGems","floor":15.0},{"not_picked":["Guardian:GemFire","Exhume","Brutality"],"picked":"Demon Form","floor":16.0},{"not_picked":["Rupture","Burning Pact","Heavy Blade","Guardian:RefractedBeam"],"picked":"SKIP","floor":19.0},{"not_picked":["Thunderclap","Seeing Red","Guardian:Planning+1"],"picked":"Guardian:FuturePlans","floor":20.0},{"not_picked":["Shrug It Off","Headbutt+1","Combust"],"picked":"Guardian:ChargeCore+1","floor":21.0},{"not_picked":["Guardian:PrismaticBeam","Cleave+1","Spot Weakness","Uppercut"],"picked":"SKIP","floor":22.0},{"not_picked":["Guardian:PrimingBeam","Guardian:TemporalStrike","Blood for Blood","Body Slam+1"],"picked":"SKIP","floor":23.0},{"not_picked":["Guardian:Harden","Bludgeon","Blood for Blood"],"picked":"Warcry+1","floor":26.0},{"not_picked":["Cleave","Guardian:TimeBomb+1","True Grit"],"picked":"Guardian:Incinerate+1","floor":27.0},{"not_picked":["Guardian:Reroute","Guardian:Emergency","Flame Barrier+1","Body Slam+1"],"picked":"SKIP","floor":28.0},{"not_picked":["Twin Strike","Guardian:PolyBeam","Feel No Pain+1","Guardian:TemporalStrike"],"picked":"SKIP","floor":29.0},{"not_picked":["Twin Strike","Guardian:PrismaticBeam","Guardian:ShieldCharger","Guardian:BronzeOrb","Guardian:Planning"],"picked":"SKIP","floor":32.0},{"not_picked":["Guardian:RevengeProtocol","Guardian:CompilePackage","Guardian:GemFinder","Brutality"],"picked":"Guardian:GatlingBeam","floor":33.0},{"not_picked":["Sword Boomerang","Guardian:ShieldCharger","Warcry","Heavy Blade"],"picked":"Metallicize+1","floor":36.0},{"not_picked":["Perfected Strike","Reckless Charge+1","Guardian:Gem_Lightblue","Guardian:FloatingOrbs+1","Spot Weakness+1"],"picked":"SKIP","floor":37.0},{"not_picked":["Juggernaut","Guardian:Reroute","Flex+1","Guardian:Gem_Lightblue"],"picked":"Guardian:Gem_Crimson","floor":39.0},{"not_picked":["Wild Strike","Iron Wave+1","Shockwave","True Grit"],"picked":"Guardian:Suspension+1","floor":42.0},{"not_picked":["Guardian:SentryBeam+1","Sever Soul","Guardian:TemporalShield","Guardian:DonusPower"],"picked":"Guardian:Gem_Synthetic","floor":44.0},{"not_picked":["Guardian:EvasiveProtocol+1","Perfected Strike+1","Guardian:PrismaticBeam","Uppercut"],"picked":"Guardian:Incinerate+1","floor":45.0},{"not_picked":["Warcry","Guardian:Gem_Blue","Intimidate+1","Heavy Blade+1"],"picked":"Guardian:Gem_Red","floor":46.0},{"not_picked":["Heavy Blade","Sentinel","Guardian:SpikerProtocol","Guardian:TemporalStrike+1"],"picked":"Metallicize+1","floor":48.0},{"not_picked":["Guardian:Reroute+1","Cleave+1","Guardian:ShieldCharger","Feed","Flex+1"],"picked":"SKIP","floor":49.0},{"not_picked":["Guardian:ShieldSpikes","Guardian:Gem_Green","Feel No Pain","Guardian:TemporalShield","Twin Strike"],"picked":"SKIP","floor":52.0},{"not_picked":["Reaper","True Grit","Dual Wield+1","Battle Trance"],"picked":"Guardian:Gem_White","floor":53.0},{"not_picked":["Guardian:GuardianWhirl+1","Guardian:Suspension+1","Infernal Blade","Power Through"],"picked":"Metallicize","floor":53.0}],"player_experience":424291,"relics_obtained":[{"floor":9.0,"key":"Sundial"},{"floor":10.0,"key":"Lantern"},{"floor":24.0,"key":"Gremlin Horn"},{"floor":26.0,"key":"Pocketwatch"},{"floor":31.0,"key":"downfall:CloakOfManyFaces"},{"floor":41.0,"key":"Guardian:StasisCodex"},{"floor":52.0,"key":"Art of War"}],"event_choices":[],"is_beta":false,"boss_relics":[{"not_picked":["Cursed Key","Busted Crown"],"picked":"expansioncontent:StudyCardRelic"},{"not_picked":["aspiration:PoetsPen_weak","bronze:MakeshiftBattery"],"picked":"Coffee Dripper"}],"items_purged_floors":[3,29,39,45,53],"is_endless":false,"potions_floor_spawned":[2,5,15,16,20,23,28,32,37,42,46],"ascension_level":0}}