{"host":"dh4nu8nelr2izibb","time":1613598659,"event":{"mods":["BaseMod","Better Skull","Better Third Choice","Card Filter","Card Forge","Curses Come First","Displayed Cursed Tome","HololiveMod","Marisa????????","Minty Spire (QoL Compilation)","Poor People Problems","Quick Restart","Relic Filter","Reliquary","StSLib","The Servant 0.9.4","WarShipGirlsR/????R mod","Yakumo Yukari mod"],"gold_per_floor":[209,209,219,229,31,31,57,67,67,67,81,81,81,101,101,173,173,173],"floor_reached":17,"language":"ENG","playtime":439,"items_purged":["Defend_G"],"score":414,"play_id":"dfea4f93-4bf9-4092-8c5e-0dab3a0ef283","local_time":"20210217165059","is_ascension_mode":true,"campfire_choices":[{"data":"Terror","floor":6.0,"key":"SMITH"},{"data":"Cloak And Dagger","floor":10.0,"key":"SMITH"},{"data":"Quick Slash","floor":12.0,"key":"SMITH"},{"data":"All Out Attack","floor":15,"key":"SMITH"}],"circlet_count":0,"master_deck":["AscendersBane","Strike_G","Strike_G","Strike_G","Strike_G","Defend_G","Defend_G","Defend_G","Survivor","Neutralize+1","All Out Attack+1","PiercingWail","Cloak And Dagger+1","Terror+1","Leg Sweep","Quick Slash+1","Endless Agony","Burst","All Out Attack+1","Glass Knife"],"relics":["Ring of the Snake","Hammer of Thor","Seething Fire","Anvil of the Gods","Oddly Smooth Stone","Happy Flower"],"acts_visited":["Exordium","TheCity"],"potions_floor_usage":[],"damage_taken":[{"damage":0.0,"enemies":"2 Louse","floor":1.0,"turns":4.0},{"damage":2.0,"enemies":"Jaw Worm","floor":3.0,"turns":4.0},{"damage":2.0,"enemies":"Small Slimes","floor":4.0,"turns":3.0},{"damage":15.0,"enemies":"3 Sentries","floor":7.0,"turns":3.0},{"damage":0.0,"enemies":"Looter","floor":8.0,"turns":3.0},{"damage":13.0,"enemies":"Exordium Wildlife","floor":11.0,"turns":5.0},{"damage":0,"enemies":"Large Slime","floor":14,"turns":5},{"damage":0,"enemies":"Hexaghost","floor":16,"turns":8}],"seed_played":"-6066826539633987010","potions_obtained":[{"floor":1.0,"key":"SkillPotion"},{"floor":4.0,"key":"PowerPotion"},{"floor":11.0,"key":"Explosive Potion"}],"is_trial":false,"path_per_floor":["M","?","M","M","$","R","E","M","T","R","M","R","T","M","R","B",null],"character_chosen":"THE_SILENT","items_purchased":["Terror","Leg Sweep"],"campfire_rested":0,"item_purchase_floors":[5,5],"current_hp_per_floor":[59,59,57,55,55,55,40,40,40,40,27,27,27,27,27,27,56,56],"gold":173,"neow_bonus":"HUNDRED_GOLD","is_daily":false,"chose_seed":false,"campfire_upgraded":4,"win_rate":0.0,"timestamp":1613598659,"path_taken":["M","?","M","M","$","R","E","M","T","R","M","R","?","M","R","BOSS"],"items_purchased_type":["Card","Card"],"build_version":"2020-12-22","purchased_purges":1,"victory":false,"max_hp_per_floor":[66,66,66,66,66,66,66,66,66,66,66,66,66,66,66,66,66,66],"card_choices":[{"not_picked":["Sucker Punch","Dagger Throw"],"picked":"All Out Attack","floor":1.0},{"not_picked":["Bane","Masterful Stab"],"picked":"PiercingWail","floor":3.0},{"not_picked":["Deflect","Dagger Spray"],"picked":"Cloak And Dagger","floor":4.0},{"not_picked":["Cloak And Dagger","Dodge and Roll"],"picked":"Quick Slash","floor":7.0},{"not_picked":["Bane","Leg Sweep"],"picked":"Endless Agony","floor":8.0},{"not_picked":["Predator","Poisoned Stab"],"picked":"Burst","floor":11.0},{"not_picked":["Poisoned Stab","Escape Plan"],"picked":"All Out Attack","floor":14},{"not_picked":["Storm of Steel","Venomology"],"picked":"Glass Knife","floor":16}],"player_experience":1182735,"relics_obtained":[{"floor":7.0,"key":"Oddly Smooth Stone"},{"floor":13.0,"key":"Happy Flower"}],"event_choices":[{"damage_healed":0.0,"max_hp_gain":0.0,"max_hp_loss":0.0,"gold_gain":0.0,"event_name":"Living Wall","player_choice":"Grow","floor":2.0,"gold_loss":0.0,"damage_taken":0.0,"cards_upgraded":["All Out Attack"]}],"is_beta":false,"boss_relics":[{"not_picked":["Runic Pyramid","Snecko Eye","Runic Dome"]}],"items_purged_floors":[5],"is_endless":false,"potions_floor_spawned":[1,4,11],"ascension_level":20}}