{"host":"johnydays","time":1613596887,"event":{"mods":["BaseMod","Bestiary","Block Reminder","Colored Map","Colored Powertips","Curses Come First","DeckTracker","Highlight Path","Minty Spire (QoL Compilation)","Relic Sorter","Relic Stats","StSLib","SuperFastMode","Weighted Paths"],"gold_per_floor":[119,119,294,16,33,67,67,98,121,137,137,156,172,190,190,285,285,305,305,23,122,136,163,163,163,163],"floor_reached":25,"language":"ENG","playtime":1122,"items_purged":["Doubt"],"score":307,"play_id":"c74989c6-9ce6-4095-81bc-4484cdc10ddb","local_time":"20210217212127","is_ascension_mode":true,"campfire_choices":[{"data":"Eruption","floor":11.0,"key":"SMITH"},{"data":"TalkToTheHand","floor":15.0,"key":"SMITH"},{"data":"TalkToTheHand","floor":24,"key":"SMITH"}],"circlet_count":0,"master_deck":["Eruption+1","Vigilance","Consecrate","BattleHymn","FearNoEvil","EmptyBody","Perseverance","Crescendo","Worship","EmptyFist","TalkToTheHand+1","CrushJoints","Wireheading","LessonLearned","ForeignInfluence+1","Tantrum","Indignation","Indignation","MasterReality","WreathOfFlame","Consecrate","BattleHymn+1","ClearTheMind+1","Writhe","Evaluate","ClearTheMind+1","TalkToTheHand+1"],"relics":["PureWater","NeowsBlessing","Nunchaku","Anchor","Smiling Mask","Pandora\u0027s Box","MealTicket","Frozen Egg 2","Pantograph"],"acts_visited":["Exordium","TheCity"],"potions_floor_usage":[18,18,22,23,25],"damage_taken":[{"damage":0.0,"enemies":"2 Louse","floor":1.0,"turns":1.0},{"damage":0.0,"enemies":"Jaw Worm","floor":5.0,"turns":1.0},{"damage":0.0,"enemies":"3 Sentries","floor":6.0,"turns":1.0},{"damage":21.0,"enemies":"Lagavulin","floor":8.0,"turns":6.0},{"damage":0.0,"enemies":"Small Slimes","floor":10.0,"turns":2.0},{"damage":3.0,"enemies":"Blue Slaver","floor":12.0,"turns":3.0},{"damage":0.0,"enemies":"3 Louse","floor":13.0,"turns":2.0},{"damage":2.0,"enemies":"Gremlin Gang","floor":14.0,"turns":4.0},{"damage":12.0,"enemies":"The Guardian","floor":16.0,"turns":8.0},{"damage":16,"enemies":"Shell Parasite","floor":18,"turns":3},{"damage":13,"enemies":"2 Thieves","floor":22,"turns":4},{"damage":34,"enemies":"Book of Stabbing","floor":23,"turns":5},{"damage":35,"enemies":"Slavers","floor":25,"turns":3}],"seed_played":"68499114119682444","potions_obtained":[{"floor":5.0,"key":"AttackPotion"},{"floor":8.0,"key":"PowerPotion"},{"floor":10.0,"key":"EntropicBrew"},{"floor":14.0,"key":"DuplicationPotion"},{"floor":22,"key":"Energy Potion"},{"floor":23,"key":"SkillPotion"}],"is_trial":false,"path_per_floor":["M","?","?","$","M","E","?","E","T","M","R","M","M","M","R","B",null,"M","?","$","?","M","E","R","E"],"character_chosen":"WATCHER","items_purchased":["BattleHymn","FearNoEvil","EmptyBody","Frozen Egg 2","Evaluate"],"campfire_rested":0,"item_purchase_floors":[4,4,4,20,20],"current_hp_per_floor":[72,77,77,77,77,77,59,38,38,38,38,35,35,33,33,21,77,61,61,76,76,63,29,29,0,0],"gold":163,"neow_bonus":"THREE_ENEMY_KILL","is_daily":false,"chose_seed":false,"campfire_upgraded":3,"win_rate":0.0,"timestamp":1613596887,"path_taken":["M","?","?","$","M","E","?","E","T","M","R","M","M","M","R","BOSS","M","?","$","?","M","E","R","E"],"items_purchased_type":["Card","Card","Card","Relic","Card"],"build_version":"2020-12-18","purchased_purges":1,"victory":false,"max_hp_per_floor":[72,77,77,77,77,77,77,77,77,77,77,77,77,77,77,77,77,77,77,77,77,77,77,77,77,77],"relic_stats":{"Nunchaku":[8],"counters":[13,43],"Pantograph":0,"Pandora\u0027s Box":["ForeignInfluence","Tantrum","Indignation","Indignation","MasterReality","WreathOfFlame","Consecrate","BattleHymn"],"MealTicket":15,"Smiling Mask":0,"obtain_stats":[{"Nunchaku":6,"Anchor":7,"NeowsBlessing":0,"Pantograph":23,"Pandora\u0027s Box":17,"MealTicket":19,"PureWater":0,"Frozen Egg 2":20,"Smiling Mask":8},{"Nunchaku":3,"Anchor":3,"NeowsBlessing":0,"Pantograph":12,"Pandora\u0027s Box":9,"MealTicket":10,"PureWater":0,"Frozen Egg 2":10,"Smiling Mask":4},{"Nunchaku":3,"Anchor":3,"NeowsBlessing":0,"Pantograph":40,"Pandora\u0027s Box":28,"MealTicket":31,"PureWater":0,"Frozen Egg 2":31,"Smiling Mask":9}]},"card_choices":[{"not_picked":["BowlingBash","PathToVictory"],"picked":"Consecrate","floor":1.0},{"not_picked":["Indignation","Consecrate"],"picked":"Perseverance","floor":5.0},{"not_picked":["Weave","Halt"],"picked":"Crescendo","floor":6.0},{"not_picked":["Protect","Nirvana"],"picked":"Worship","floor":8.0},{"not_picked":["Crescendo","ThirdEye"],"picked":"EmptyFist","floor":10.0},{"not_picked":["Protect","Swivel"],"picked":"TalkToTheHand","floor":12.0},{"not_picked":["Scrawl","Meditate"],"picked":"CrushJoints","floor":13.0},{"not_picked":["SashWhip","Evaluate"],"picked":"Wireheading","floor":14.0},{"not_picked":["Ragnarok","ConjureBlade"],"picked":"LessonLearned","floor":16.0},{"not_picked":["CrushJoints","Consecrate"],"picked":"ClearTheMind+1","floor":18},{"not_picked":["Vengeance+1","Protect+1"],"picked":"ClearTheMind+1","floor":22},{"not_picked":["Prostrate","Protect"],"picked":"TalkToTheHand","floor":23}],"player_experience":533142,"relics_obtained":[{"floor":6.0,"key":"Nunchaku"},{"floor":8.0,"key":"Smiling Mask"},{"floor":23,"key":"Pantograph"}],"event_choices":[{"damage_healed":0.0,"max_hp_gain":5.0,"max_hp_loss":0.0,"gold_gain":0.0,"event_name":"Big Fish","player_choice":"Donut","floor":2.0,"gold_loss":0.0,"damage_taken":0.0},{"damage_healed":0.0,"max_hp_gain":0.0,"max_hp_loss":0.0,"gold_gain":175.0,"event_name":"Liars Game","player_choice":"AGREE","floor":3.0,"gold_loss":0.0,"damage_taken":0.0,"cards_obtained":["Doubt"]},{"damage_healed":0.0,"max_hp_gain":0.0,"max_hp_loss":0.0,"gold_gain":0.0,"event_name":"Scrap Ooze","player_choice":"Success","floor":7.0,"gold_loss":0.0,"damage_taken":18.0,"relics_obtained":["Anchor"]},{"damage_healed":0,"gold_gain":0,"player_choice":"Opened","damage_taken":0,"relics_obtained":["MealTicket"],"max_hp_gain":0,"max_hp_loss":0,"event_name":"The Mausoleum","floor":19,"gold_loss":0,"cards_obtained":["Writhe"]},{"damage_healed":0,"gold_gain":99,"player_choice":"Stole From Cult","damage_taken":0,"max_hp_gain":0,"max_hp_loss":0,"event_name":"Nest","floor":21,"gold_loss":0}],"is_beta":true,"boss_relics":[{"not_picked":["Philosopher\u0027s Stone","Black Star"],"picked":"Pandora\u0027s Box"}],"items_purged_floors":[4],"is_endless":false,"potions_floor_spawned":[5,8,10,14,22,23],"killed_by":"Slavers","ascension_level":4}}