{"host":"941c1hri1aisga8u","time":1613600948,"event":{"mods":["100% Spire Juice","Act Like it!","Arknights","BaseMod","Downfall","GungeonMod","Hermit","Hero for Fun","Infinite Spire","Jorbs\u0027s Wanderer Trilogy","Marisa????????","Minty Spire (QoL Compilation)","Prisma Mod","Reimu??????","StSLib","The Administrix","The Animator","The Bug Knight","The Cursed","The Hierophant","The Marked","The Mystic","The Necromancer","The Poker Player","The Servant 0.9.4","The Wild Card"],"gold_per_floor":[111,128,60,10,10,42,54,70,70,70,80,92,117,137,137,137,137],"floor_reached":16,"language":"ENG","playtime":892,"items_purged":[],"score":139,"play_id":"ad1aae3c-f663-4fc8-861a-8326f522e77c","local_time":"20210217122908","is_ascension_mode":false,"campfire_choices":[{"data":"theMarked:BanishingStrike","floor":10,"key":"SMITH"},{"data":"theMarked:EmpowerWeapon","floor":15,"key":"SMITH"}],"circlet_count":0,"master_deck":["theMarked:Strike","theMarked:Strike","theMarked:Strike","theMarked:Strike","theMarked:Defend","theMarked:Defend","theMarked:Defend","theMarked:Defend","theMarked:SoldierOfQuellstein","theMarked:WardOff","theMarked:ChannelForce","theMarked:GodGivenPower","Decay","theMarked:Improvise","theMarked:BanishingStrike+1","theMarked:SwordAndMagic","theMarked:EmpowerWeapon+1","theMarked:Polarize","theMarked:ChainLightning"],"relics":["theMarked:ArtifactOfAir","NeowsBlessing","Oddly Smooth Stone","Anchor","Pear"],"acts_visited":["Exordium"],"potions_floor_usage":[16],"damage_taken":[{"damage":0,"enemies":"2 Louse","floor":1,"turns":1},{"damage":0,"enemies":"ats:Genji","floor":2,"turns":1},{"damage":0,"enemies":"Lagavulin","floor":6,"turns":1},{"damage":5,"enemies":"Jaw Worm","floor":7,"turns":4},{"damage":14,"enemies":"2 Fungi Beasts","floor":8,"turns":4},{"damage":0,"enemies":"Large Slime","floor":11,"turns":5},{"damage":0,"enemies":"Exordium Wildlife","floor":12,"turns":4},{"damage":23,"enemies":"Gremlin Nob","floor":13,"turns":4},{"damage":8,"enemies":"3 Louse","floor":14,"turns":3},{"damage":24,"enemies":"The Guardian","floor":16,"turns":9}],"seed_played":"-3982491346801434812","potions_obtained":[{"floor":2,"key":"FearPotion"},{"floor":13,"key":"DistilledChaos"}],"is_trial":false,"path_per_floor":["M","M","$","?","?","E","M","M","T","R","M","M","E","M","R","B"],"character_chosen":"THE_DEFAULT","items_purchased":["theMarked:GodGivenPower"],"campfire_rested":0,"item_purchase_floors":[3],"current_hp_per_floor":[72,72,72,72,72,72,67,53,53,53,53,53,40,32,32,8,8],"gold":137,"neow_bonus":"THREE_ENEMY_KILL","is_daily":false,"chose_seed":false,"campfire_upgraded":2,"win_rate":0.0,"timestamp":1613600948,"path_taken":["M","M","$","?","?","E","M","?","T","R","M","M","E","M","R","BOSS"],"items_purchased_type":["Card"],"build_version":"2020-12-22","purchased_purges":0,"victory":false,"max_hp_per_floor":[72,72,72,72,72,72,72,72,72,72,72,72,82,82,82,82,82],"card_choices":[{"not_picked":["theMarked:Improvise","theMarked:EnhanceMovement"],"picked":"theMarked:WardOff","floor":1},{"not_picked":["theMarked:Parry","theMarked:Overthink"],"picked":"theMarked:ChannelForce","floor":2},{"not_picked":["theMarked:ResourceFulStrike","theMarked:RepellingDischarge"],"picked":"theMarked:Improvise","floor":6},{"not_picked":["theMarked:TakeOffHeels","theMarked:Maelstrom"],"picked":"theMarked:BanishingStrike","floor":7},{"not_picked":["theMarked:TheMission","theMarked:TwofoldDefense","theMarked:TunnelVision"],"picked":"SKIP","floor":8},{"not_picked":["theMarked:ResourceFulStrike","theMarked:Parkour"],"picked":"theMarked:SwordAndMagic","floor":11},{"not_picked":["theMarked:WardOff","theMarked:ParalyzingBlade"],"picked":"theMarked:EmpowerWeapon","floor":12},{"not_picked":["theMarked:Electrocute","theMarked:Static"],"picked":"theMarked:Polarize","floor":13},{"not_picked":["theMarked:BiggerThanFate","theMarked:CreepingChasm"],"picked":"theMarked:ChainLightning","floor":14}],"player_experience":75458,"relics_obtained":[{"floor":6,"key":"Oddly Smooth Stone"},{"floor":9,"key":"Anchor"},{"floor":13,"key":"Pear"}],"event_choices":[{"cards_removed":["theMarked:Strike"],"damage_healed":0,"gold_gain":0,"player_choice":"Card Removal","damage_taken":0,"max_hp_gain":0,"max_hp_loss":0,"event_name":"The Cleric","floor":4,"gold_loss":50},{"damage_healed":0,"gold_gain":0,"player_choice":"Cursed","damage_taken":0,"max_hp_gain":0,"max_hp_loss":0,"event_name":"Wheel of Change","floor":5,"gold_loss":0,"cards_obtained":["Decay"]}],"is_beta":false,"boss_relics":[],"items_purged_floors":[],"is_endless":false,"potions_floor_spawned":[2,13],"killed_by":"The Guardian","ascension_level":0}}