{"host":"a1eatafr7pisesky","time":1613568066,"event":{"mods":["AchievementEnabler","BaseMod","Colored Map","Keyboard Shortcuts","Minty Spire (QoL Compilation)","Say the Spire","StSLib","SuperFastMode","everything is the same but u backflip on backflip"],"gold_per_floor":[369,369,389,407,9,34,34,109,109,187,206,206,28,28,46,46,46,46],"floor_reached":17,"language":"KOR","playtime":252,"items_purged":["Strike_R","Strike_R"],"score":205,"play_id":"b19d4685-4db9-4aa0-9ced-83a3c937e75d","local_time":"20210217222106","is_ascension_mode":true,"campfire_choices":[{"floor":7.0,"key":"REST"},{"data":"Offering","floor":12.0,"key":"SMITH"},{"floor":16.0,"key":"REST"}],"circlet_count":0,"master_deck":["AscendersBane","Strike_R","Strike_R","Strike_R","Defend_R","Defend_R","Defend_R","Bash","Pommel Strike","Cleave","Anger","Barricade","Immolate","Offering+1","Anger","Entrench"],"relics":["Burning Blood","Regal Pillow","Blue Candle","SsserpentHead"],"acts_visited":["Exordium"],"potions_floor_usage":[17,17],"damage_taken":[{"damage":6.0,"enemies":"Cultist","floor":1.0,"turns":3.0},{"damage":13.0,"enemies":"2 Louse","floor":3.0,"turns":2.0},{"damage":4.0,"enemies":"Small Slimes","floor":4.0,"turns":4.0},{"damage":37.0,"enemies":"Lagavulin","floor":6.0,"turns":6.0},{"damage":14.0,"enemies":"Red Slaver","floor":11.0,"turns":2.0},{"damage":24.0,"enemies":"Large Slime","floor":15.0,"turns":4.0},{"damage":75,"enemies":"The Guardian","floor":17,"turns":14}],"seed_played":"848128029308250637","potions_obtained":[{"floor":1.0,"key":"Ancient Potion"},{"floor":3.0,"key":"Ancient Potion"},{"floor":4.0,"key":"Swift Potion"},{"floor":6.0,"key":"GamblersBrew"}],"is_trial":false,"path_per_floor":["M","?","M","M","$","E","R","?","?","T","M","R","$","?","M","R","B"],"character_chosen":"IRONCLAD","items_purchased":["Barricade","Immolate","Entrench"],"campfire_rested":2,"item_purchase_floors":[5,5,13],"current_hp_per_floor":[50,50,43,45,45,14,51,40,65,65,57,57,57,57,39,75,0,0],"gold":46,"neow_bonus":"TWO_FIFTY_GOLD","is_daily":false,"chose_seed":false,"campfire_upgraded":1,"win_rate":0.0,"timestamp":1613568066,"path_taken":["M","?","M","?","$","E","R","?","?","T","M","R","$","?","M","R","BOSS"],"items_purchased_type":["Card","Card","Card"],"build_version":"2020-12-22","purchased_purges":2,"victory":false,"max_hp_per_floor":[75,75,75,75,75,75,75,75,75,75,75,75,75,75,75,75,75,75],"card_choices":[{"not_picked":["Burning Pact","Flex"],"picked":"Pommel Strike","floor":1.0},{"not_picked":["True Grit","Body Slam"],"picked":"Cleave","floor":3.0},{"not_picked":["Havoc","Flex"],"picked":"Anger","floor":4.0},{"not_picked":["Thunderclap","Flame Barrier"],"picked":"Offering","floor":6.0},{"not_picked":["Havoc","Clothesline"],"picked":"Anger","floor":11.0},{"not_picked":["Pommel Strike","Headbutt","Clothesline"],"picked":"SKIP","floor":15.0}],"player_experience":464372,"relics_obtained":[{"floor":6.0,"key":"Regal Pillow"},{"floor":10.0,"key":"Blue Candle"}],"event_choices":[{"cards_removed":["Defend_R"],"damage_healed":0.0,"max_hp_gain":0.0,"max_hp_loss":0.0,"gold_gain":0.0,"event_name":"Purifier","player_choice":"Purged","floor":2.0,"gold_loss":0.0,"damage_taken":0.0},{"damage_healed":0.0,"max_hp_gain":0.0,"max_hp_loss":0.0,"gold_gain":75.0,"event_name":"World of Goop","player_choice":"Gather Gold","floor":8.0,"gold_loss":0.0,"damage_taken":11.0},{"damage_healed":25.0,"max_hp_gain":0.0,"max_hp_loss":0.0,"gold_gain":0.0,"event_name":"Big Fish","player_choice":"Banana","floor":9.0,"gold_loss":0.0,"damage_taken":0.0},{"damage_healed":0.0,"max_hp_gain":0.0,"max_hp_loss":0.0,"gold_gain":0.0,"event_name":"FaceTrader","player_choice":"Trade","floor":14.0,"gold_loss":0.0,"damage_taken":0.0,"relics_obtained":["SsserpentHead"]}],"is_beta":false,"boss_relics":[],"items_purged_floors":[5,13],"is_endless":false,"potions_floor_spawned":[1,3,4,6,15],"killed_by":"The Guardian","ascension_level":19}}