{"host":"ow66nzv2xecjoor3","time":1613530974,"event":{"mods":["BaseMod","Bestiary","Block Reminder","Colored Powertips","Curses Come First","Highlight Path","Keyboard Shortcuts","Minty Spire (QoL Compilation)","Permanent Neow","Relic Stats","StSLib","UnlockEverythingMod"],"gold_per_floor":[118,130,147,157,168,168,168,168],"floor_reached":7,"language":"ENG","playtime":214,"items_purged":[],"score":90,"play_id":"8f5b52ec-8f73-4130-a68a-90be42706998","local_time":"20210216210254","is_ascension_mode":true,"campfire_choices":[{"data":"Sunder","floor":6,"key":"SMITH"}],"circlet_count":0,"master_deck":["AscendersBane","Strike_B","Strike_B","Strike_B","Strike_B","Defend_B","Defend_B","Defend_B","Defend_B","Zap","Dualcast","Ball Lightning","Compile Driver","Rip and Tear","Coolheaded","Sunder+1"],"relics":["Velvet Choker"],"acts_visited":["Exordium"],"potions_floor_usage":[4],"damage_taken":[{"damage":1,"enemies":"Cultist","floor":1,"turns":4},{"damage":9,"enemies":"Small Slimes","floor":2,"turns":3},{"damage":0,"enemies":"2 Louse","floor":3,"turns":2},{"damage":25,"enemies":"Exordium Thugs","floor":4,"turns":5},{"damage":6,"enemies":"Blue Slaver","floor":5,"turns":3},{"damage":30,"enemies":"3 Sentries","floor":7,"turns":4}],"seed_played":"5208035736994281607","potions_obtained":[{"floor":3,"key":"BlessingOfTheForge"}],"is_trial":false,"path_per_floor":["M","M","M","M","M","R","E"],"character_chosen":"DEFECT","items_purchased":[],"campfire_rested":0,"item_purchase_floors":[],"current_hp_per_floor":[63,54,54,29,23,23,0,0],"gold":168,"neow_bonus":"BOSS_RELIC","is_daily":false,"chose_seed":false,"campfire_upgraded":1,"win_rate":0.0,"timestamp":1613530974,"path_taken":["M","M","M","M","M","R","E"],"items_purchased_type":[],"build_version":"2020-12-22","purchased_purges":0,"victory":false,"max_hp_per_floor":[71,71,71,71,71,71,71,71],"relic_stats":{"counters":[6,21],"obtain_stats":[{"Velvet Choker":0,"Cracked Core":0},{"Velvet Choker":0,"Cracked Core":0},{"Velvet Choker":0,"Cracked Core":0}]},"card_choices":[{"not_picked":["Steam","Redo"],"picked":"Ball Lightning","floor":1},{"not_picked":["Beam Cell","Rip and Tear"],"picked":"Compile Driver","floor":2},{"not_picked":["Force Field","Conserve Battery"],"picked":"Rip and Tear","floor":3},{"not_picked":["Thunder Strike","Beam Cell"],"picked":"Coolheaded","floor":4},{"not_picked":["Rebound","Redo"],"picked":"Sunder","floor":5}],"player_experience":2874484,"relics_obtained":[],"event_choices":[],"is_beta":false,"boss_relics":[],"items_purged_floors":[],"is_endless":false,"potions_floor_spawned":[3],"killed_by":"3 Sentries","ascension_level":20}}