{"host":"pj05r22d3fegil3v","time":1613592890,"event":{"mods":["BaseMod","Better Altar","Better Match","Better Note","Better Sensory Stone","Better Skull","Better Third Choice","BetterRewards","Card Filter","Colored Powertips","Curses Come First","Custom Start","DeckTracker","Displayed Cursed Tome","Evolution","Minty Spire (QoL Compilation)","Quick Restart","Rare Cards Sparkle","Relic Filter Mod","Smile Girya","StSLib","Weighted Paths","everything is the same but u backflip on backflip","slay the spire mod where everything is the same but ironclad has a cowboy hat"],"gold_per_floor":[113,125,142,158,174,174,193,226,226,253,253,280,123,98,98,196,196,209,229,229,241,260,260,260,260,260,289,33,33,67,77,77,174,174,185,285,304,321,60,85,85,110,110,138,138,165,0,30,30,30],"floor_reached":51,"language":"ENG","playtime":4484,"items_purged":[],"score":999,"play_id":"34e7cdc7-6b94-4ff0-aef1-3ff8cce877e4","local_time":"20210217151450","daily_mods":["Elite Swarm"],"is_ascension_mode":true,"campfire_choices":[{"data":"Fusion","floor":6.0,"key":"SMITH"},{"data":"Reprogram","floor":11.0,"key":"SMITH"},{"data":"Machine Learning","floor":15.0,"key":"SMITH"},{"data":"Reinforced Body","floor":23.0,"key":"SMITH"},{"data":"Capacitor","floor":24.0,"key":"SMITH"},{"data":"Capacitor","floor":25.0,"key":"SMITH"},{"data":"Skim","floor":29.0,"key":"SMITH"},{"data":"Skim","floor":32,"key":"SMITH"},{"data":"Machine Learning","floor":41,"key":"SMITH"},{"data":"Self Repair","floor":45,"key":"SMITH"},{"data":"Barrage","floor":49,"key":"SMITH"}],"circlet_count":0,"master_deck":["Skim+1","Skim+1","Self Repair+1","Machine Learning+1","Capacitor+1","Capacitor+1","Barrage+1","BootSequence","Meteor Strike","Reinforced Body+1","Fusion+1","Reprogram+1","Reboot+1","Machine Learning+1"],"relics":["Cracked Core","EVO:Axolotl","Regal Pillow","Anchor","WingedGreaves","Toxic Egg 2","TheAbacus","betterThird:SlimedRelic","Cursed Key","Kunai","Singing Bowl","Dream Catcher","Busted Crown","Gremlin Horn","Letter Opener","The Courier","Cables","Nunchaku","Red Mask","Pocketwatch"],"acts_visited":["Exordium","TheCity","TheBeyond"],"potions_floor_usage":[40,44,50],"damage_taken":[{"damage":9.0,"enemies":"2 Louse","floor":1.0,"turns":7.0},{"damage":1.0,"enemies":"Small Slimes","floor":2.0,"turns":7.0},{"damage":0.0,"enemies":"Cultist","floor":3.0,"turns":6.0},{"damage":11.0,"enemies":"Red Slaver","floor":4.0,"turns":8.0},{"damage":0.0,"enemies":"Looter","floor":5.0,"turns":4.0},{"damage":2.0,"enemies":"2 Fungi Beasts","floor":7.0,"turns":5.0},{"damage":37.0,"enemies":"Gremlin Nob","floor":8.0,"turns":6.0},{"damage":8.0,"enemies":"Lagavulin","floor":10.0,"turns":6.0},{"damage":27.0,"enemies":"3 Sentries","floor":12.0,"turns":8.0},{"damage":7.0,"enemies":"Slime Boss","floor":16.0,"turns":7.0},{"damage":0.0,"enemies":"Chosen","floor":18.0,"turns":5.0},{"damage":11.0,"enemies":"2 Thieves","floor":19.0,"turns":5.0},{"damage":5.0,"enemies":"Cultist and Chosen","floor":21.0,"turns":7.0},{"damage":1.0,"enemies":"3 Cultists","floor":22.0,"turns":7.0},{"damage":0.0,"enemies":"Book of Stabbing","floor":27.0,"turns":6.0},{"damage":6,"enemies":"Slavers","floor":30,"turns":7},{"damage":0,"enemies":"Snake Plant","floor":31,"turns":5},{"damage":21,"enemies":"Collector","floor":33,"turns":6},{"damage":5,"enemies":"3 Darklings","floor":35,"turns":5},{"damage":0,"enemies":"Orb Walker","floor":37,"turns":4},{"damage":4,"enemies":"4 Shapes","floor":38,"turns":5},{"damage":0,"enemies":"Reptomancer","floor":40,"turns":4},{"damage":7,"enemies":"Giant Head","floor":42,"turns":5},{"damage":60,"enemies":"Nemesis","floor":44,"turns":7},{"damage":0,"enemies":"Giant Head","floor":46,"turns":4},{"damage":31,"enemies":"Nemesis","floor":48,"turns":5},{"damage":20,"enemies":"Donu and Deca","floor":50,"turns":4}],"seed_played":"9009235619386242056","potions_obtained":[{"floor":2.0,"key":"Dexterity Potion"},{"floor":4.0,"key":"DistilledChaos"},{"floor":10.0,"key":"EntropicBrew"},{"floor":12.0,"key":"Fire Potion"},{"floor":16.0,"key":"FairyPotion"},{"floor":18.0,"key":"Regen Potion"},{"floor":19.0,"key":"Block Potion"},{"floor":21.0,"key":"SteroidPotion"},{"floor":30,"key":"Regen Potion"},{"floor":38,"key":"DuplicationPotion"},{"floor":40,"key":"Dexterity Potion"},{"floor":44,"key":"SteroidPotion"}],"is_trial":true,"path_per_floor":["M","M","M","M","M","R","M","E","T","E","R","E","$","?","R","B",null,"M","M","?","M","M","R","R","R","T","E","$","R","E","M","R","B",null,"M","?","M","M","$","E","R","E","T","E","R","E","?","E","R","B",null],"character_chosen":"DEFECT","items_purchased":["TheAbacus","Singing Bowl","Gremlin Horn"],"campfire_rested":0,"item_purchase_floors":[13,28,39],"current_hp_per_floor":[78,80,80,76,76,76,80,50,50,49,49,29,29,18,18,18,80,80,76,76,78,80,80,80,80,80,80,80,80,82,84,84,72,86,88,88,90,92,92,94,94,96,96,54,54,66,66,47,47,37],"gold":30,"neow_bonus":"","is_daily":false,"chose_seed":false,"campfire_upgraded":11,"win_rate":0.0,"timestamp":1613592890,"path_taken":["M","M","M","M","M","R","M","E","T","E","R","E","$","?","R","BOSS","M","M","?","?","M","R","R","R","T","E","?","R","E","M","R","BOSS","M","?","?","M","$","E","R","E","T","E","R","E","?","E","R","BOSS"],"items_purchased_type":["Relic","Relic","Relic"],"build_version":"2020-12-22","purchased_purges":0,"victory":true,"max_hp_per_floor":[80,80,80,80,80,80,80,80,80,80,80,80,80,80,80,80,80,80,80,80,80,80,80,80,80,80,80,80,80,82,84,84,86,86,88,88,90,92,92,94,94,96,96,98,98,100,100,102,102,102],"card_choices":[{"not_picked":["Gash","Compile Driver","Redo"],"picked":"SKIP","floor":1.0},{"not_picked":["Steam Power","Redo","Electrodynamics"],"picked":"SKIP","floor":2.0},{"not_picked":["Go for the Eyes","Reinforced Body","Streamline"],"picked":"SKIP","floor":3.0},{"not_picked":["Leap","Go for the Eyes","Steam"],"picked":"SKIP","floor":4.0},{"not_picked":["Genetic Algorithm","Redo","Blizzard"],"picked":"SKIP","floor":5.0},{"not_picked":["White Noise","Steam","Cold Snap"],"picked":"SKIP","floor":7.0},{"not_picked":["Fission","Rainbow","Biased Cognition"],"picked":"SKIP","floor":8.0},{"not_picked":["Seek","Fission","Creative AI"],"picked":"SKIP","floor":10.0},{"not_picked":["Thunder Strike","Amplify+1"],"picked":"Reboot+1","floor":12.0},{"not_picked":["Creative AI","Thunder Strike"],"picked":"Machine Learning","floor":16.0},{"not_picked":["Leap+1","Coolheaded+1","Beam Cell+1"],"picked":"SKIP","floor":18.0},{"not_picked":["Leap+1","Cold Snap","Compile Driver"],"picked":"SKIP","floor":19.0},{"not_picked":["Stack+1","Doom and Gloom+1","Electrodynamics"],"picked":"SKIP","floor":21.0},{"not_picked":["Self Repair","Heatsinks","Coolheaded+1"],"picked":"SKIP","floor":22.0},{"not_picked":["Electrodynamics","Buffer","Seek+1"],"picked":"SKIP","floor":27.0},{"not_picked":["Reboot+1","Meteor Strike","Amplify+1"],"picked":"Singing Bowl","floor":30},{"not_picked":["Cold Snap+1","Undo+1","Chill+1"],"picked":"Singing Bowl","floor":31},{"not_picked":["Buffer","Thunder Strike","Biased Cognition"],"picked":"Singing Bowl","floor":33},{"not_picked":["Steam+1"],"picked":"Singing Bowl","floor":35},{"not_picked":["Recycle+1"],"picked":"Singing Bowl","floor":37},{"not_picked":["Steam+1"],"picked":"Singing Bowl","floor":38},{"not_picked":["Seek+1"],"picked":"Singing Bowl","floor":40},{"not_picked":["Meteor Strike"],"picked":"Singing Bowl","floor":42},{"not_picked":["Amplify+1"],"picked":"Singing Bowl","floor":44},{"not_picked":["Rainbow+1"],"picked":"Singing Bowl","floor":46},{"not_picked":["Buffer"],"picked":"Singing Bowl","floor":48}],"player_experience":150314,"relics_obtained":[{"floor":8.0,"key":"Regal Pillow"},{"floor":9.0,"key":"Anchor"},{"floor":10.0,"key":"WingedGreaves"},{"floor":12.0,"key":"Toxic Egg 2"},{"floor":27.0,"key":"Kunai"},{"floor":30,"key":"Dream Catcher"},{"floor":40,"key":"Letter Opener"},{"floor":42,"key":"The Courier"},{"floor":44,"key":"Cables"},{"floor":46,"key":"Nunchaku"},{"floor":48,"key":"Pocketwatch"}],"event_choices":[{"damage_healed":0.0,"max_hp_gain":0.0,"max_hp_loss":0.0,"gold_gain":0.0,"event_name":"betterThird:BetterGoop","player_choice":"Slimed","floor":14.0,"gold_loss":25.0,"damage_taken":11.0},{"damage_healed":0.0,"max_hp_gain":0.0,"max_hp_loss":0.0,"gold_gain":0.0,"event_name":"The Woman in Blue","player_choice":"Bought 0 Potions","floor":20.0,"gold_loss":0.0,"damage_taken":0.0},{"damage_healed":0,"gold_gain":100,"player_choice":"Pray","damage_taken":0,"max_hp_gain":0,"max_hp_loss":0,"event_name":"Golden Shrine","floor":36,"gold_loss":0},{"damage_healed":0,"gold_gain":0,"player_choice":"Paid","damage_taken":0,"relics_obtained":["Red Mask"],"max_hp_gain":0,"max_hp_loss":0,"event_name":"Tomb of Lord Red Mask","floor":47,"gold_loss":165}],"is_beta":false,"boss_relics":[{"not_picked":["Calling Bell","Astrolabe"],"picked":"Cursed Key"},{"not_picked":["Velvet Choker","Runic Dome"],"picked":"Busted Crown"}],"items_purged_floors":[],"is_endless":false,"potions_floor_spawned":[2,4,10,12,16,18,19,21,30,37,38,40,44],"ascension_level":1}}