{"host":"xp27heuvanyklt0b","time":1613566821,"event":{"mods":["100% Spire Juice","BaseMod","CapriCore","Koishi","Lobotomy","Minty Spire (QoL Compilation)","StSLib","The Immortal"],"gold_per_floor":[113,113,127,146,44,74,25,54,105,105,125,137,151,226,226,226,226],"floor_reached":16,"language":"KOR","playtime":485,"items_purged":[],"score":144,"play_id":"ddddd2dd-9af8-460d-b180-a2fbba2c91c2","local_time":"20210217220021","is_ascension_mode":true,"campfire_choices":[{"data":"Shrug It Off","floor":10,"key":"SMITH"},{"data":"Perfected Strike","floor":15,"key":"SMITH"}],"circlet_count":0,"master_deck":["Strike_R","Strike_R","Strike_R","Strike_R","Strike_R","Defend_R","Defend_R","Defend_R","Defend_R","Bash","Reckless Charge","Flex","Second Wind","Perfected Strike+1","Shrug It Off+1","Sword Boomerang","Evolve","Twin Strike"],"relics":["Burning Blood","Vajra","Singing Bowl","Centennial Puzzle"],"acts_visited":["Exordium"],"potions_floor_usage":[8,16,16],"damage_taken":[{"damage":0,"enemies":"Small Slimes","floor":1,"turns":3},{"damage":1,"enemies":"Jaw Worm","floor":3,"turns":3},{"damage":9,"enemies":"2 Louse","floor":4,"turns":3},{"damage":36,"enemies":"3 Sentries","floor":6,"turns":13},{"damage":0,"enemies":"Gremlin Nob","floor":8,"turns":3},{"damage":2,"enemies":"2 Fungi Beasts","floor":11,"turns":2},{"damage":5,"enemies":"Looter","floor":12,"turns":3},{"damage":1,"enemies":"3 Louse","floor":13,"turns":3},{"damage":62,"enemies":"The Guardian","floor":16,"turns":9}],"seed_played":"5685713603656089201","potions_obtained":[{"floor":4,"key":"PowerPotion"},{"floor":6,"key":"Explosive Potion"},{"floor":13,"key":"Block Potion"}],"is_trial":false,"path_per_floor":["M","?","M","M","$","E","$","E","T","R","M","M","M","?","R","B"],"character_chosen":"IRONCLAD","items_purchased":["Perfected Strike","Shrug It Off","Sword Boomerang"],"campfire_rested":0,"item_purchase_floors":[5,5,7],"current_hp_per_floor":[80,80,80,77,77,49,49,57,57,57,63,64,69,58,58,0,0],"gold":226,"neow_bonus":"RANDOM_COMMON_RELIC","is_daily":false,"chose_seed":false,"campfire_upgraded":2,"win_rate":0.0,"timestamp":1613566821,"path_taken":["M","?","M","M","$","E","$","E","T","R","M","M","M","?","R","BOSS"],"items_purchased_type":["Card","Card","Card"],"build_version":"2020-12-22","purchased_purges":0,"victory":false,"max_hp_per_floor":[80,80,80,80,80,82,82,84,84,84,86,86,86,86,86,86,86],"card_choices":[{"not_picked":["Sword Boomerang","Body Slam"],"picked":"Reckless Charge","floor":1},{"not_picked":["Twin Strike","Perfected Strike"],"picked":"Flex","floor":3},{"not_picked":["Sword Boomerang","Twin Strike"],"picked":"Second Wind","floor":4},{"not_picked":["Rupture","Dual Wield","Berserk"],"picked":"Singing Bowl","floor":6},{"not_picked":["Carnage","True Grit","Battle Trance"],"picked":"Singing Bowl","floor":8},{"not_picked":["Wild Strike","Clothesline","Cleave"],"picked":"Singing Bowl","floor":11},{"not_picked":["Dropkick","Clothesline"],"picked":"Evolve","floor":12},{"not_picked":["Wild Strike","Burning Pact"],"picked":"Twin Strike","floor":13}],"player_experience":319692,"relics_obtained":[{"floor":6,"key":"Singing Bowl"},{"floor":8,"key":"Centennial Puzzle"}],"event_choices":[{"damage_healed":0,"gold_gain":0,"player_choice":"Ignored","damage_taken":0,"max_hp_gain":0,"max_hp_loss":0,"event_name":"Shining Light","floor":2,"gold_loss":0},{"damage_healed":0,"gold_gain":75,"player_choice":"Gather Gold","damage_taken":11,"max_hp_gain":0,"max_hp_loss":0,"event_name":"World of Goop","floor":14,"gold_loss":0}],"is_beta":false,"boss_relics":[],"items_purged_floors":[],"is_endless":false,"potions_floor_spawned":[4,6,13],"killed_by":"The Guardian","ascension_level":1}}