{"host":"TheHustler","time":1613580673,"event":{"mods":["BaseMod","Block Reminder","Colored Map","Colored Powertips","Minty Spire (QoL Compilation)","Quick Restart","StSLib","SuperFastMode","Unceasing Turn Reminder"],"gold_per_floor":[115,190,209,229,19,19,54,54,54,66,97,97,48,23,23,128,128,68,68,68,68,68,68,68,68,68,68,3,3,3,3,3,3,3,3,3,3,3,3,3,3,3,3,3,3,3,3,3,3,3],"floor_reached":51,"language":"ENG","playtime":1139,"items_purged":["Strike_G"],"score":728,"play_id":"c51c9ef7-3cc3-4c7a-bd06-7550b64685db","local_time":"20210217175113","is_ascension_mode":false,"campfire_choices":[{"data":"Slice","floor":6,"key":"SMITH"},{"data":"Bouncing Flask","floor":12,"key":"SMITH"},{"data":"Blade Dance","floor":15,"key":"SMITH"},{"data":"Bullet Time","floor":23,"key":"SMITH"},{"floor":27,"key":"REST"},{"floor":30,"key":"REST"},{"floor":32,"key":"DIG"},{"floor":44,"key":"REST"},{"floor":47,"key":"REST"},{"floor":49,"key":"REST"}],"circlet_count":0,"master_deck":["Survivor","Neutralize","Slice+1","Endless Agony","Footwork","Finesse","Footwork","Footwork","Bouncing Flask+1","Blade Dance+1","Bullet Time+1","Dagger Spray","Accuracy","Shame","Pain","Leg Sweep+1","Storm of Steel+1","Backflip","Flash of Steel","Unload","Underhanded Strike","Choke","Predator","Acrobatics","Backstab","Grand Finale","Leg Sweep","Malaise","Prepared","Bane+1","Poisoned Stab+1","Footwork","Footwork","Dodge and Roll+1"],"relics":["Ring of the Snake","Bronze Scales","Whetstone","Gremlin Horn","Bag of Preparation","Ectoplasm","Red Mask","MawBank","WarpedTongs","Lizard Tail","The Courier","Shovel","Snake Skull","Pandora\u0027s Box","Dream Catcher","Nunchaku"],"acts_visited":["Exordium","TheCity","TheBeyond"],"potions_floor_usage":[7,50,50,50],"damage_taken":[{"damage":0.0,"enemies":"Small Slimes","floor":1.0,"turns":4.0},{"damage":0,"enemies":"Cultist","floor":3,"turns":4},{"damage":0,"enemies":"2 Louse","floor":4,"turns":3},{"damage":10,"enemies":"Gremlin Nob","floor":7,"turns":5},{"damage":2,"enemies":"Exordium Wildlife","floor":10,"turns":4},{"damage":8,"enemies":"Lagavulin","floor":11,"turns":9},{"damage":10,"enemies":"Hexaghost","floor":16,"turns":8},{"damage":9,"enemies":"2 Thieves","floor":18,"turns":3},{"damage":7,"enemies":"Masked Bandits","floor":19,"turns":5},{"damage":7,"enemies":"Shell Parasite","floor":22,"turns":4},{"damage":22,"enemies":"Gremlin Leader","floor":24,"turns":7},{"damage":11,"enemies":"Centurion and Healer","floor":25,"turns":8},{"damage":3,"enemies":"Chosen and Byrds","floor":31,"turns":4},{"damage":41,"enemies":"Collector","floor":33,"turns":12},{"damage":7,"enemies":"3 Shapes","floor":35,"turns":4},{"damage":0,"enemies":"Orb Walker","floor":38,"turns":1},{"damage":3,"enemies":"3 Darklings","floor":39,"turns":5},{"damage":44,"enemies":"Nemesis","floor":40,"turns":7},{"damage":9,"enemies":"Sphere and 2 Shapes","floor":42,"turns":9},{"damage":19,"enemies":"4 Shapes","floor":46,"turns":5},{"damage":3,"enemies":"Maw","floor":48,"turns":8},{"damage":93,"enemies":"Time Eater","floor":50,"turns":18}],"seed_played":"2345463849197206616","potions_obtained":[{"floor":3,"key":"Weak Potion"},{"floor":11,"key":"Dexterity Potion"},{"floor":16,"key":"BlessingOfTheForge"},{"floor":18,"key":"Energy Potion"},{"floor":19,"key":"Regen Potion"}],"is_trial":false,"path_per_floor":["M","?","M","M","$","R","E","?","T","M","E","R","$","?","R","B",null,"M","?","?","?","M","R","E","M","T","R","$","?","R","M","R","B",null,"M","$","?","M","M","E","$","M","T","R","?","M","R","M","R","B",null],"character_chosen":"THE_SILENT","items_purchased":["Finesse","Footwork","Blade Dance","Flash of Steel"],"campfire_rested":5,"item_purchase_floors":[5,5,13,28],"current_hp_per_floor":[70,63,63,63,63,63,53,46,46,44,36,36,36,36,36,26,70,61,54,54,54,47,47,25,14,14,35,35,35,56,53,53,12,70,63,63,63,63,60,16,16,7,7,28,28,9,30,27,48,6],"gold":3,"neow_bonus":"RANDOM_COMMON_RELIC","is_daily":false,"chose_seed":false,"campfire_upgraded":4,"win_rate":0.0,"timestamp":1613580673,"path_taken":["M","?","?","M","$","R","E","?","T","M","E","R","?","?","R","BOSS","M","?","?","?","M","R","E","?","T","R","$","?","R","M","R","BOSS","M","$","?","M","M","E","$","M","T","R","?","M","R","M","R","BOSS"],"items_purchased_type":["Card","Card","Card","Card"],"build_version":"2020-12-18","purchased_purges":1,"victory":true,"max_hp_per_floor":[70,70,70,70,70,70,70,70,70,70,70,70,70,70,70,70,70,70,70,70,70,70,70,70,70,70,70,70,70,70,70,70,70,70,70,70,70,70,70,70,70,70,70,70,70,70,70,70,70,70],"card_choices":[{"not_picked":["Dagger Throw","Bane"],"picked":"Slice","floor":1.0},{"not_picked":["Underhanded Strike","Deadly Poison"],"picked":"Endless Agony","floor":3},{"not_picked":["Poisoned Stab","Deflect"],"picked":"Footwork","floor":4},{"not_picked":["Night Terror","Endless Agony","Dagger Throw"],"picked":"SKIP","floor":7},{"not_picked":["Flechettes","Prepared"],"picked":"Footwork","floor":10},{"not_picked":["Prepared","Calculated Gamble"],"picked":"Bouncing Flask","floor":11},{"not_picked":["Grand Finale","Unload"],"picked":"Bullet Time","floor":16},{"not_picked":["Outmaneuver","Underhanded Strike"],"picked":"Dagger Spray","floor":18},{"not_picked":["Noxious Fumes","Flying Knee"],"picked":"Accuracy","floor":19},{"not_picked":["Finisher","Prepared"],"picked":"Leg Sweep+1","floor":22},{"not_picked":["Quick Slash","Corpse Explosion"],"picked":"Storm of Steel","floor":24},{"not_picked":["Bane","Quick Slash"],"picked":"Backflip","floor":25},{"not_picked":["Underhanded Strike+1","PiercingWail","Deadly Poison"],"picked":"SKIP","floor":31},{"not_picked":["Night Terror","Glass Knife"],"picked":"Unload","floor":33},{"not_picked":["Sucker Punch","Backflip+1","Dagger Spray+1"],"picked":"SKIP","floor":35},{"not_picked":["Calculated Gamble","Dagger Throw"],"picked":"Prepared","floor":38},{"not_picked":["Riddle With Holes+1","Poisoned Stab"],"picked":"Bane+1","floor":39},{"not_picked":["Backflip+1","Masterful Stab"],"picked":"Poisoned Stab+1","floor":40},{"not_picked":["Prepared+1","Skewer","Dagger Spray"],"picked":"SKIP","floor":42},{"not_picked":["Deadly Poison+1","Dagger Throw+1"],"picked":"Footwork","floor":44},{"not_picked":["Heel Hook+1","Caltrops+1"],"picked":"Footwork","floor":46},{"not_picked":["Dagger Spray","Slice+1"],"picked":"Dodge and Roll+1","floor":48}],"player_experience":681262,"relics_obtained":[{"floor":7,"key":"Whetstone"},{"floor":9,"key":"Gremlin Horn"},{"floor":11,"key":"Bag of Preparation"},{"floor":19,"key":"Red Mask"},{"floor":24,"key":"Lizard Tail"},{"floor":26,"key":"The Courier"},{"floor":32,"key":"Snake Skull"},{"floor":40,"key":"Dream Catcher"},{"floor":43,"key":"Nunchaku"}],"event_choices":[{"damage_healed":0,"gold_gain":75,"player_choice":"Touch","damage_taken":7,"max_hp_gain":0,"max_hp_loss":0,"event_name":"FaceTrader","floor":2,"gold_loss":0},{"cards_removed":["Strike_G"],"damage_healed":0,"gold_gain":0,"player_choice":"Card Removal","damage_taken":7,"max_hp_gain":0,"max_hp_loss":0,"event_name":"Golden Wing","floor":8,"gold_loss":0},{"damage_healed":0,"gold_gain":0,"player_choice":"Left Gold","damage_taken":0,"max_hp_gain":0,"max_hp_loss":0,"event_name":"World of Goop","floor":14,"gold_loss":25},{"damage_healed":0,"gold_gain":0,"player_choice":"Fought Bandits","damage_taken":0,"max_hp_gain":0,"max_hp_loss":0,"event_name":"Masked Bandits","floor":19,"gold_loss":0},{"damage_healed":0,"gold_gain":0,"player_choice":"Stole Relic","damage_taken":0,"relics_obtained":["MawBank"],"max_hp_gain":0,"max_hp_loss":0,"event_name":"Addict","floor":20,"gold_loss":0,"cards_obtained":["Shame"]},{"damage_healed":0,"gold_gain":0,"player_choice":"Rummage","damage_taken":0,"relics_obtained":["WarpedTongs"],"max_hp_gain":0,"max_hp_loss":0,"event_name":"Accursed Blacksmith","floor":21,"gold_loss":0,"cards_obtained":["Pain"]},{"damage_healed":0,"gold_gain":0,"player_choice":"Opened","damage_taken":0,"relics_obtained":["Shovel"],"max_hp_gain":0,"max_hp_loss":0,"event_name":"The Mausoleum","floor":29,"gold_loss":0},{"damage_healed":0,"gold_gain":222,"player_choice":"Wore Mask","damage_taken":0,"max_hp_gain":0,"max_hp_loss":0,"event_name":"Tomb of Lord Red Mask","floor":37,"gold_loss":0},{"damage_healed":0,"gold_gain":0,"player_choice":"Upgraded","damage_taken":0,"max_hp_gain":0,"max_hp_loss":0,"event_name":"Upgrade Shrine","floor":45,"gold_loss":0,"cards_upgraded":["Storm of Steel"]}],"is_beta":true,"boss_relics":[{"not_picked":["SacredBark","Coffee Dripper"],"picked":"Ectoplasm"},{"not_picked":["Fusion Hammer","Runic Pyramid"],"picked":"Pandora\u0027s Box"}],"items_purged_floors":[5],"is_endless":false,"potions_floor_spawned":[3,11,16,18,19,24,25,35,39,48],"ascension_level":0}}