{"host":"w5aax206trqkckez","time":1613529130,"event":{"mods":["AchievementEnabler","BaseMod","Colored Map","Colored Powertips","DeckTracker","Minty Spire (QoL Compilation)","StSLib"],"gold_per_floor":[113,188,188,188,198,198,233,251,274,274,152,152,163,58,58,157,157,175,188,31,103,15,48,68,68,68,82,82,110,110,110,110,110,110],"floor_reached":33,"language":"ENG","playtime":1796,"items_purged":[],"score":317,"play_id":"33ff444c-2629-45a3-a4dc-1c948a12ab51","local_time":"20210216193210","is_ascension_mode":true,"campfire_choices":[{"data":"Combust","floor":6,"key":"SMITH"},{"data":"Wild Strike","floor":12,"key":"SMITH"},{"data":"Combust","floor":15,"key":"SMITH"},{"floor":28,"key":"REST"},{"floor":32,"key":"REST"}],"circlet_count":0,"master_deck":["Strike_R","Strike_R","Strike_R","Strike_R","Defend_R","Defend_R","Defend_R","Defend_R","Bash","Combust+1","Headbutt","Sword Boomerang","Cleave","Wild Strike+1","Power Through","Shrug It Off","Combust+1","Reckless Charge","Barricade","Fire Breathing","Cleave","Rupture+1","Enlightenment","Pommel Strike","Cleave","J.A.X.","Warcry","Warcry"],"relics":["Burning Blood","NeowsBlessing","Omamori","Anchor","Lantern","Mark of Pain","Membership Card","Shuriken","MealTicket","Mummified Hand","Red Mask"],"acts_visited":["Exordium","TheCity"],"potions_floor_usage":[16,19,23,24,31,33],"damage_taken":[{"damage":0,"enemies":"Jaw Worm","floor":1,"turns":1},{"damage":0,"enemies":"2 Louse","floor":5,"turns":1},{"damage":1,"enemies":"3 Sentries","floor":7,"turns":1},{"damage":3,"enemies":"Small Slimes","floor":8,"turns":2},{"damage":0,"enemies":"Red Slaver","floor":13,"turns":2},{"damage":14,"enemies":"Slime Boss","floor":16,"turns":5},{"damage":18,"enemies":"3 Byrds","floor":18,"turns":3},{"damage":4,"enemies":"2 Thieves","floor":19,"turns":2},{"damage":24,"enemies":"Slavers","floor":23,"turns":3},{"damage":25,"enemies":"Centurion and Healer","floor":24,"turns":4},{"damage":26,"enemies":"Cultist and Chosen","floor":27,"turns":5},{"damage":42,"enemies":"Masked Bandits","floor":29,"turns":4},{"damage":7,"enemies":"Snecko","floor":31,"turns":3},{"damage":41,"enemies":"Champ","floor":33,"turns":5}],"seed_played":"2707705798441233277","potions_obtained":[{"floor":5,"key":"Regen Potion"},{"floor":7,"key":"ColorlessPotion"},{"floor":13,"key":"CultistPotion"},{"floor":16,"key":"Swift Potion"},{"floor":19,"key":"Explosive Potion"},{"floor":23,"key":"Fruit Juice"},{"floor":27,"key":"SmokeBomb"}],"is_trial":false,"path_per_floor":["M","?","?","?","M","R","E","M","T","?","$","R","M","$","R","B",null,"M","M","$","T","$","E","M","?","T","M","R","?","?","M","R","B"],"character_chosen":"IRONCLAD","items_purchased":["Wild Strike","Power Through","Combust","Reckless Charge","Membership Card","Rupture","Enlightenment"],"campfire_rested":2,"item_purchase_floors":[11,11,14,14,20,22,22],"current_hp_per_floor":[80,69,62,62,68,68,73,76,76,76,76,76,80,80,80,72,80,68,79,79,79,79,66,47,47,47,27,52,16,16,15,40,0,0],"gold":110,"neow_bonus":"THREE_ENEMY_KILL","is_daily":false,"chose_seed":false,"campfire_upgraded":3,"win_rate":0.0,"timestamp":1613529130,"path_taken":["M","?","?","?","M","R","E","?","T","?","$","R","M","$","R","BOSS","M","?","$","?","$","E","M","?","T","M","R","?","?","M","R","BOSS"],"items_purchased_type":["Card","Card","Card","Card","Relic","Card","Card"],"build_version":"2020-12-22","purchased_purges":0,"victory":false,"max_hp_per_floor":[80,80,80,80,80,80,80,80,80,80,80,80,80,80,80,80,80,80,80,80,80,80,85,85,85,85,85,85,85,85,85,85,85,85],"card_choices":[{"not_picked":["Perfected Strike","Havoc"],"picked":"Combust","floor":1},{"not_picked":["Dropkick","Sword Boomerang"],"picked":"Headbutt","floor":5},{"not_picked":["Clothesline","Carnage"],"picked":"Sword Boomerang","floor":7},{"not_picked":["Sword Boomerang","Body Slam"],"picked":"Cleave","floor":8},{"not_picked":["Pummel","Havoc"],"picked":"Shrug It Off","floor":13},{"not_picked":["Limit Break","Bludgeon"],"picked":"Barricade","floor":16},{"not_picked":["Flex","Dual Wield"],"picked":"Fire Breathing","floor":18},{"not_picked":["Sword Boomerang","Havoc"],"picked":"Cleave","floor":19},{"not_picked":["Power Through","Thunderclap+1"],"picked":"Pommel Strike","floor":23},{"not_picked":["Reaper","Perfected Strike"],"picked":"Cleave","floor":24},{"not_picked":["Flex","Perfected Strike+1"],"picked":"Warcry","floor":27},{"not_picked":["Bloodletting+1","Clothesline"],"picked":"Warcry","floor":29}],"player_experience":56276,"relics_obtained":[{"floor":7,"key":"Anchor"},{"floor":9,"key":"Lantern"},{"floor":21,"key":"Shuriken"},{"floor":23,"key":"MealTicket"},{"floor":26,"key":"Mummified Hand"},{"floor":29,"key":"Red Mask"}],"event_choices":[{"damage_healed":0,"gold_gain":75,"player_choice":"Gather Gold","damage_taken":11,"max_hp_gain":0,"max_hp_loss":0,"event_name":"World of Goop","floor":2,"gold_loss":0},{"damage_healed":0,"gold_gain":0,"player_choice":"Success","damage_taken":7,"relics_obtained":["Omamori"],"max_hp_gain":0,"max_hp_loss":0,"event_name":"Scrap Ooze","floor":3,"gold_loss":0},{"damage_healed":0,"gold_gain":0,"player_choice":"Leave","damage_taken":0,"max_hp_gain":0,"max_hp_loss":0,"event_name":"The Cleric","floor":4,"gold_loss":0},{"cards_removed":["Strike_R"],"damage_healed":0,"gold_gain":0,"player_choice":"Purged","damage_taken":0,"max_hp_gain":0,"max_hp_loss":0,"event_name":"Purifier","floor":10,"gold_loss":0},{"damage_healed":0,"gold_gain":0,"player_choice":"Obtain J.A.X.","damage_taken":0,"max_hp_gain":0,"max_hp_loss":0,"event_name":"Drug Dealer","floor":25,"gold_loss":0,"cards_obtained":["J.A.X."]},{"damage_healed":0,"gold_gain":0,"player_choice":"Fought Bandits","damage_taken":0,"max_hp_gain":0,"max_hp_loss":0,"event_name":"Masked Bandits","floor":29,"gold_loss":0},{"damage_healed":0,"gold_gain":0,"player_choice":"Upgraded","damage_taken":0,"max_hp_gain":0,"max_hp_loss":0,"event_name":"Upgrade Shrine","floor":30,"gold_loss":0,"cards_upgraded":["Rupture"]}],"is_beta":false,"boss_relics":[{"not_picked":["Coffee Dripper","Philosopher\u0027s Stone"],"picked":"Mark of Pain"}],"items_purged_floors":[],"is_endless":false,"potions_floor_spawned":[5,7,13,16,19,23,27,31],"killed_by":"Champ","ascension_level":2}}