{"host":"5agrj1fd4s00r127","time":1613553140,"event":{"mods":["BaseMod","Minty Spire (QoL Compilation)","StSLib"],"gold_per_floor":[118,137,5,80,99,134,134,134,134,148,162,177,206,221,221,221,221],"floor_reached":16,"language":"RUS","playtime":497,"items_purged":[],"score":114,"play_id":"2029a249-cf2a-4bc9-8306-6fcab83c76d2","local_time":"20210217111220","is_ascension_mode":false,"campfire_choices":[{"data":"Redo","floor":7,"key":"SMITH"},{"floor":15,"key":"REST"}],"circlet_count":0,"master_deck":["Strike_B","Strike_B","Strike_B","Strike_B","Defend_B","Defend_B","Defend_B","Defend_B","Zap","Dualcast","Redo+1","Conserve Battery","Storm","Ball Lightning","Darkness","Sweeping Beam","Regret","Loop","BootSequence","Thunder Strike","Fusion"],"relics":["Cracked Core","NeowsBlessing","Peace Pipe","Blood Vial","Bottled Tornado","Strawberry"],"acts_visited":["Exordium"],"potions_floor_usage":[6,6,13,14],"damage_taken":[{"damage":0,"enemies":"Cultist","floor":1,"turns":1},{"damage":0,"enemies":"2 Louse","floor":2,"turns":1},{"damage":0,"enemies":"Jaw Worm","floor":5,"turns":1},{"damage":21,"enemies":"3 Sentries","floor":6,"turns":6},{"damage":7,"enemies":"Exordium Wildlife","floor":10,"turns":4},{"damage":12,"enemies":"2 Fungi Beasts","floor":11,"turns":3},{"damage":7,"enemies":"Looter","floor":12,"turns":4},{"damage":19,"enemies":"Gremlin Nob","floor":13,"turns":4},{"damage":2,"enemies":"3 Louse","floor":14,"turns":2},{"damage":46,"enemies":"Hexaghost","floor":16,"turns":8}],"seed_played":"-6700704224901285736","potions_obtained":[{"floor":1,"key":"CultistPotion"},{"floor":5,"key":"FocusPotion"},{"floor":11,"key":"SpeedPotion"},{"floor":12,"key":"Explosive Potion"}],"is_trial":false,"path_per_floor":["M","M","$","?","M","E","R","?","T","M","M","M","E","M","R","B"],"character_chosen":"DEFECT","items_purchased":["Storm","Ball Lightning"],"campfire_rested":1,"item_purchase_floors":[3,3],"current_hp_per_floor":[75,75,75,64,64,43,43,43,43,38,28,23,13,13,37,0,0],"gold":221,"neow_bonus":"THREE_ENEMY_KILL","is_daily":false,"chose_seed":false,"campfire_upgraded":1,"win_rate":0.0,"timestamp":1613553140,"path_taken":["M","?","$","?","M","E","R","?","T","?","M","M","E","M","R","BOSS"],"items_purchased_type":["Card","Card"],"build_version":"2020-12-22","purchased_purges":0,"victory":false,"max_hp_per_floor":[75,75,75,75,75,75,75,75,75,75,75,75,82,82,82,82,82],"card_choices":[{"not_picked":["Blizzard","Consume"],"picked":"Redo","floor":1},{"not_picked":["Skim","Rip and Tear"],"picked":"Conserve Battery","floor":2},{"not_picked":["Hologram","Steam Power"],"picked":"Darkness","floor":5},{"not_picked":["Go for the Eyes","Beam Cell"],"picked":"Sweeping Beam","floor":6},{"not_picked":["Storm","Go for the Eyes"],"picked":"Loop","floor":10},{"not_picked":["Gash","Undo"],"picked":"BootSequence","floor":11},{"not_picked":["Sweeping Beam","Sunder","Conserve Battery"],"picked":"SKIP","floor":12},{"not_picked":["Doom and Gloom","Rebound"],"picked":"Thunder Strike","floor":13},{"not_picked":["Conserve Battery","Stack"],"picked":"Fusion","floor":14}],"player_experience":22864,"relics_obtained":[{"floor":6,"key":"Peace Pipe"},{"floor":9,"key":"Bottled Tornado"},{"floor":13,"key":"Strawberry"}],"event_choices":[{"damage_healed":0,"gold_gain":75,"player_choice":"Gather Gold","damage_taken":11,"max_hp_gain":0,"max_hp_loss":0,"event_name":"World of Goop","floor":4,"gold_loss":0},{"damage_healed":0,"gold_gain":0,"player_choice":"Box","damage_taken":0,"relics_obtained":["Blood Vial"],"max_hp_gain":0,"max_hp_loss":0,"event_name":"Big Fish","floor":8,"gold_loss":0,"cards_obtained":["Regret"]}],"is_beta":false,"boss_relics":[],"items_purged_floors":[],"is_endless":false,"potions_floor_spawned":[1,5,11,12],"killed_by":"Hexaghost","ascension_level":0}}