{"host":"pj05r22d3fegil3v","time":1613540980,"event":{"mods":["BaseMod","Better Altar","Better Match","Better Note","Better Sensory Stone","Better Skull","Better Third Choice","BetterRewards","Card Filter","Colored Powertips","Curses Come First","Custom Start","DeckTracker","Displayed Cursed Tome","Evolution","Minty Spire (QoL Compilation)","Quick Restart","Rare Cards Sparkle","Relic Filter Mod","Smile Girya","StSLib","Weighted Paths","everything is the same but u backflip on backflip","slay the spire mod where everything is the same but ironclad has a cowboy hat"],"gold_per_floor":[111,186,31,31,45,45,73,105,105,125,157,157,184,7,7,110,110,122,22,40,60,71,71,88,116,166,166,195,209,209,221,221,320,320,330,330,343,360,360,360,390,390,390,390,405,39,49,81,81,81,81,81,12,41,41,41],"floor_reached":55,"language":"ENG","playtime":2864,"items_purged":["Strike_G","Defend_G","Pain"],"score":1086,"play_id":"0d6763cc-72f6-4d76-92d1-3a355fa49b72","local_time":"20210217004940","is_ascension_mode":true,"campfire_choices":[{"data":"1","floor":6,"key":"LIFT"},{"floor":12,"key":"REST"},{"data":"2","floor":15,"key":"LIFT"},{"data":"3","floor":23,"key":"LIFT"},{"data":"Apotheosis","floor":27,"key":"SMITH"},{"data":"Footwork","floor":30,"key":"SMITH"},{"data":"Accuracy","floor":32,"key":"SMITH"},{"data":"Storm of Steel","floor":40,"key":"SMITH"},{"data":"Neutralize","floor":42,"key":"SMITH"},{"data":"After Image","floor":44,"key":"SMITH"},{"floor":49,"key":"RECALL"},{"data":"Mayhem","floor":52,"key":"SMITH"}],"circlet_count":0,"master_deck":["Quick Slash","Quick Slash","Strike_G","Strike_G","Defend_G","Defend_G","Defend_G","Defend_G","Survivor","Neutralize+1","Backflip","Dagger Spray+1","Accuracy+1","Dagger Spray","Infinite Blades","Footwork+1","Dodge and Roll","Apotheosis+1","After Image+1","Backflip","Skewer","Blade Dance+1","Storm of Steel+1","Escape Plan+1","Mayhem+1","Footwork"],"relics":["Ring of the Snake","EVO:Axolotl","Girya","Odd Mushroom","Lantern","Regal Pillow","Omamori","Cursed Key","Incense Burner","Vajra","Molten Egg 2","Calling Bell","Boot","Blue Candle","Mango","Kunai","Singing Bowl","Nunchaku","Snake Skull"],"acts_visited":["Exordium","TheCity","TheBeyond","TheEnding"],"potions_floor_usage":[8,11,25,28,33,41,55,55,55],"damage_taken":[{"damage":0,"enemies":"Cultist","floor":1,"turns":3},{"damage":0,"enemies":"2 Louse","floor":5,"turns":2},{"damage":26,"enemies":"The Mushroom Lair","floor":7,"turns":3},{"damage":18,"enemies":"Lagavulin","floor":8,"turns":7},{"damage":0,"enemies":"Jaw Worm","floor":10,"turns":3},{"damage":17,"enemies":"Gremlin Nob","floor":11,"turns":4},{"damage":4,"enemies":"Lagavulin","floor":13,"turns":7},{"damage":25,"enemies":"The Guardian","floor":16,"turns":10},{"damage":6,"enemies":"Chosen","floor":18,"turns":4},{"damage":2,"enemies":"Spheric Guardian","floor":20,"turns":4},{"damage":2,"enemies":"Shelled Parasite and Fungi","floor":21,"turns":6},{"damage":0,"enemies":"Centurion and Healer","floor":22,"turns":5},{"damage":0,"enemies":"3 Cultists","floor":24,"turns":4},{"damage":10,"enemies":"Gremlin Leader","floor":25,"turns":5},{"damage":0,"enemies":"Book of Stabbing","floor":28,"turns":5},{"damage":7,"enemies":"Cultist and Chosen","floor":29,"turns":4},{"damage":0,"enemies":"Centurion and Healer","floor":31,"turns":4},{"damage":0,"enemies":"Automaton","floor":33,"turns":6},{"damage":0,"enemies":"Orb Walker","floor":35,"turns":2},{"damage":0,"enemies":"3 Shapes","floor":37,"turns":2},{"damage":0,"enemies":"Sphere and 2 Shapes","floor":38,"turns":4},{"damage":11,"enemies":"Giant Head","floor":41,"turns":6},{"damage":7,"enemies":"Transient","floor":45,"turns":5},{"damage":0,"enemies":"Maw","floor":47,"turns":6},{"damage":1,"enemies":"Nemesis","floor":48,"turns":5},{"damage":37,"enemies":"Awakened One","floor":50,"turns":10},{"damage":54,"enemies":"Shield and Spear","floor":54,"turns":7},{"damage":46,"enemies":"The Heart","floor":55,"turns":3}],"seed_played":"4245719603800285327","potions_obtained":[{"floor":7,"key":"Swift Potion"},{"floor":8,"key":"Regen Potion"},{"floor":20,"key":"SkillPotion"},{"floor":22,"key":"Weak Potion"},{"floor":25,"key":"Explosive Potion"},{"floor":28,"key":"Block Potion"},{"floor":33,"key":"FearPotion"},{"floor":37,"key":"SkillPotion"},{"floor":48,"key":"Energy Potion"}],"is_trial":false,"path_per_floor":["M","?","$","?","M","R","?","E","T","M","E","R","E","$","R","B",null,"M","$","M","M","M","R","M","E","T","R","E","M","R","M","R","B",null,"M","?","M","M","?","R","E","R","T","R","M","$","M","E","R","B",null,"R","$","E","B"],"character_chosen":"THE_SILENT","items_purchased":["Backflip","Accuracy","Apotheosis","Mayhem","Dexterity Potion","Footwork"],"campfire_rested":1,"item_purchase_floors":[0,3,14,46,46,53],"current_hp_per_floor":[59,52,52,52,52,52,26,8,8,8,3,39,35,35,35,10,70,64,64,62,60,60,60,60,50,50,50,50,43,43,43,43,43,84,84,84,84,84,84,84,73,73,73,73,68,68,70,71,71,34,90,90,90,38,0,0],"gold":41,"neow_bonus":"","is_daily":false,"chose_seed":false,"campfire_upgraded":7,"win_rate":0.0,"timestamp":1613540980,"path_taken":["M","?","?","?","?","R","?","E","T","M","E","R","E","$","R","BOSS","M","$","M","M","M","R","M","E","T","R","E","M","R","M","R","BOSS","M","?","?","M","?","R","E","R","T","R","M","$","M","E","R","BOSS","R","$","E","BOSS"],"items_purchased_type":["Card","Card","Card","Card","Potion","Card"],"build_version":"2020-12-22","purchased_purges":3,"victory":false,"max_hp_per_floor":[70,70,70,70,70,70,70,70,70,70,70,70,70,70,70,70,70,70,70,70,70,70,70,70,70,70,70,70,70,70,70,70,70,84,84,84,84,84,84,84,84,84,84,84,86,86,88,90,90,90,90,90,90,92,92,92],"card_choices":[{"not_picked":["Finisher","Acrobatics"],"picked":"Dagger Spray","floor":1},{"not_picked":["Masterful Stab","Sucker Punch"],"picked":"Dagger Spray","floor":5},{"not_picked":["Endless Agony","Deflect","Sucker Punch"],"picked":"SKIP","floor":8},{"not_picked":["Glass Knife","Bane"],"picked":"Infinite Blades","floor":10},{"not_picked":["Deadly Poison","Venomology"],"picked":"Footwork","floor":11},{"not_picked":["PiercingWail","Poisoned Stab"],"picked":"Dodge and Roll","floor":13},{"not_picked":["Envenom","Die Die Die"],"picked":"After Image","floor":16},{"not_picked":["Setup","Terror+1"],"picked":"Backflip","floor":18},{"not_picked":["Outmaneuver","Underhanded Strike"],"picked":"Skewer","floor":20},{"not_picked":["Predator","Dodge and Roll"],"picked":"Blade Dance","floor":21},{"not_picked":["Caltrops+1","Deflect","Quick Slash"],"picked":"SKIP","floor":22},{"not_picked":["Underhanded Strike+1","Masterful Stab","Sucker Punch"],"picked":"SKIP","floor":24},{"not_picked":["Calculated Gamble+1","Quick Slash","Bouncing Flask"],"picked":"SKIP","floor":25},{"not_picked":["Skewer+1","PiercingWail","Setup"],"picked":"SKIP","floor":28},{"not_picked":["Skewer+1","Flying Knee+1","Blur"],"picked":"SKIP","floor":29},{"not_picked":["Acrobatics+1","Dodge and Roll+1","Dash+1"],"picked":"SKIP","floor":31},{"not_picked":["Malaise","Envenom"],"picked":"Storm of Steel","floor":33},{"not_picked":["PiercingWail","Dodge and Roll+1"],"picked":"Escape Plan+1","floor":35},{"not_picked":["PiercingWail+1","Bouncing Flask","Tactician"],"picked":"SKIP","floor":37},{"not_picked":["All Out Attack+1","Backflip+1","Setup"],"picked":"SKIP","floor":38},{"not_picked":["Escape Plan+1","Flying Knee+1","Deadly Poison+1"],"picked":"SKIP","floor":41},{"not_picked":["Dagger Throw+1","Dagger Spray+1","Flechettes+1"],"picked":"Singing Bowl","floor":45},{"not_picked":["Deflect","Quick Slash+1","Dash+1"],"picked":"Singing Bowl","floor":47},{"not_picked":["Choke+1","Setup","Acrobatics+1"],"picked":"Singing Bowl","floor":48},{"not_picked":["Cloak And Dagger","PiercingWail","Outmaneuver+1"],"picked":"Singing Bowl","floor":54}],"player_experience":129291,"relics_obtained":[{"floor":7,"key":"Odd Mushroom"},{"floor":8,"key":"Lantern"},{"floor":11,"key":"Regal Pillow"},{"floor":13,"key":"Omamori"},{"floor":25,"key":"Incense Burner"},{"floor":26,"key":"Vajra"},{"floor":28,"key":"Molten Egg 2"},{"floor":34,"key":"Boot"},{"floor":34,"key":"Blue Candle"},{"floor":34,"key":"Mango"},{"floor":41,"key":"Kunai"},{"floor":43,"key":"Singing Bowl"},{"floor":48,"key":"Nunchaku"},{"floor":54,"key":"Snake Skull"}],"event_choices":[{"damage_healed":0,"gold_gain":75,"player_choice":"Touch","damage_taken":7,"max_hp_gain":0,"max_hp_loss":0,"event_name":"FaceTrader","floor":2,"gold_loss":0},{"damage_healed":0,"gold_gain":0,"player_choice":"Upgraded","damage_taken":0,"max_hp_gain":0,"max_hp_loss":0,"event_name":"Upgrade Shrine","floor":4,"gold_loss":0,"cards_upgraded":["Dagger Spray"]},{"damage_healed":0,"gold_gain":0,"player_choice":"Fought Mushrooms","damage_taken":0,"max_hp_gain":0,"max_hp_loss":0,"event_name":"Mushrooms","floor":7,"gold_loss":0},{"damage_healed":0,"gold_gain":0,"player_choice":"Forge","damage_taken":0,"max_hp_gain":0,"max_hp_loss":0,"event_name":"Accursed Blacksmith","floor":36,"gold_loss":0,"cards_upgraded":["Blade Dance"]},{"damage_healed":0,"gold_gain":0,"player_choice":"Ignored","damage_taken":0,"max_hp_gain":0,"max_hp_loss":0,"event_name":"Tomb of Lord Red Mask","floor":39,"gold_loss":0}],"is_beta":false,"boss_relics":[{"not_picked":["Velvet Choker","Runic Pyramid"],"picked":"Cursed Key"},{"not_picked":["Empty Cage","Philosopher\u0027s Stone"],"picked":"Calling Bell"}],"items_purged_floors":[3,19,46],"is_endless":false,"potions_floor_spawned":[7,8,20,22,25,28,33,37,48],"killed_by":"The Heart","ascension_level":1}}