{"host":"yassvrowvc2yfwp2","time":1613568505,"event":{"mods":["2.2 Compatiblity","Act Like it!","BaseMod","Better Note","Curses Come First","Dota2Spire","Downfall","HololiveMod","Jorbs\u0027s Wanderer Trilogy","Minty Spire (QoL Compilation)","Prisma Mod","Rare Cards Sparkle","Reimu£®≤©¿ˆ¡È√Œ£©","Replay The Spire","Say the Spire","Spicy Shops","StSLib","The Bug Knight","The Cursed","The Servant 0.9.4"],"gold_per_floor":[112,36,36,111,111,138,150,150,174,208,223,255,269,269,269,269,269],"floor_reached":16,"language":"ZHS","playtime":349,"items_purged":[],"score":201,"play_id":"ef985e53-b810-40de-b1b4-ef4f9e9b1b7d","local_time":"20210217212825","daily_mods":["Allstar","Hoarder","Terminal"],"is_ascension_mode":true,"campfire_choices":[{"data":"Metamorphosis","floor":8,"key":"SMITH"},{"floor":15,"key":"DIG"}],"circlet_count":0,"master_deck":["Strike_Lin:ReiMu","Strike_Lin:ReiMu","Strike_Lin:ReiMu","Strike_Lin:ReiMu","Defend_Lin:ReiMu","Defend_Lin:ReiMu+1","Defend_Lin:ReiMu","Defend_Lin:ReiMu","NB:ReiMu","Stagnation:ReiMu","Impatience","Impatience","Impatience","ReplayTheSpireMod:Brewmster","ReplayTheSpireMod:Brewmster","ReplayTheSpireMod:Brewmster","Metamorphosis","Metamorphosis","Metamorphosis+1","Dramatic Entrance","Dramatic Entrance","Dramatic Entrance","Midas Touch","Midas Touch","Midas Touch","AirManeuver:ReiMu+1","AirManeuver:ReiMu","AirManeuver:ReiMu","OctopathSalyBorderN:ReiMu","OctopathSalyBorderN:ReiMu","OctopathSalyBorderN:ReiMu","ShadowOfCrow2:ReiMu","ShadowOfCrow2:ReiMu","ShadowOfCrow2:ReiMu","TakeOff:ReiMu","TakeOff:ReiMu","TakeOff:ReiMu","Mountainwind:ReiMu","Mountainwind:ReiMu","Mountainwind:ReiMu","FantasyBorder:ReiMu","FantasyBorder:ReiMu","FantasyBorder:ReiMu"],"relics":["FlyPower:ReiMu","HandDrill","Dota2Spire:HeartOfTarrasque","War Paint","Happy Flower","ReplayFunnel","Dota2Spire:PowerTreads","Ancient Tea Set"],"acts_visited":["Exordium"],"potions_floor_usage":[6,6,6,7,10],"damage_taken":[{"damage":0,"enemies":"Cultist","floor":1,"turns":2},{"damage":0,"enemies":"Lagavulin","floor":6,"turns":8},{"damage":0,"enemies":"Jaw Worm","floor":7,"turns":2},{"damage":1,"enemies":"Gremlin Nob","floor":10,"turns":4},{"damage":0,"enemies":"Small Slimes","floor":11,"turns":2},{"damage":0,"enemies":"3 Sentries","floor":12,"turns":1},{"damage":0,"enemies":"Exordium Thugs","floor":13,"turns":3},{"damage":0,"enemies":"Fading Forest","floor":16,"turns":1}],"seed_played":"-1644671881791237616","potions_obtained":[{"floor":1,"key":"Cursed Concoction"},{"floor":11,"key":"Elixir"}],"is_trial":true,"path_per_floor":["M","$","$","?","T","E","M","R","T","E","M","E","M","?","R","B"],"character_chosen":"REIMU","items_purchased":["HandDrill"],"campfire_rested":0,"item_purchase_floors":[2],"current_hp_per_floor":[63,62,61,50,58,66,65,64,63,62,61,60,59,58,57,57,57],"gold":269,"neow_bonus":"","is_daily":false,"chose_seed":false,"campfire_upgraded":1,"win_rate":0.0,"timestamp":1613568505,"path_taken":["M","?","$","?","?","E","M","R","T","E","M","E","M","?","R","BOSS"],"items_purchased_type":["Relic"],"build_version":"2020-12-22","purchased_purges":0,"victory":false,"max_hp_per_floor":[63,62,61,60,67,66,65,64,63,62,61,60,59,58,57,57,57],"card_choices":[{"not_picked":["Conquer:ReiMu","NineCharacters:ReiMu"],"picked":"AirManeuver:ReiMu","floor":1},{"not_picked":["SubcavityInstant:ReiMu","LearningPray:ReiMu"],"picked":"OctopathSalyBorderN:ReiMu","floor":6},{"not_picked":["SpreadBorder2:ReiMu","Gathering:ReiMu"],"picked":"ShadowOfCrow2:ReiMu","floor":7},{"not_picked":["EmergencyTakeOff:ReiMu","MountainWay:ReiMu"],"picked":"TakeOff:ReiMu","floor":10},{"not_picked":["WonderfulDomain:ReiMu","OrbThrow:ReiMu"],"picked":"Mountainwind:ReiMu","floor":11},{"not_picked":["Intuition:ReiMu","AlertArray:ReiMu"],"picked":"FantasyBorder:ReiMu","floor":12},{"not_picked":["Meditation:ReiMu","Enchanting:ReiMu","SubAcupoint:ReiMu"],"picked":"SKIP","floor":13}],"player_experience":2157048,"relics_obtained":[{"floor":5,"key":"Dota2Spire:HeartOfTarrasque"},{"floor":6,"key":"War Paint"},{"floor":9,"key":"Happy Flower"},{"floor":10,"key":"ReplayFunnel"},{"floor":12,"key":"Dota2Spire:PowerTreads"},{"floor":15,"key":"Ancient Tea Set"}],"event_choices":[{"damage_healed":0,"gold_gain":75,"player_choice":"Gather Gold","damage_taken":11,"max_hp_gain":0,"max_hp_loss":0,"event_name":"World of Goop","floor":4,"gold_loss":0}],"is_beta":false,"boss_relics":[],"items_purged_floors":[],"is_endless":false,"potions_floor_spawned":[1,11,12],"killed_by":"Fading Forest","ascension_level":1}}