{"host":"hd6x97p58c0rxspr","time":1613585135,"event":{"mods":["AchievementEnabler","Aspiration","Bard","BaseMod","Better Note","Better Skull","BetterRewards","Colored Powertips","Conspire","Downfall","Energized Spire","Halation","Hermit","Hubris","Infinite Spire","Jorbs\u0027s Wanderer Trilogy","Marisa????????","Marked Mod","Minty Spire (QoL Compilation)","Permanent Neow","Replay The Spire","Shop Mod","Spicy Shops","StSLib","The Animator","The Blue Laboratory","The Cursed","The Hierophant","The Runesmith","Wandering Minibosses"],"gold_per_floor":[117,134,147,147,167,194,194,220,220,236,249,249,263,283,283,283,283],"floor_reached":16,"language":"ENG","playtime":1110,"items_purged":[],"score":141,"play_id":"57981c3b-453b-4e10-8ed0-f4ade317f904","local_time":"20210217120535","is_ascension_mode":false,"campfire_choices":[{"floor":12,"key":"REST"},{"data":"hermit:Dive","floor":15,"key":"SMITH"}],"circlet_count":0,"master_deck":["hermit:Strike_Hermit","hermit:Strike_Hermit+1","hermit:Strike_Hermit","hermit:Strike_Hermit","hermit:Defend_Hermit","hermit:Defend_Hermit","hermit:Defend_Hermit","hermit:Defend_Hermit","hermit:Snapshot","hermit:Covet","hermit:Headshot","hermit:Virtue","hermit:Dive","hermit:Feint","hermit:Determination","hubris:NaturalOne","hermit:BigShot","hermit:Ricochet","hermit:BlackWind","hermit:Dive+1","hermit:Desperado"],"relics":["stsjorbsmod:BookOfTrialsRelic","infinitespire:Cubic Diamond","Bag of Marbles","hubris:Icosahedron","hubris:BottledRain","Question Card"],"acts_visited":["Exordium"],"potions_floor_usage":[13,13,13,16],"damage_taken":[{"damage":0,"enemies":"conspire:RoseBush","floor":1,"turns":2},{"damage":0,"enemies":"2 Louse","floor":2,"turns":1},{"damage":6,"enemies":"Jaw Worm","floor":3,"turns":2},{"damage":6,"enemies":"Lots of Slimes","floor":5,"turns":4},{"damage":0,"enemies":"Replay:BlueRogue","floor":6,"turns":9},{"damage":27,"enemies":"Gremlin Nob","floor":8,"turns":5},{"damage":12,"enemies":"Large Slime","floor":10,"turns":4},{"damage":2,"enemies":"Blue Slaver","floor":11,"turns":3},{"damage":3,"enemies":"Exordium Wildlife","floor":13,"turns":2},{"damage":2,"enemies":"2 Fungi Beasts","floor":14,"turns":2},{"damage":42,"enemies":"The Guardian","floor":16,"turns":8}],"seed_played":"1043983756362047028","potions_obtained":[{"floor":2,"key":"champ:CounterPotion"},{"floor":5,"key":"Toxic Potion"},{"floor":8,"key":"Adrenaline Potion"},{"floor":11,"key":"blueLaboratory:FruitPunch"},{"floor":14,"key":"Languid Potion"}],"is_trial":false,"path_per_floor":["M","M","M","?","M","E","?","E","T","M","M","R","M","M","R","B"],"character_chosen":"HERMIT","items_purchased":[],"campfire_rested":1,"item_purchase_floors":[],"current_hp_per_floor":[75,75,69,69,63,63,63,36,36,24,22,44,43,41,41,0,0],"gold":283,"neow_bonus":"RANDOM_EVENT","is_daily":false,"chose_seed":false,"campfire_upgraded":1,"win_rate":0.0,"timestamp":1613585135,"path_taken":["M","M","M","?","M","E","?","E","T","M","?","R","?","M","R","BOSS"],"items_purchased_type":[],"build_version":"2020-12-22","purchased_purges":0,"victory":false,"max_hp_per_floor":[75,75,75,75,75,75,75,75,75,75,75,75,77,77,77,77,77],"card_choices":[{"not_picked":["hermit:TakeAim","hermit:HighCaliber"],"picked":"hermit:Headshot","floor":1},{"not_picked":["hermit:ItchyTrigger","hermit:TrackingShot"],"picked":"hermit:Virtue","floor":2},{"not_picked":["hermit:HoleUp","hermit:Roulette"],"picked":"hermit:Dive","floor":3},{"not_picked":["hermit:BodyArmor","hermit:Snipe"],"picked":"hermit:Feint","floor":5},{"not_picked":["hermit:Manifest","hermit:Gestalt"],"picked":"hermit:Determination","floor":6},{"not_picked":["hermit:Roulette","hermit:Brawl"],"picked":"hermit:BigShot","floor":8},{"not_picked":["hermit:TakeAim","hermit:SprayPray","hermit:LuckOfTheDraw"],"picked":"hermit:Ricochet","floor":10},{"not_picked":["hermit:LowProfile","hermit:HighCaliber","hermit:Horror"],"picked":"hermit:BlackWind","floor":11},{"not_picked":["hermit:Quickdraw","hermit:TrackingShot","hermit:Ricochet"],"picked":"hermit:Dive","floor":13},{"not_picked":["hermit:ItchyTrigger","hermit:LowProfile","hermit:WideOpen"],"picked":"hermit:Desperado","floor":14}],"player_experience":864367,"relics_obtained":[{"floor":6,"key":"Bag of Marbles"},{"floor":8,"key":"hubris:BottledRain"},{"floor":9,"key":"Question Card"}],"event_choices":[],"is_beta":false,"boss_relics":[],"items_purged_floors":[],"is_endless":false,"potions_floor_spawned":[2,5,8,11,14],"killed_by":"The Guardian","ascension_level":0}}