{"host":"adt9pv9dmmkchns7","time":1613587117,"event":{"mods":["AchievementEnabler","Aspiration","BaseMod","Beaked The Cultist","Better Third Choice","Curses Come First","Energized Spire","Minty Spire (QoL Compilation)","Permanent Neow","Potionbrewer","Quick Restart","Reliquary","Replay The Spire","Robot Space Explorer","Shade Mod","Spicy Shops","StSLib","The Blackbeard","The Cursed","The Forsaken","The Gatherer","The Necromancer","Wandering Minibosses"],"gold_per_floor":[364,364,384,0,20,53,53,53,53,79,110,128,142,186,186,316,316,329,320,394,394,418,418,438,479,505,505,505,505],"floor_reached":28,"language":"ENG","playtime":2842,"items_purged":[],"score":350,"play_id":"b27519d4-9519-4534-ba3b-c39b58b028d4","local_time":"20210217193837","is_ascension_mode":true,"campfire_choices":[{"floor":8,"key":"RECALL"},{"floor":15,"key":"REST"},{"data":"Shade:CallOfTheGrave","floor":23,"key":"SMITH"}],"circlet_count":0,"master_deck":["Shade:Defend_Shade","Shade:Defend_Shade","Shade:Defend_Shade","Shade:Defend_Shade+1","Shade:AnimateDead","Shade:CarefulCut","Shade:Carnophage","Shade:FuneraryJewels+1","Shade:SkeletonHug","Shade:Bonestorm","Injury","Shade:FleshToFlesh","Shade:SoulToxin","Shade:CallOfTheGrave+1","Shade:GraveStillness","Shade:WallOfFlesh","Shade:Coordination","Shade:ClawBack+1","Shade:Brains+1","Shade:ExtraLimbs","Shade:ExtraLimbs","Shade:FuneraryJewels","Shade:Carnophage","Shade:FleshLikeOak+1","Bite","Bite","Bite","Bite","Bite"],"relics":["Shade:YorickSkull","Membership Card","Shovel","reliquary:IridiumChain","Golden Idol","Odd Mushroom","Omamori","reliquary:RedPaperclip","Juzu Bracelet","reliquary:TatteredRug","Vajra","Dream Catcher"],"acts_visited":["Exordium","TheCity"],"potions_floor_usage":[6,6,6,6,10,11,14,16,19,24,24,25],"damage_taken":[{"damage":0,"enemies":"2 Louse","floor":1,"turns":2},{"damage":0,"enemies":"Cultist","floor":3,"turns":3},{"damage":0,"enemies":"Jaw Worm","floor":5,"turns":3},{"damage":15,"enemies":"Lagavulin","floor":6,"turns":6},{"damage":0,"enemies":"The Mushroom Lair","floor":10,"turns":3},{"damage":15,"enemies":"Gremlin Nob","floor":11,"turns":5},{"damage":3,"enemies":"Looter","floor":12,"turns":3},{"damage":8,"enemies":"Exordium Thugs","floor":13,"turns":6},{"damage":9,"enemies":"Lagavulin","floor":14,"turns":10},{"damage":16,"enemies":"The Guardian","floor":16,"turns":17},{"damage":2,"enemies":"Spheric Guardian","floor":18,"turns":9},{"damage":25,"enemies":"2 Thieves","floor":19,"turns":8},{"damage":8,"enemies":"Cultist and Chosen","floor":22,"turns":8},{"damage":21,"enemies":"Shelled Parasite and Fungi","floor":24,"turns":9},{"damage":0,"enemies":"Book of Stabbing","floor":25,"turns":7},{"damage":20,"enemies":"Gremlin Leader","floor":28,"turns":2}],"seed_played":"-7098793631709456039","potions_obtained":[{"floor":1,"key":"Block Potion"},{"floor":5,"key":"EntropicBrew"},{"floor":6,"key":"EssenceOfSteel"},{"floor":11,"key":"SteroidPotion"},{"floor":16,"key":"SteroidPotion"},{"floor":18,"key":"potionbrewer:NoxiousPotion"},{"floor":20,"key":"ColorlessPotion"},{"floor":24,"key":"Fruit Juice"}],"is_trial":false,"path_per_floor":["M","?","M","$","M","E","?","R","T","?","E","M","M","E","R","B",null,"M","M","?","?","M","R","M","E","T","?","E"],"character_chosen":"SHADE","items_purchased":["Membership Card","Shovel","War Paint"],"campfire_rested":1,"item_purchase_floors":[4,4,4],"current_hp_per_floor":[65,65,65,65,65,50,50,50,50,50,35,32,24,15,34,18,65,63,38,38,38,30,30,14,14,14,14,0,0],"gold":505,"neow_bonus":"TWO_FIFTY_GOLD","is_daily":false,"chose_seed":false,"campfire_upgraded":1,"win_rate":0.0,"timestamp":1613587117,"path_taken":["M","?","?","$","M","E","?","R","T","?","E","M","?","E","R","BOSS","M","M","?","?","M","R","M","E","T","?","E"],"items_purchased_type":["Relic","Relic","Relic"],"build_version":"2020-12-22","purchased_purges":0,"victory":false,"max_hp_per_floor":[65,65,65,65,65,65,65,65,65,65,65,65,65,65,65,65,65,65,65,65,65,65,65,70,70,70,49,49,49],"card_choices":[{"not_picked":["Shade:FuneraryJewels","Shade:GraveStillness"],"picked":"Shade:Carnophage","floor":1},{"not_picked":["Shade:GoDigging","Shade:CommandSoldier"],"picked":"Shade:FuneraryJewels","floor":3},{"not_picked":["Shade:Trample","Shade:SpontaneousRitual"],"picked":"Shade:SkeletonHug","floor":5},{"not_picked":["Shade:Awaken","Shade:Bite_Shade"],"picked":"Shade:Bonestorm","floor":6},{"not_picked":["Shade:CommandSoldier","Shade:FuneraryJewels"],"picked":"Shade:FleshToFlesh","floor":10},{"not_picked":["Shade:SanguineRitual","Shade:SpontaneousRitual"],"picked":"Shade:SoulToxin","floor":11},{"not_picked":["Shade:LastGasp","Shade:SkeletonHug"],"picked":"Shade:CallOfTheGrave","floor":12},{"not_picked":["Shade:AncientSpear","Shade:FeralStrike"],"picked":"Shade:GraveStillness","floor":13},{"not_picked":["Shade:Brains","Shade:FeralStrike"],"picked":"Shade:WallOfFlesh","floor":14},{"not_picked":["Shade:LoseControl","Shade:Tombstone"],"picked":"Shade:Coordination","floor":16},{"not_picked":["Shade:SkeletonArmy","Shade:FleshToFlesh"],"picked":"Shade:ClawBack+1","floor":18},{"not_picked":["Shade:GoDigging+1","Shade:SpontaneousRitual+1"],"picked":"Shade:Brains+1","floor":19},{"not_picked":["Shade:Premonition","Shade:FeralStrike"],"picked":"Shade:ExtraLimbs","floor":20},{"not_picked":["Shade:CoffinDance","Shade:FeralStrike"],"picked":"Shade:ExtraLimbs","floor":20},{"not_picked":["Shade:BoneShards","Shade:SkeletonHug"],"picked":"Shade:FuneraryJewels","floor":22},{"not_picked":["Shade:GreyBargain+1","Shade:BoneShards"],"picked":"Shade:Carnophage","floor":24},{"not_picked":["Shade:MadHubris","Shade:BoneShards"],"picked":"Shade:FleshLikeOak+1","floor":25}],"player_experience":970899,"relics_obtained":[{"floor":6,"key":"reliquary:IridiumChain"},{"floor":10,"key":"Odd Mushroom"},{"floor":11,"key":"Omamori"},{"floor":14,"key":"aspiration:ChemicalBlood"},{"floor":20,"key":"Juzu Bracelet"},{"floor":25,"key":"Vajra"},{"floor":26,"key":"Dream Catcher"}],"event_choices":[{"cards_removed":["Spreading Infection"],"damage_healed":0,"gold_gain":0,"player_choice":"Removed Curses","damage_taken":0,"max_hp_gain":0,"max_hp_loss":0,"event_name":"Fountain of Cleansing","floor":2,"gold_loss":0},{"damage_healed":0,"gold_gain":0,"player_choice":"Take Wound","damage_taken":0,"relics_obtained":["Golden Idol"],"max_hp_gain":0,"max_hp_loss":0,"event_name":"Golden Idol","floor":7,"gold_loss":0,"cards_obtained":["Injury"]},{"damage_healed":0,"gold_gain":0,"player_choice":"Fought Mushrooms","damage_taken":0,"max_hp_gain":0,"max_hp_loss":0,"event_name":"Mushrooms","floor":10,"gold_loss":0},{"damage_healed":0,"gold_gain":0,"player_choice":"Stole Relic","damage_taken":0,"relics_obtained":["reliquary:TatteredRug"],"max_hp_gain":0,"max_hp_loss":0,"event_name":"Addict","floor":21,"gold_loss":0,"cards_obtained":["Shame"]},{"damage_healed":0,"gold_gain":0,"player_choice":"Became a vampire","damage_taken":0,"max_hp_gain":0,"max_hp_loss":21,"event_name":"Vampires","floor":27,"gold_loss":0,"cards_obtained":["Bite","Bite","Bite","Bite","Bite"]}],"is_beta":false,"boss_relics":[{"not_picked":["potionbrewer:BhaskarasWheel","Runic Pyramid"],"picked":"reliquary:RedPaperclip"}],"items_purged_floors":[],"is_endless":false,"potions_floor_spawned":[1,5,6,11,16,18,24],"killed_by":"Gremlin Leader","ascension_level":3}}