{"host":"6affnl2vk6en9o4b","time":1613564867,"event":{"mods":["AchievementEnabler","Aspiration","BaseMod","BetterRewards","Colored Powertips","Conspire","Downfall","Friendly Minions","Googly Eyes","Highlight Path","Hubris","Infinite Spire","Minty Spire (QoL Compilation)","Quick Restart","Replay The Spire","StSLib","Unceasing Turn Reminder"],"gold_per_floor":[99,110,110,123,180,80,155,182,82,82,98,98,114,50,70,169,169,69,82,94,94,94,120,120,248,248,248,248],"floor_reached":26,"language":"ENG","playtime":1102,"items_purged":[],"score":269,"play_id":"09736098-9d68-4b8c-bc52-b3656606f536","local_time":"20210217122747","is_ascension_mode":false,"campfire_choices":[{"floor":1.0,"key":"RECALL"},{"data":"infinitespire:Collect","floor":6.0,"key":"SMITH"},{"data":"hubris:DuctTapeCard","floor":9.0,"key":"SMITH"},{"floor":12.0,"key":"REST"},{"data":"champ:Taunt","floor":18.0,"key":"SMITH"}],"circlet_count":0,"master_deck":["champ:Strike","champ:Strike","champ:Strike","champ:Strike","champ:Defend","champ:Defend","champ:Defend","champ:Defend","champ:Execute","champ:Taunt+1","infinitespire:Collect+1","champ:ShieldSigil","champ:FocusedDefense","champ:RisingSlash","champ:DefensiveStyle","champ:SetATrap","champ:StanceDance","champ:ViciousMockery","champ:LastStand","champ:BringItOn","champ:RageSigil+1","Ghostly","Ghostly","Ghostly","Ghostly","Ghostly","champ:ShieldSigil+1","champ:FlashCut","hubris:DuctTapeCard"],"relics":["champ:ChampionCrown","aspiration:StickyExplosives_weak","downfall:HeartBlessingRed","hubris:DuctTape","downfall:HeartBlessingGreen","Ring of Fury","Black Star","downfall:HeartBlessingBlue","hubris:Icosahedron","Ice Cream","InkBottle","Akabeko","Lantern"],"acts_visited":["Exordium","TheCity"],"potions_floor_usage":[26],"damage_taken":[{"damage":15.0,"enemies":"Jaw Worm","floor":2.0,"turns":5.0},{"damage":10.0,"enemies":"conspire:RoseBush","floor":4.0,"turns":4.0},{"damage":51.0,"enemies":"Gremlin Nob","floor":5.0,"turns":4.0},{"damage":20.0,"enemies":"Gremlin Nob","floor":8.0,"turns":5.0},{"damage":3.0,"enemies":"2 Louse","floor":11.0,"turns":2.0},{"damage":15.0,"enemies":"Exordium Wildlife","floor":13.0,"turns":3.0},{"damage":30.0,"enemies":"downfall:FleeingMerchant","floor":14.0,"turns":4.0},{"damage":9.0,"enemies":"conspire:2 RoseBushes","floor":15.0,"turns":4.0},{"damage":30.0,"enemies":"SI_SHIV_ARCHETYPE","floor":16.0,"turns":5.0},{"damage":10.0,"enemies":"conspire:FuzzyDice","floor":19.0,"turns":5.0},{"damage":0.0,"enemies":"Spheric Guardian","floor":20.0,"turns":3.0},{"damage":19.0,"enemies":"Replay:Snechameleon","floor":23.0,"turns":6.0},{"damage":18.0,"enemies":"Nightmare","floor":25.0,"turns":6.0},{"damage":17,"enemies":"Nightmare","floor":26,"turns":3}],"seed_played":"-6356364883929762776","potions_obtained":[{"floor":8.0,"key":"SpeedPotion"},{"floor":11.0,"key":"Energy Potion"},{"floor":15.0,"key":"FearPotion"},{"floor":16.0,"key":"conspire:TimeTravelPotion"},{"floor":20.0,"key":"DuplicationPotion"}],"is_trial":false,"path_per_floor":["R","M","?","M","?","R","T","E","R","?","M","R","M","$","M","B",null,"R","M","M","?","?","E","T","NM","?"],"character_chosen":"THE_CHAMP","items_purchased":["champ:StanceDance"],"campfire_rested":1,"item_purchase_floors":[14],"current_hp_per_floor":[99,94,71,71,50,50,50,30,30,30,27,56,51,51,42,32,99,109,99,99,99,54,35,35,17,0,0,0],"gold":248,"neow_bonus":"TEN_PERCENT_HP_BONUS","is_daily":false,"chose_seed":false,"campfire_upgraded":3,"win_rate":0.0,"timestamp":1613564867,"path_taken":["R","M","?","M","?","R","T","E","R","?","M","R","M","?","M","BOSS","R","M","M","?","?","E","T","NM","?"],"items_purchased_type":["Card"],"build_version":"2020-12-22","purchased_purges":0,"victory":false,"max_hp_per_floor":[99,99,99,99,99,99,99,99,99,99,99,99,99,99,99,99,99,109,109,109,109,54,54,54,54,54,54,54],"card_choices":[{"not_picked":["champ:PreemptiveStrike","champ:BringItOn"],"picked":"champ:DefensiveStyle","floor":2.0},{"not_picked":["infinitespire:DeathsTouch","ReplayTheSpireMod:Echoes of Time"],"picked":"infinitespire:Collect","floor":3.0},{"not_picked":["champ:ShieldSigil","champ:Shatter"],"picked":"champ:ShieldWall","floor":4.0},{"not_picked":["champ:Haymaker","champ:PreciseThrust"],"picked":"champ:ShieldSigil","floor":5.0},{"not_picked":["champ:FancyFootwork","champ:Circumvent"],"picked":"champ:FocusedDefense","floor":8.0},{"not_picked":["champ:CalledShot","champ:FanOfKnives"],"picked":"champ:RisingSlash","floor":11.0},{"not_picked":["champ:PreciseThrust","champ:GladiatorForm"],"picked":"champ:DefensiveStyle","floor":13.0},{"not_picked":["champ:GutPunch","champ:CalledShot"],"picked":"champ:SetATrap","floor":14.0},{"not_picked":["champ:StanceDance","champ:DeathBlow"],"picked":"champ:ViciousMockery","floor":15.0},{"not_picked":["champ:GladiatorForm","champ:StrikeOfGenius"],"picked":"champ:LastStand","floor":16.0},{"not_picked":["champ:Shatter+1","champ:BerserkersShout"],"picked":"champ:BringItOn","floor":19.0},{"not_picked":["champ:FancyFootwork+1","champ:ViciousMockery"],"picked":"champ:RageSigil+1","floor":20.0},{"not_picked":["champ:PreciseThrust","champ:DeathBlow+1"],"picked":"champ:ShieldSigil+1","floor":23.0},{"not_picked":["champ:DeathBlow","champ:Encircle+1"],"picked":"champ:FlashCut","floor":25.0}],"player_experience":257196,"relics_obtained":[{"floor":5.0,"key":"aspiration:StickyExplosives_weak"},{"floor":8.0,"key":"hubris:DuctTape"},{"floor":10.0,"key":"Ring of Fury"},{"floor":23.0,"key":"Ice Cream"},{"floor":24.0,"key":"InkBottle"},{"floor":25.0,"key":"Akabeko"},{"floor":25.0,"key":"Lantern"}],"event_choices":[{"damage_healed":0.0,"max_hp_gain":0.0,"max_hp_loss":55.0,"gold_gain":0.0,"event_name":"Ghosts","player_choice":"Became a Ghost","floor":22.0,"gold_loss":0.0,"damage_taken":0.0,"cards_obtained":["Ghostly","Ghostly","Ghostly","Ghostly","Ghostly"]}],"is_beta":false,"boss_relics":[{"not_picked":["Runic Pyramid","Replay:Drink Me"],"picked":"Black Star"}],"items_purged_floors":[],"is_endless":true,"potions_floor_spawned":[8,11,15,16,19,20],"killed_by":"Nightmare","ascension_level":0}}