{"host":"suw5tyb7z6zbnnfs","time":1613535140,"event":{"mods":["AchievementEnabler","BaseMod","Colored Map","Minty Spire (QoL Compilation)"],"gold_per_floor":[118,134,134,59,79,113,132,132,159,159,176,203,203,203,203,332,332,348,33,33,33,33,71,71,115,142,167,180,180,180,200,200,330,330,353,369,383,399,186,202,237,81,81,6,20,35,70,84,84,84],"floor_reached":51,"language":"ENG","playtime":6434,"items_purged":["Strike_P","Defend_P","Defend_P","Normality"],"score":1343,"play_id":"af6dffeb-e802-4017-8664-792f187ec188","local_time":"20210216231220","is_ascension_mode":true,"campfire_choices":[{"floor":8.0,"key":"REST"},{"data":"Omniscience","floor":13.0,"key":"SMITH"},{"data":"Devotion","floor":15.0,"key":"SMITH"},{"floor":30.0,"key":"REST"},{"floor":32.0,"key":"RECALL"},{"floor":49.0,"key":"REST"}],"circlet_count":0,"master_deck":["Strike_P","Strike_P+1","Strike_P","Defend_P","Defend_P+1","Eruption+1","Vigilance","Omniscience+1","CutThroughFate","SandsOfTime","Devotion+1","EmptyFist","Evaluate","CrushJoints","Vault","RitualDagger","Ghostly","Ghostly","Ghostly","Ghostly","Ghostly","BattleHymn+1","Protect+1","Omniscience","ClearTheMind+1","Establishment+1"],"relics":["PureWater","Oddly Smooth Stone","Damaru","Pen Nib","Golden Idol","Fusion Hammer","Membership Card","Frozen Egg 2","MutagenicStrength","Regal Pillow","Bag of Preparation","Potion Belt","Cursed Key","Mango","GoldenEye","Girya","Darkstone Periapt"],"acts_visited":["Exordium","TheCity","TheBeyond"],"potions_floor_usage":[50,50,50,50,50,50,50,50,50],"damage_taken":[{"damage":0.0,"enemies":"Jaw Worm","floor":1.0,"turns":3.0},{"damage":3.0,"enemies":"2 Louse","floor":2.0,"turns":4.0},{"damage":0.0,"enemies":"Small Slimes","floor":5.0,"turns":2.0},{"damage":0.0,"enemies":"Gremlin Nob","floor":6.0,"turns":2.0},{"damage":40.0,"enemies":"Gremlin Gang","floor":7.0,"turns":6.0},{"damage":5.0,"enemies":"Exordium Wildlife","floor":11.0,"turns":5.0},{"damage":0.0,"enemies":"3 Sentries","floor":12.0,"turns":4.0},{"damage":0.0,"enemies":"Slime Boss","floor":16.0,"turns":3.0},{"damage":16.0,"enemies":"2 Thieves","floor":18.0,"turns":4.0},{"damage":29.0,"enemies":"Book of Stabbing","floor":23.0,"turns":5.0},{"damage":1.0,"enemies":"Slavers","floor":25.0,"turns":6.0},{"damage":1.0,"enemies":"Chosen","floor":27.0,"turns":4.0},{"damage":0.0,"enemies":"Snake Plant","floor":28.0,"turns":3.0},{"damage":0.0,"enemies":"Snecko","floor":31.0,"turns":3.0},{"damage":5.0,"enemies":"Collector","floor":33.0,"turns":5.0},{"damage":0.0,"enemies":"3 Shapes","floor":35.0,"turns":2.0},{"damage":1.0,"enemies":"Orb Walker","floor":36.0,"turns":2.0},{"damage":6.0,"enemies":"4 Shapes","floor":37.0,"turns":3.0},{"damage":0.0,"enemies":"Maw","floor":38.0,"turns":3.0},{"damage":1.0,"enemies":"Jaw Worm Horde","floor":40.0,"turns":2.0},{"damage":2.0,"enemies":"Reptomancer","floor":41.0,"turns":4.0},{"damage":3.0,"enemies":"3 Darklings","floor":45.0,"turns":4.0},{"damage":1.0,"enemies":"Spire Growth","floor":46.0,"turns":5.0},{"damage":0.0,"enemies":"Nemesis","floor":47.0,"turns":3.0},{"damage":5.0,"enemies":"4 Shapes","floor":48.0,"turns":3.0},{"damage":0,"enemies":"Time Eater","floor":50,"turns":3}],"seed_played":"2615241789289070391","potions_obtained":[{"floor":2.0,"key":"Swift Potion"},{"floor":5.0,"key":"BottledMiracle"},{"floor":7.0,"key":"Block Potion"},{"floor":11.0,"key":"ColorlessPotion"},{"floor":23.0,"key":"EntropicBrew"},{"floor":25.0,"key":"PowerPotion"},{"floor":33.0,"key":"Dexterity Potion"},{"floor":35.0,"key":"Weak Potion"},{"floor":36.0,"key":"ColorlessPotion"},{"floor":40.0,"key":"Strength Potion"},{"floor":47.0,"key":"EssenceOfSteel"},{"floor":48.0,"key":"PowerPotion"}],"is_trial":false,"path_per_floor":["M","M","?","$","M","E","M","R","T","?","M","E","R","?","R","B",null,"M","$","?","?","?","E","?","E","T","M","M","?","R","M","R","B",null,"M","M","M","M","$","M","E","$","T","$","M","M","E","M","R","B",null],"character_chosen":"WATCHER","items_purchased":["Membership Card","Frozen Egg 2","Mango","Girya"],"campfire_rested":3,"item_purchase_floors":[19,19,39,42],"current_hp_per_floor":[65,62,48,48,48,48,8,29,29,29,24,24,24,24,24,24,56,40,40,40,34,34,5,5,4,4,3,3,3,27,27,27,22,30,30,29,23,23,37,36,34,34,34,34,31,30,30,25,47,47],"gold":84,"neow_bonus":"ONE_RANDOM_RARE_CARD","is_daily":false,"chose_seed":false,"campfire_upgraded":2,"win_rate":0.0,"timestamp":1613535140,"path_taken":["M","M","?","$","M","E","M","R","T","?","M","E","R","?","R","BOSS","M","$","?","?","?","E","?","E","T","M","M","?","R","M","R","BOSS","M","M","M","M","$","M","E","$","T","$","M","M","E","M","R","BOSS"],"items_purchased_type":["Relic","Relic","Relic","Relic"],"build_version":"2020-12-22","purchased_purges":4,"victory":true,"max_hp_per_floor":[72,72,72,72,72,72,72,72,72,72,72,72,72,67,67,67,67,67,67,67,67,67,67,33,33,33,33,33,33,33,33,33,33,33,33,33,33,33,47,47,47,47,47,47,47,47,47,47,47,47],"card_choices":[{"not_picked":["Protect","Wireheading"],"picked":"CutThroughFate","floor":1.0},{"not_picked":["Consecrate","SashWhip"],"picked":"SandsOfTime","floor":2.0},{"not_picked":["Collect","Swivel","BowlingBash"],"picked":"SKIP","floor":5.0},{"not_picked":["JustLucky","FlyingSleeves"],"picked":"Devotion","floor":6.0},{"not_picked":["Consecrate","WaveOfTheHand"],"picked":"EmptyFist","floor":7.0},{"not_picked":["SashWhip","Study"],"picked":"Evaluate","floor":11.0},{"not_picked":["ClearTheMind","Fasting2"],"picked":"CrushJoints","floor":12.0},{"not_picked":["DeusExMachina","Ragnarok"],"picked":"Vault","floor":16.0},{"not_picked":["WindmillStrike","FollowUp","WaveOfTheHand"],"picked":"SKIP","floor":18.0},{"not_picked":["Consecrate","JustLucky","FollowUp"],"picked":"SKIP","floor":23.0},{"not_picked":["Conclude","PathToVictory","FlurryOfBlows"],"picked":"SKIP","floor":25.0},{"not_picked":["WaveOfTheHand+1","Tantrum+1","Conclude"],"picked":"SKIP","floor":27.0},{"not_picked":["CutThroughFate","TalkToTheHand"],"picked":"BattleHymn+1","floor":28.0},{"not_picked":["JustLucky","Consecrate+1"],"picked":"Protect+1","floor":31.0},{"not_picked":["Brilliance","Scrawl"],"picked":"Omniscience","floor":33.0},{"not_picked":["BowlingBash","ThirdEye","EmptyBody"],"picked":"SKIP","floor":35.0},{"not_picked":["FlurryOfBlows","ReachHeaven"],"picked":"ClearTheMind+1","floor":36.0},{"not_picked":["Collect+1","FollowUp+1","Crescendo+1"],"picked":"SKIP","floor":37.0},{"not_picked":["InnerPeace+1","CutThroughFate+1","WaveOfTheHand+1"],"picked":"SKIP","floor":38.0},{"not_picked":["FlurryOfBlows+1","MentalFortress+1"],"picked":"Establishment+1","floor":40.0},{"not_picked":["DeceiveReality+1","FlyingSleeves","ForeignInfluence"],"picked":"SKIP","floor":41.0},{"not_picked":["ReachHeaven","EmptyFist+1","WheelKick"],"picked":"SKIP","floor":45.0},{"not_picked":["PathToVictory","Weave+1","FollowUp"],"picked":"SKIP","floor":46.0},{"not_picked":["CutThroughFate","Wallop","Sanctity"],"picked":"SKIP","floor":47.0},{"not_picked":["ClearTheMind+1","ThirdEye","BowlingBash+1"],"picked":"SKIP","floor":48.0}],"player_experience":926186,"relics_obtained":[{"floor":6.0,"key":"Oddly Smooth Stone"},{"floor":9.0,"key":"Damaru"},{"floor":12.0,"key":"Pen Nib"},{"floor":23.0,"key":"Regal Pillow"},{"floor":25.0,"key":"Bag of Preparation"},{"floor":26.0,"key":"Potion Belt"},{"floor":41.0,"key":"GoldenEye"},{"floor":47.0,"key":"Darkstone Periapt"}],"event_choices":[{"damage_healed":0.0,"max_hp_gain":0.0,"max_hp_loss":0.0,"gold_gain":0.0,"event_name":"Shining Light","player_choice":"Entered Light","floor":3.0,"gold_loss":0.0,"damage_taken":14.0,"cards_upgraded":["Strike_P","Defend_P"]},{"damage_healed":0.0,"max_hp_gain":0.0,"max_hp_loss":0.0,"gold_gain":0.0,"event_name":"Living Wall","player_choice":"Grow","floor":10.0,"gold_loss":0.0,"damage_taken":0.0,"cards_upgraded":["Eruption"]},{"damage_healed":0.0,"max_hp_gain":0.0,"max_hp_loss":5.0,"gold_gain":0.0,"event_name":"Golden Idol","player_choice":"Lose Max HP","floor":14.0,"gold_loss":0.0,"damage_taken":0.0,"relics_obtained":["Golden Idol"]},{"damage_healed":0.0,"max_hp_gain":0.0,"max_hp_loss":0.0,"gold_gain":0.0,"event_name":"Drug Dealer","player_choice":"Inject Mutagens","floor":20.0,"gold_loss":0.0,"damage_taken":0.0,"relics_obtained":["MutagenicStrength"]},{"damage_healed":0.0,"max_hp_gain":0.0,"max_hp_loss":0.0,"gold_gain":0.0,"event_name":"Nest","player_choice":"Joined the Cult","floor":21.0,"gold_loss":0.0,"damage_taken":6.0,"cards_obtained":["RitualDagger"]},{"damage_healed":0.0,"max_hp_gain":0.0,"max_hp_loss":34.0,"gold_gain":0.0,"event_name":"Ghosts","player_choice":"Became a Ghost","floor":24.0,"gold_loss":0.0,"damage_taken":0.0,"cards_obtained":["Ghostly","Ghostly","Ghostly","Ghostly","Ghostly"]},{"damage_healed":0.0,"max_hp_gain":0.0,"max_hp_loss":0.0,"gold_gain":0.0,"event_name":"Match and Keep!","player_choice":"0 cards matched","floor":29.0,"gold_loss":0.0,"damage_taken":0.0,"cards_obtained":[]}],"is_beta":false,"boss_relics":[{"not_picked":["Tiny House","Pandora\u0027s Box"],"picked":"Fusion Hammer"},{"not_picked":["Runic Dome","Snecko Eye"],"picked":"Cursed Key"}],"items_purged_floors":[4,19,39,44],"is_endless":false,"potions_floor_spawned":[2,5,7,11,23,25,33,35,36,40,47,48],"ascension_level":9}}