{"host":"t9vqxmgmtrdkt9v9","time":1613532473,"event":{"mods":["AchievementEnabler","BaseMod","Colored Map","Minty Spire (QoL Compilation)","Permanent Neow","Relic Stats","StSLib"],"gold_per_floor":[110,128,143,161,11,45,56,56,129,146,146,146,146,210,210,210,210],"floor_reached":16,"language":"ENG","playtime":1137,"items_purged":["Strike_G"],"score":217,"play_id":"3b4b7122-4f74-474e-b234-7f99a11d9415","local_time":"20210217132753","is_ascension_mode":true,"campfire_choices":[{"floor":8,"key":"REST"},{"floor":12,"key":"REST"},{"floor":15,"key":"REST"}],"circlet_count":0,"master_deck":["AscendersBane","Strike_G","Strike_G","Strike_G","Strike_G","Defend_G","Defend_G","Defend_G+1","Defend_G+1","Defend_G","Survivor","Neutralize","Blade Dance","Dagger Throw","Prepared","Backflip","Eviscerate","After Image+1","Backflip","Prepared","Dodge and Roll"],"relics":["Ring of the Snake","War Paint","Frozen Egg 2","Question Card","SsserpentHead"],"acts_visited":["Exordium"],"potions_floor_usage":[6,13,16],"damage_taken":[{"damage":0,"enemies":"Cultist","floor":1,"turns":4},{"damage":0,"enemies":"Jaw Worm","floor":2,"turns":4},{"damage":0,"enemies":"Small Slimes","floor":3,"turns":3},{"damage":12,"enemies":"Gremlin Gang","floor":4,"turns":5},{"damage":27,"enemies":"Lagavulin","floor":6,"turns":6},{"damage":2,"enemies":"Large Slime","floor":7,"turns":9},{"damage":8,"enemies":"3 Louse","floor":10,"turns":4},{"damage":26,"enemies":"Gremlin Nob","floor":13,"turns":4},{"damage":7,"enemies":"Exordium Wildlife","floor":14,"turns":5},{"damage":35,"enemies":"Hexaghost","floor":16,"turns":15}],"seed_played":"7408408748893056616","potions_obtained":[{"floor":1,"key":"SmokeBomb"},{"floor":4,"key":"ColorlessPotion"},{"floor":7,"key":"Dexterity Potion"}],"is_trial":false,"path_per_floor":["M","M","M","M","$","E","M","R","T","M","?","R","E","M","R","B"],"character_chosen":"THE_SILENT","items_purchased":["Eviscerate"],"campfire_rested":3,"item_purchase_floors":[5],"current_hp_per_floor":[59,59,59,47,47,20,18,37,37,29,29,48,22,15,34,0,0],"gold":210,"neow_bonus":"RANDOM_COMMON_RELIC","is_daily":false,"chose_seed":false,"campfire_upgraded":0,"win_rate":0.0,"timestamp":1613532473,"path_taken":["M","?","M","M","$","E","M","R","T","M","?","R","E","?","R","BOSS"],"items_purchased_type":["Card"],"build_version":"2020-12-22","purchased_purges":1,"victory":false,"max_hp_per_floor":[66,66,66,66,66,66,66,66,66,66,66,66,66,66,66,66,66],"relic_stats":{"SsserpentHead":50,"counters":[10,59],"War Paint":["Defend_G","Defend_G"],"Question Card":2,"obtain_stats":[{"SsserpentHead":11,"War Paint":0,"Frozen Egg 2":6,"Question Card":9,"Ring of the Snake":0},{"SsserpentHead":7,"War Paint":0,"Frozen Egg 2":5,"Question Card":6,"Ring of the Snake":0},{"SsserpentHead":35,"War Paint":0,"Frozen Egg 2":22,"Question Card":31,"Ring of the Snake":0}],"Ring of the Snake":[20]},"card_choices":[{"not_picked":["Distraction","Poisoned Stab"],"picked":"Blade Dance","floor":1},{"not_picked":["Well Laid Plans","Underhanded Strike"],"picked":"Dagger Throw","floor":2},{"not_picked":["Slice","Outmaneuver"],"picked":"Prepared","floor":3},{"not_picked":["Expertise","Acrobatics"],"picked":"Backflip","floor":4},{"not_picked":["Reflex","Phantasmal Killer"],"picked":"After Image+1","floor":6},{"not_picked":["Deadly Poison","Poisoned Stab"],"picked":"Backflip","floor":7},{"not_picked":["Dagger Throw","Expertise","Dagger Spray"],"picked":"Prepared","floor":10},{"not_picked":["Quick Slash","Eviscerate","Distraction"],"picked":"Dodge and Roll","floor":14}],"player_experience":430107,"relics_obtained":[{"floor":6,"key":"Frozen Egg 2"},{"floor":9,"key":"Question Card"}],"event_choices":[{"damage_healed":0,"gold_gain":0,"player_choice":"Trade","damage_taken":0,"relics_obtained":["SsserpentHead"],"max_hp_gain":0,"max_hp_loss":0,"event_name":"FaceTrader","floor":11,"gold_loss":0}],"is_beta":false,"boss_relics":[],"items_purged_floors":[5],"is_endless":false,"potions_floor_spawned":[1,4,7,13],"killed_by":"Hexaghost","ascension_level":18}}