{"host":"9zznonz1olisd4fd","time":1613572958,"event":{"mods":["BaseMod","Keyboard Shortcuts","Minty Spire (QoL Compilation)","StSLib","SuperFastMode"],"gold_per_floor":[115,115,115,40,40,74,74,95,122,122,157,157,195,218,218,348,348,366,366,366,392,415,415,63,63,114,114,138,53,53,53,53,181,181,203,224,224,287,316,316,649,524,604,182,182,23,23,40,40,40],"floor_reached":51,"language":"KOR","playtime":2252,"items_purged":["Strike_B","Defend_B","Strike_B","Defend_B"],"score":1108,"play_id":"0c8bc7d5-4ad4-4458-957e-00560fb476ce","local_time":"20210217234238","is_ascension_mode":true,"campfire_choices":[{"data":"Dualcast","floor":10.0,"key":"SMITH"},{"data":"Redo","floor":12.0,"key":"SMITH"},{"floor":15.0,"key":"REST"},{"data":"Genetic Algorithm","floor":23.0,"key":"SMITH"},{"data":"Storm","floor":25.0,"key":"SMITH"},{"data":"Defragment","floor":27.0,"key":"SMITH"},{"data":"Skim","floor":32,"key":"SMITH"},{"data":"Creative AI","floor":45,"key":"SMITH"},{"data":"Defragment","floor":47,"key":"SMITH"},{"data":"Blizzard","floor":49,"key":"SMITH"}],"circlet_count":0,"master_deck":["AscendersBane","Defend_B","Zap","Dualcast+1","Redo+1","Glacier","Electrodynamics","Reinforced Body","Storm+1","Genetic Algorithm+1","Coolheaded+1","Defragment+1","Skim+1","Creative AI+1","Tempest+1","Blizzard+1","Force Field","Defragment+1"],"relics":["Cracked Core","NeowsBlessing","HornCleat","Art of War","Turnip","Boot","Sozu","CeramicFish","Chemical X","MealTicket","Dead Branch","Runic Pyramid","TungstenRod","The Courier","HandDrill","Centennial Puzzle","ClockworkSouvenir"],"acts_visited":["TheBeyond"],"potions_floor_usage":[],"damage_taken":[{"damage":0.0,"enemies":"Jaw Worm","floor":1.0,"turns":1.0},{"damage":0.0,"enemies":"3 Sentries","floor":6.0,"turns":1.0},{"damage":0.0,"enemies":"2 Louse","floor":8.0,"turns":1.0},{"damage":13.0,"enemies":"Gremlin Nob","floor":11.0,"turns":4.0},{"damage":23.0,"enemies":"3 Sentries","floor":13.0,"turns":14.0},{"damage":0.0,"enemies":"Cultist","floor":14.0,"turns":3.0},{"damage":16.0,"enemies":"The Guardian","floor":16.0,"turns":20.0},{"damage":15.0,"enemies":"Chosen","floor":18.0,"turns":8.0},{"damage":3.0,"enemies":"Spheric Guardian","floor":22.0,"turns":14.0},{"damage":0,"enemies":"Centurion and Healer","floor":28,"turns":7},{"damage":26,"enemies":"Automaton","floor":33,"turns":12},{"damage":10,"enemies":"3 Darklings","floor":35,"turns":2},{"damage":2,"enemies":"Orb Walker","floor":36,"turns":2},{"damage":0,"enemies":"Mind Bloom Boss Battle","floor":38,"turns":6},{"damage":3,"enemies":"Writhing Mass","floor":39,"turns":5},{"damage":0,"enemies":"Sphere and 2 Shapes","floor":48,"turns":3},{"damage":16,"enemies":"Time Eater","floor":50,"turns":9}],"seed_played":"9815597437804014","potions_obtained":[{"floor":6.0,"key":"Fire Potion"},{"floor":8.0,"key":"Weak Potion"},{"floor":14.0,"key":"FocusPotion"}],"is_trial":false,"path_per_floor":["M","?","?","$","?","E","$","M","T","R","E","R","E","M","R","B",null,"M","?","?","T","M","R","$","R","T","R","M","?","$","?","R","B",null,"M","M","?","?","M","?","?","$","T","$","R","$","R","M","R","B",null],"character_chosen":"DEFECT","items_purchased":["Defragment","Chemical X","Skim","Force Field","HandDrill","Centennial Puzzle","Defragment","ClockworkSouvenir"],"campfire_rested":1,"item_purchase_floors":[24,24,24,44,44,44,46,46],"current_hp_per_floor":[68,68,61,61,55,55,55,55,55,55,42,42,19,19,39,23,58,43,43,43,43,40,40,40,40,40,40,40,40,55,55,55,29,59,49,47,47,47,44,44,44,59,59,69,69,69,69,69,69,53],"gold":40,"neow_bonus":"THREE_ENEMY_KILL","is_daily":false,"chose_seed":false,"campfire_upgraded":9,"win_rate":0.0,"timestamp":1613572958,"path_taken":["M","?","?","?","?","E","$","M","T","R","E","R","E","?","R","BOSS","M","?","?","?","M","R","$","R","T","R","?","?","?","?","R","BOSS","M","M","?","?","M","?","?","?","T","$","R","$","R","M","R","BOSS"],"items_purchased_type":["Card","Relic","Card","Card","Relic","Relic","Card","Relic"],"build_version":"2020-12-22","purchased_purges":4,"victory":true,"max_hp_per_floor":[75,69,69,69,69,69,69,69,69,69,69,69,69,69,69,69,69,69,69,69,69,69,69,69,69,69,69,69,69,69,69,69,69,69,69,69,69,69,69,69,69,69,69,69,69,69,69,69,69,69],"card_choices":[{"not_picked":["Compile Driver","White Noise"],"picked":"Redo","floor":1.0},{"not_picked":["Coolheaded","Compile Driver"],"picked":"Glacier","floor":6.0},{"not_picked":["Sweeping Beam","Turbo","Chill"],"picked":"SKIP","floor":8.0},{"not_picked":["Tempest","Streamline","Barrage"],"picked":"SKIP","floor":11.0},{"not_picked":["Stack","Aggregate","Gash"],"picked":"SKIP","floor":13.0},{"not_picked":["Rebound","Reprogram","Gash"],"picked":"SKIP","floor":14.0},{"not_picked":["Thunder Strike","Meteor Strike"],"picked":"Electrodynamics","floor":16.0},{"not_picked":["Hello World","Streamline","Force Field"],"picked":"SKIP","floor":18.0},{"not_picked":["Redo","Turbo"],"picked":"Coolheaded+1","floor":22.0},{"not_picked":["Gash","Compile Driver","Sweeping Beam"],"picked":"SKIP","floor":28},{"not_picked":["Machine Learning","Thunder Strike"],"picked":"Creative AI","floor":33},{"not_picked":["Hologram+1","Glacier"],"picked":"Tempest+1","floor":35},{"not_picked":["Conserve Battery","Coolheaded+1","Compile Driver"],"picked":"SKIP","floor":36},{"not_picked":["Undo","Sweeping Beam+1"],"picked":"Blizzard","floor":39},{"not_picked":["Go for the Eyes","FTL+1","Genetic Algorithm"],"picked":"SKIP","floor":48}],"player_experience":555612,"relics_obtained":[{"floor":6.0,"key":"HornCleat"},{"floor":9.0,"key":"Art of War"},{"floor":11.0,"key":"Turnip"},{"floor":13.0,"key":"Boot"},{"floor":21.0,"key":"CeramicFish"},{"floor":26.0,"key":"MealTicket"},{"floor":38,"key":"TungstenRod"},{"floor":43,"key":"The Courier"}],"event_choices":[{"damage_healed":0.0,"max_hp_gain":0.0,"max_hp_loss":6.0,"gold_gain":0.0,"event_name":"Golden Idol","player_choice":"Lose Max HP","floor":2.0,"gold_loss":0.0,"damage_taken":0.0,"relics_obtained":["Golden Idol"]},{"cards_removed":["Strike_B"],"damage_healed":0.0,"max_hp_gain":0.0,"max_hp_loss":0.0,"gold_gain":0.0,"event_name":"Golden Wing","player_choice":"Card Removal","floor":3.0,"gold_loss":0.0,"damage_taken":7.0},{"damage_healed":0.0,"max_hp_gain":0.0,"max_hp_loss":0.0,"gold_gain":0.0,"event_name":"Wheel of Change","player_choice":"Damaged","floor":5.0,"gold_loss":0.0,"damage_taken":6.0},{"damage_healed":0.0,"max_hp_gain":0.0,"max_hp_loss":0.0,"gold_gain":0.0,"cards_transformed":["Defend_B","Strike_B"],"event_name":"Drug Dealer","player_choice":"Became Test Subject","floor":19.0,"gold_loss":0.0,"damage_taken":0.0,"cards_obtained":["Reinforced Body","Storm"]},{"damage_healed":0.0,"max_hp_gain":0.0,"max_hp_loss":0.0,"gold_gain":0.0,"event_name":"The Library","player_choice":"Read","floor":20.0,"gold_loss":0.0,"damage_taken":0.0,"cards_obtained":["Genetic Algorithm"]},{"damage_healed":0,"gold_gain":0,"player_choice":"Obtained Relic","damage_taken":0,"relics_obtained":["Dead Branch"],"max_hp_gain":0,"max_hp_loss":0,"event_name":"Addict","floor":29,"gold_loss":85},{"damage_healed":0,"gold_gain":0,"player_choice":"Ignored","damage_taken":0,"max_hp_gain":0,"max_hp_loss":0,"event_name":"Vampires","floor":31,"gold_loss":0},{"damage_healed":0,"gold_gain":0,"player_choice":"Ignored","damage_taken":0,"max_hp_gain":0,"max_hp_loss":0,"event_name":"Tomb of Lord Red Mask","floor":37,"gold_loss":0},{"damage_healed":0,"gold_gain":0,"player_choice":"Fight","damage_taken":0,"max_hp_gain":0,"max_hp_loss":0,"event_name":"MindBloom","floor":38,"gold_loss":0},{"damage_healed":0,"gold_gain":0,"player_choice":"Memory 1","damage_taken":0,"max_hp_gain":0,"max_hp_loss":0,"event_name":"SensoryStone","floor":40,"gold_loss":0},{"damage_healed":0,"gold_gain":333,"player_choice":"Gave Idol","damage_taken":0,"max_hp_gain":0,"max_hp_loss":0,"event_name":"The Moai Head","floor":41,"relics_lost":["Golden Idol"],"gold_loss":0}],"is_beta":false,"boss_relics":[{"not_picked":["Empty Cage","FrozenCore"],"picked":"Sozu"},{"not_picked":["Snecko Eye","Runic Dome"],"picked":"Runic Pyramid"}],"items_purged_floors":[4,24,42,44],"is_endless":false,"potions_floor_spawned":[6,8,14,22,33,36],"ascension_level":12}}