{"host":"5agrj1fd4s00r127","time":1613590253,"event":{"mods":["BaseMod","Minty Spire (QoL Compilation)","StSLib"],"gold_per_floor":[116,116,134,149,149,176,192,206,259,274,308,51,51,61,61,164,164,183,183,197,213,227,227,256,268,291,320,320,320,339,353,353,457,457,477,477,477,493,508,508,520,520,546,594,624,624,624,642,642,642],"floor_reached":51,"language":"RUS","playtime":2161,"items_purged":[],"score":833,"play_id":"a1e74eb9-6cd8-45f4-b222-8fe9c6f304a3","local_time":"20210217213053","is_ascension_mode":false,"campfire_choices":[{"data":"Hyperbeam","floor":13,"key":"SMITH"},{"data":"Steam Power","floor":15,"key":"SMITH"},{"data":"FTL","floor":23,"key":"SMITH"},{"floor":28,"key":"REST"},{"data":"Beam Cell","floor":32,"key":"SMITH"},{"data":"Seek","floor":40,"key":"SMITH"},{"floor":46,"key":"REST"},{"floor":49,"key":"REST"}],"circlet_count":0,"master_deck":["Strike_B+1","Strike_B+1","Strike_B+1","Defend_B+1","Defend_B+1","Defend_B+1","Defend_B+1","Zap+1","Dualcast+1","Go for the Eyes+1","Conserve Battery+1","Go for the Eyes+1","Steam Power+1","Hologram+1","Beam Cell+1","Hyperbeam+1","Beam Cell+1","FTL+1","All For One+1","Gash+1","BootSequence+1","Streamline+1","Machine Learning+1","Double Energy+1","Seek+1","Writhe","Fusion+1","Steam+1"],"relics":["FrozenCore","NeowsBlessing","MealTicket","Meat on the Bone","Happy Flower","DataDisk","Ornamental Fan","Black Star","Symbiotic Virus","Regal Pillow","Bag of Preparation","Bottled Flame","Pen Nib","Centennial Puzzle","FossilizedHelix","War Paint","Lantern","Mark of the Bloom"],"acts_visited":["Exordium","TheCity","TheBeyond"],"potions_floor_usage":[6,11,11,20,24,25,27,33,33,39,44,45],"damage_taken":[{"damage":0,"enemies":"Small Slimes","floor":1,"turns":1},{"damage":0,"enemies":"Jaw Worm","floor":3,"turns":1},{"damage":0,"enemies":"Cultist","floor":4,"turns":1},{"damage":23,"enemies":"Lagavulin","floor":6,"turns":9},{"damage":0,"enemies":"Blue Slaver","floor":7,"turns":3},{"damage":13,"enemies":"Large Slime","floor":8,"turns":5},{"damage":2,"enemies":"Red Slaver","floor":10,"turns":3},{"damage":0,"enemies":"3 Sentries","floor":11,"turns":3},{"damage":11,"enemies":"Exordium Thugs","floor":14,"turns":3},{"damage":26,"enemies":"Hexaghost","floor":16,"turns":9},{"damage":3,"enemies":"Shell Parasite","floor":18,"turns":3},{"damage":8,"enemies":"Spheric Guardian","floor":20,"turns":4},{"damage":17,"enemies":"Snake Plant","floor":21,"turns":4},{"damage":0,"enemies":"3 Cultists","floor":22,"turns":4},{"damage":15,"enemies":"Slavers","floor":24,"turns":4},{"damage":0,"enemies":"Centurion and Healer","floor":25,"turns":4},{"damage":0,"enemies":"Gremlin Leader","floor":27,"turns":2},{"damage":5,"enemies":"Sentry and Sphere","floor":30,"turns":3},{"damage":0,"enemies":"Cultist and Chosen","floor":31,"turns":2},{"damage":27,"enemies":"Collector","floor":33,"turns":5},{"damage":16,"enemies":"3 Shapes","floor":35,"turns":2},{"damage":0,"enemies":"3 Darklings","floor":38,"turns":2},{"damage":0,"enemies":"Transient","floor":39,"turns":5},{"damage":11,"enemies":"Spire Growth","floor":41,"turns":4},{"damage":48,"enemies":"2 Orb Walkers","floor":44,"turns":6},{"damage":0,"enemies":"Giant Head","floor":45,"turns":7},{"damage":0,"enemies":"Jaw Worm Horde","floor":48,"turns":3},{"damage":39,"enemies":"Awakened One","floor":50,"turns":8}],"seed_played":"-947726162317775215","potions_obtained":[{"floor":3,"key":"LiquidMemories"},{"floor":7,"key":"Explosive Potion"},{"floor":8,"key":"ColorlessPotion"},{"floor":11,"key":"Weak Potion"},{"floor":16,"key":"Dexterity Potion"},{"floor":18,"key":"Regen Potion"},{"floor":21,"key":"Block Potion"},{"floor":22,"key":"SteroidPotion"},{"floor":27,"key":"ColorlessPotion"},{"floor":31,"key":"Energy Potion"},{"floor":38,"key":"LiquidMemories"},{"floor":41,"key":"Weak Potion"},{"floor":44,"key":"GamblersBrew"}],"is_trial":false,"path_per_floor":["M","?","M","M","?","E","M","M","T","M","E","$","R","M","R","B",null,"M","?","M","M","M","R","E","M","T","E","R","?","M","M","R","B",null,"M","?","?","M","M","R","M","?","T","?","E","R","?","M","R","B",null],"character_chosen":"DEFECT","items_purchased":["Ornamental Fan"],"campfire_rested":3,"item_purchase_floors":[12],"current_hp_per_floor":[75,68,68,68,68,45,45,44,44,42,42,57,57,46,46,32,75,72,72,70,53,53,53,38,38,38,38,75,75,70,70,70,43,75,59,75,75,75,75,75,64,64,64,28,40,75,75,75,75,36],"gold":642,"neow_bonus":"THREE_ENEMY_KILL","is_daily":false,"chose_seed":false,"campfire_upgraded":5,"win_rate":0.0,"timestamp":1613590253,"path_taken":["M","?","M","M","?","E","?","M","T","M","E","$","R","?","R","BOSS","M","?","M","M","M","R","E","M","T","E","R","?","M","?","R","BOSS","M","?","?","M","M","R","M","?","T","?","E","R","?","M","R","BOSS"],"items_purchased_type":["Relic"],"build_version":"2020-12-22","purchased_purges":0,"victory":true,"max_hp_per_floor":[75,75,75,75,75,75,75,75,75,75,75,75,75,75,75,75,75,75,75,75,75,75,75,75,75,75,75,75,75,75,75,75,75,75,75,75,75,75,75,75,75,75,75,75,75,75,75,75,75,75],"card_choices":[{"not_picked":["Streamline","Barrage"],"picked":"Go for the Eyes","floor":1},{"not_picked":["Sunder","Biased Cognition"],"picked":"Conserve Battery","floor":3},{"not_picked":["Loop","Streamline"],"picked":"Go for the Eyes","floor":4},{"not_picked":["Static Discharge","Ball Lightning"],"picked":"Steam Power","floor":6},{"not_picked":["Redo","Hello World"],"picked":"Hologram","floor":7},{"not_picked":["Machine Learning","Hologram"],"picked":"Beam Cell","floor":8},{"not_picked":["Sweeping Beam","Defragment"],"picked":"Hyperbeam","floor":10},{"not_picked":["Hologram","Rebound"],"picked":"Beam Cell","floor":11},{"not_picked":["Chaos","Go for the Eyes"],"picked":"FTL","floor":14},{"not_picked":["Thunder Strike","Machine Learning"],"picked":"All For One","floor":16},{"not_picked":["Streamline","Steam"],"picked":"Gash","floor":18},{"not_picked":["Loop","Force Field"],"picked":"BootSequence","floor":20},{"not_picked":["Compile Driver+1","Go for the Eyes+1"],"picked":"Streamline","floor":21},{"not_picked":["Glacier+1","Skim+1","Darkness"],"picked":"SKIP","floor":22},{"not_picked":["Steam","Hello World"],"picked":"Machine Learning","floor":24},{"not_picked":["Go for the Eyes","Conserve Battery","Sunder"],"picked":"SKIP","floor":25},{"not_picked":["Core Surge","White Noise+1","Barrage"],"picked":"SKIP","floor":27},{"not_picked":["Rebound+1","Redo"],"picked":"Double Energy+1","floor":30},{"not_picked":["Self Repair","Barrage+1","Stack"],"picked":"SKIP","floor":31},{"not_picked":["Thunder Strike","Machine Learning"],"picked":"Seek","floor":33},{"not_picked":["Cold Snap","Consume+1","Streamline+1"],"picked":"SKIP","floor":35},{"not_picked":["Beam Cell","Leap+1"],"picked":"Fusion","floor":38},{"not_picked":["Cold Snap","Defragment+1","Barrage+1"],"picked":"SKIP","floor":39},{"not_picked":["Stack+1","Turbo"],"picked":"Steam+1","floor":41},{"not_picked":["Ball Lightning+1","Defragment","Leap+1"],"picked":"SKIP","floor":45},{"not_picked":["Go for the Eyes+1","Stack","Barrage+1"],"picked":"SKIP","floor":48}],"player_experience":36636,"relics_obtained":[{"floor":6,"key":"Meat on the Bone"},{"floor":9,"key":"Happy Flower"},{"floor":11,"key":"DataDisk"},{"floor":24,"key":"Symbiotic Virus"},{"floor":24,"key":"Regal Pillow"},{"floor":26,"key":"Bag of Preparation"},{"floor":27,"key":"Bottled Flame"},{"floor":27,"key":"Pen Nib"},{"floor":43,"key":"Centennial Puzzle"},{"floor":44,"key":"FossilizedHelix"},{"floor":45,"key":"War Paint"},{"floor":45,"key":"Lantern"}],"event_choices":[{"damage_healed":0,"gold_gain":0,"player_choice":"Success","damage_taken":7,"relics_obtained":["MealTicket"],"max_hp_gain":0,"max_hp_loss":0,"event_name":"Scrap Ooze","floor":2,"gold_loss":0},{"damage_healed":0,"gold_gain":0,"player_choice":"Grow","damage_taken":0,"max_hp_gain":0,"max_hp_loss":0,"event_name":"Living Wall","floor":5,"gold_loss":0,"cards_upgraded":["Go for the Eyes"]},{"damage_healed":0,"gold_gain":0,"player_choice":"Ignored","damage_taken":0,"max_hp_gain":0,"max_hp_loss":0,"event_name":"Vampires","floor":19,"gold_loss":0},{"damage_healed":0,"gold_gain":0,"player_choice":"0 cards matched","damage_taken":0,"max_hp_gain":0,"max_hp_loss":0,"event_name":"Match and Keep!","floor":29,"gold_loss":0,"cards_obtained":[]},{"damage_healed":19,"gold_gain":0,"player_choice":"Writhe","damage_taken":0,"max_hp_gain":0,"max_hp_loss":0,"event_name":"Winding Halls","floor":36,"gold_loss":0,"cards_obtained":["Writhe"]},{"damage_healed":0,"gold_gain":0,"player_choice":"Memory 1","damage_taken":0,"max_hp_gain":0,"max_hp_loss":0,"event_name":"SensoryStone","floor":37,"gold_loss":0},{"cards_removed":["Strike_B"],"damage_healed":0,"gold_gain":0,"player_choice":"Removed Attack","damage_taken":0,"max_hp_gain":0,"max_hp_loss":0,"event_name":"Falling","floor":42,"gold_loss":0},{"damage_healed":0,"gold_gain":0,"player_choice":"Fight","damage_taken":0,"max_hp_gain":0,"max_hp_loss":0,"event_name":"Mysterious Sphere","floor":44,"gold_loss":0},{"damage_healed":0,"gold_gain":0,"player_choice":"Upgrade","damage_taken":0,"relics_obtained":["Mark of the Bloom"],"max_hp_gain":0,"max_hp_loss":0,"event_name":"MindBloom","floor":47,"gold_loss":0,"cards_upgraded":["Strike_B","Strike_B","Strike_B","Defend_B","Defend_B","Defend_B","Defend_B","Zap","Dualcast","Go for the Eyes","Beam Cell","All For One","Gash","BootSequence","Streamline","Machine Learning","Fusion"]}],"is_beta":false,"boss_relics":[{"not_picked":["Busted Crown","Cursed Key"],"picked":"Black Star"},{"not_picked":["SlaversCollar","SacredBark"],"picked":"FrozenCore"}],"items_purged_floors":[],"is_endless":false,"potions_floor_spawned":[3,7,8,11,16,18,21,22,27,31,38,41,44],"ascension_level":0}}