{"host":"f9ntswufr8mq3t4y","time":1613578013,"event":{"mods":["AchievementEnabler","BaseMod","Best Route Mod","Block Reminder","Colored Map","Colored Powertips","Curses Come First","DeckTracker","Displayed Cursed Tome","Highlight Path","Minty Spire (QoL Compilation)","Permanent Neow","Quick Restart","Slay-I","StSLib"],"gold_per_floor":[111,36,36,46,63,96,96,107,133,133,144,144,157,192,192,294,294,306,15,34,53,64,97,97,97,97,147,147,164,11,31,31,127,127,141,161,212,212,212],"floor_reached":38,"language":"ENG","playtime":1725,"items_purged":["Normality"],"score":666,"play_id":"fd04de48-c807-4768-b49e-43c565754af4","local_time":"20210217190653","is_ascension_mode":true,"campfire_choices":[{"data":"Eruption","floor":7.0,"key":"SMITH"},{"data":"Conclude","floor":10.0,"key":"SMITH"},{"data":"Vigilance","floor":12.0,"key":"SMITH"},{"data":"BattleHymn","floor":15.0,"key":"SMITH"},{"data":"Devotion","floor":24.0,"key":"SMITH"},{"data":"Ragnarok","floor":28.0,"key":"SMITH"},{"floor":32.0,"key":"REST"}],"circlet_count":0,"master_deck":["Eruption+1","Vigilance+1","Vengeance","Conclude+1","WindmillStrike","BattleHymn+1","MasterReality","WreathOfFlame","EmptyBody","Ragnarok+1","Nirvana","Prostrate","Worship","Weave","Worship+1","Devotion+1","SandsOfTime","Sanctity"],"relics":["PureWater","FossilizedHelix","Bronze Scales","Lantern","Bag of Marbles","Pandora\u0027s Box","HandDrill","Damaru","Dream Catcher","Kunai","ClockworkSouvenir","Philosopher\u0027s Stone","Incense Burner"],"acts_visited":["Exordium","TheCity","TheBeyond"],"potions_floor_usage":[36],"damage_taken":[{"damage":0.0,"enemies":"Cultist","floor":1.0,"turns":3.0},{"damage":0.0,"enemies":"Jaw Worm","floor":4.0,"turns":2.0},{"damage":0.0,"enemies":"2 Louse","floor":5.0,"turns":2.0},{"damage":0.0,"enemies":"Gremlin Nob","floor":6.0,"turns":3.0},{"damage":0.0,"enemies":"Exordium Wildlife","floor":8.0,"turns":2.0},{"damage":0.0,"enemies":"3 Louse","floor":11.0,"turns":2.0},{"damage":0.0,"enemies":"Looter","floor":13.0,"turns":2.0},{"damage":0.0,"enemies":"3 Sentries","floor":14.0,"turns":2.0},{"damage":0.0,"enemies":"Slime Boss","floor":16.0,"turns":4.0},{"damage":0.0,"enemies":"Shell Parasite","floor":18.0,"turns":2.0},{"damage":0.0,"enemies":"Spheric Guardian","floor":20.0,"turns":3.0},{"damage":0.0,"enemies":"Snake Plant","floor":21.0,"turns":1.0},{"damage":12.0,"enemies":"3 Cultists","floor":22.0,"turns":3.0},{"damage":0.0,"enemies":"Slavers","floor":23.0,"turns":2.0},{"damage":0.0,"enemies":"Centurion and Healer","floor":29.0,"turns":2.0},{"damage":40.0,"enemies":"Snake Plant","floor":31.0,"turns":3.0},{"damage":10.0,"enemies":"Champ","floor":33.0,"turns":5.0},{"damage":24,"enemies":"3 Shapes","floor":35,"turns":5},{"damage":0,"enemies":"Orb Walker","floor":36,"turns":2},{"damage":32,"enemies":"2 Orb Walkers","floor":37,"turns":3},{"damage":0,"enemies":"3 Darklings","floor":38,"turns":1}],"seed_played":"-3417526658201590418","potions_obtained":[{"floor":1.0,"key":"BlessingOfTheForge"},{"floor":4.0,"key":"Weak Potion"},{"floor":6.0,"key":"ColorlessPotion"},{"floor":14.0,"key":"Dexterity Potion"},{"floor":21.0,"key":"Block Potion"},{"floor":35,"key":"SneckoOil"},{"floor":37,"key":"Block Potion"}],"is_trial":false,"path_per_floor":["M","$","?","M","M","E","R","M","T","R","M","R","M","E","R","B",null,"M","$","M","M","M","E","R","?","T","?","R","M","$","M","R","B",null,"M","M","?","M"],"character_chosen":"WATCHER","items_purchased":["HandDrill","Damaru","ClockworkSouvenir"],"campfire_rested":1,"item_purchase_floors":[19,19,30],"current_hp_per_floor":[72,72,72,72,72,72,72,72,72,72,72,72,72,72,72,72,72,72,72,72,72,60,60,60,60,60,60,60,60,60,20,41,31,62,38,38,6,6,6],"gold":212,"neow_bonus":"ONE_RARE_RELIC","is_daily":false,"chose_seed":false,"campfire_upgraded":6,"win_rate":0.0,"timestamp":1613578013,"path_taken":["M","$","?","M","M","E","R","?","T","R","M","R","M","E","R","BOSS","M","$","M","M","M","E","R","?","T","?","R","M","$","M","R","BOSS","M","M","?","M"],"items_purchased_type":["Relic","Relic","Relic"],"build_version":"2020-12-22","purchased_purges":1,"victory":false,"max_hp_per_floor":[72,72,72,72,72,72,72,72,72,72,72,72,72,72,72,72,72,72,72,72,72,72,72,72,72,72,72,72,72,72,72,72,72,72,72,72,72,72,72],"card_choices":[{"not_picked":["ForeignInfluence","Study"],"picked":"Vengeance","floor":1.0},{"not_picked":["SashWhip","Evaluate"],"picked":"Conclude","floor":4.0},{"not_picked":["FlurryOfBlows","Tantrum"],"picked":"WindmillStrike","floor":5.0},{"not_picked":["Adaptation","CutThroughFate"],"picked":"BattleHymn","floor":6.0},{"not_picked":["Adaptation","Consecrate","SashWhip"],"picked":"SKIP","floor":8.0},{"not_picked":["Crescendo","CutThroughFate","ClearTheMind"],"picked":"SKIP","floor":11.0},{"not_picked":["Indignation","EmptyBody","ForeignInfluence"],"picked":"SKIP","floor":13.0},{"not_picked":["Crescendo","PathToVictory","WheelKick"],"picked":"SKIP","floor":14.0},{"not_picked":["Brilliance","Omniscience"],"picked":"MasterReality","floor":16.0},{"not_picked":["FollowUp","SashWhip","Consecrate"],"picked":"SKIP","floor":18.0},{"not_picked":["Crescendo+1","EmptyBody+1"],"picked":"Worship+1","floor":20.0},{"not_picked":["ForeignInfluence","Wireheading+1","Tantrum"],"picked":"SKIP","floor":21.0},{"not_picked":["BowlingBash","EmptyFist+1","InnerPeace+1"],"picked":"SKIP","floor":22.0},{"not_picked":["ClearTheMind","FollowUp"],"picked":"Devotion","floor":23.0},{"not_picked":["Perseverance","Meditate+1","Swivel"],"picked":"SKIP","floor":29.0},{"not_picked":["BowlingBash+1","ThirdEye+1"],"picked":"SandsOfTime","floor":31.0},{"not_picked":["PathToVictory+1","FlurryOfBlows+1","FollowUp+1"],"picked":"SKIP","floor":35},{"not_picked":["SandsOfTime","EmptyBody+1"],"picked":"Sanctity","floor":36}],"player_experience":450132,"relics_obtained":[{"floor":6.0,"key":"Bronze Scales"},{"floor":9.0,"key":"Lantern"},{"floor":14.0,"key":"Bag of Marbles"},{"floor":23.0,"key":"Dream Catcher"},{"floor":26.0,"key":"Kunai"},{"floor":37,"key":"Incense Burner"}],"event_choices":[{"cards_removed":["Defend_P"],"damage_healed":0.0,"max_hp_gain":0.0,"max_hp_loss":0.0,"gold_gain":0.0,"event_name":"Bonfire Elementals","player_choice":"Offered Basic","floor":3.0,"gold_loss":0.0,"damage_taken":0.0},{"damage_healed":0.0,"max_hp_gain":0.0,"max_hp_loss":0.0,"gold_gain":0.0,"event_name":"Vampires","player_choice":"Ignored","floor":25.0,"gold_loss":0.0,"damage_taken":0.0},{"damage_healed":0.0,"max_hp_gain":0.0,"max_hp_loss":0.0,"gold_gain":100.0,"event_name":"The Joust","player_choice":"Bet on Murderer","floor":27.0,"gold_loss":50.0,"damage_taken":0.0},{"damage_healed":0,"gold_gain":0,"player_choice":"Fight","damage_taken":0,"max_hp_gain":0,"max_hp_loss":0,"event_name":"Mysterious Sphere","floor":37,"gold_loss":0}],"is_beta":false,"boss_relics":[{"not_picked":["Astrolabe","Cursed Key"],"picked":"Pandora\u0027s Box"},{"not_picked":["Calling Bell","Runic Pyramid"],"picked":"Philosopher\u0027s Stone"}],"items_purged_floors":[2],"is_endless":false,"potions_floor_spawned":[1,4,6,14,18,20,21,35,37],"killed_by":"3 Darklings","ascension_level":5}}