{"host":"ace4y8wgj0fxngh2","time":1613529857,"event":{"mods":["BaseMod","Colored Map","Colored Powertips","Minty Spire (QoL Compilation)","StSLib"],"gold_per_floor":[20,20,35,35,35,79,79,114,137,137,157,13,13,27,27,156,156,169,169,190,34,52,91,111,155,155,193,73,91,91,105,105,224,224,245,245,8,0,14,14,14,32,59,59,59,74,74,98,98,98,98,98,46,81,81,81],"floor_reached":55,"language":"ENG","playtime":2841,"items_purged":["Defend_G"],"score":710,"play_id":"c90c45b2-f462-4fd1-b21f-9dbb6dd45fbd","local_time":"20210216214417","is_ascension_mode":false,"campfire_choices":[{"data":"Infinite Blades","floor":7,"key":"SMITH"},{"data":"Noxious Fumes","floor":13,"key":"SMITH"},{"data":"Catalyst","floor":15,"key":"SMITH"},{"floor":32,"key":"REST"},{"data":"Envenom","floor":40,"key":"SMITH"},{"data":"Terror","floor":44,"key":"SMITH"},{"floor":47,"key":"RECALL"},{"floor":49,"key":"REST"},{"data":"Accuracy","floor":52,"key":"SMITH"}],"circlet_count":0,"master_deck":["Strike_G","Strike_G","Strike_G","Strike_G","Defend_G","Defend_G","Defend_G","Defend_G","Neutralize","Dagger Spray","Poisoned Stab+1","Infinite Blades+1","Catalyst+1","Noxious Fumes+1","Poisoned Stab","Burst","Catalyst+1","Bane+1","Blade Dance+1","Blade Dance","Accuracy","Bouncing Flask","Blade Dance","Envenom+1","Deadly Poison+1","Accuracy+1","Terror+1","Madness","Madness","Deadly Poison+1"],"relics":["Ring of the Snake","The Specimen","Golden Idol","Centennial Puzzle","Snake Skull","Anchor","WristBlade","Lantern","Oddly Smooth Stone","Kunai","Regal Pillow","Philosopher\u0027s Stone","TwistedFunnel","Red Mask","Whetstone","Bottled Lightning","Bronze Scales"],"acts_visited":["Exordium","TheCity","TheBeyond","TheEnding"],"potions_floor_usage":[6,8,16,22,27,27,33,50,54,55,55],"damage_taken":[{"damage":4,"enemies":"Cultist","floor":1,"turns":4},{"damage":7,"enemies":"Small Slimes","floor":3,"turns":3},{"damage":33,"enemies":"Lagavulin","floor":6,"turns":8},{"damage":19,"enemies":"3 Sentries","floor":8,"turns":8},{"damage":0,"enemies":"2 Louse","floor":11,"turns":2},{"damage":2,"enemies":"Large Slime","floor":14,"turns":4},{"damage":28,"enemies":"Hexaghost","floor":16,"turns":3},{"damage":5,"enemies":"Spheric Guardian","floor":18,"turns":3},{"damage":12,"enemies":"2 Thieves","floor":20,"turns":3},{"damage":2,"enemies":"Cultist and Chosen","floor":22,"turns":4},{"damage":5,"enemies":"Book of Stabbing","floor":23,"turns":3},{"damage":0,"enemies":"Chosen and Byrds","floor":24,"turns":2},{"damage":1,"enemies":"Gremlin Leader","floor":25,"turns":3},{"damage":19,"enemies":"Slavers","floor":27,"turns":3},{"damage":8,"enemies":"Snecko","floor":29,"turns":3},{"damage":5,"enemies":"Shelled Parasite and Fungi","floor":31,"turns":2},{"damage":16,"enemies":"Automaton","floor":33,"turns":6},{"damage":18,"enemies":"3 Shapes","floor":35,"turns":3},{"damage":0,"enemies":"Orb Walker","floor":39,"turns":2},{"damage":0,"enemies":"Sphere and 2 Shapes","floor":42,"turns":2},{"damage":9,"enemies":"Jaw Worm Horde","floor":46,"turns":3},{"damage":0,"enemies":"4 Shapes","floor":48,"turns":3},{"damage":34,"enemies":"Donu and Deca","floor":50,"turns":4},{"damage":13,"enemies":"Shield and Spear","floor":54,"turns":3},{"damage":141,"enemies":"The Heart","floor":55,"turns":5}],"seed_played":"-7317753678545029644","potions_obtained":[{"floor":3,"key":"CunningPotion"},{"floor":6,"key":"Dexterity Potion"},{"floor":14,"key":"SkillPotion"},{"floor":20,"key":"Block Potion"},{"floor":24,"key":"CunningPotion"},{"floor":25,"key":"EssenceOfSteel"},{"floor":31,"key":"Fire Potion"},{"floor":33,"key":"FairyPotion"},{"floor":42,"key":"CunningPotion"},{"floor":48,"key":"CunningPotion"},{"floor":54,"key":"GamblersBrew"}],"is_trial":false,"path_per_floor":["M","?","M","?","?","E","R","E","T","?","M","$","R","M","R","B",null,"M","?","M","$","M","E","M","E","T","E","$","M","?","M","R","B",null,"M","?","$","?","M","R","?","M","T","R","T","M","R","M","R","B",null,"R","$","E","B"],"character_chosen":"THE_SILENT","items_purchased":["Noxious Fumes","Lantern","Accuracy","Bouncing Flask","TwistedFunnel","Accuracy","SpeedPotion"],"campfire_rested":2,"item_purchase_floors":[12,21,28,28,37,37,53],"current_hp_per_floor":[66,66,59,59,64,31,31,12,12,70,70,70,70,68,68,40,70,65,65,53,53,51,46,46,45,45,26,26,18,18,13,49,33,70,52,52,52,52,52,52,43,43,43,43,43,34,34,34,70,36,70,70,70,57,0,0],"gold":81,"neow_bonus":"ONE_RARE_RELIC","is_daily":false,"chose_seed":false,"campfire_upgraded":6,"win_rate":0.0,"timestamp":1613529857,"path_taken":["M","?","M","?","?","E","R","E","T","?","M","$","R","M","R","BOSS","M","?","M","$","M","E","?","E","T","E","?","M","?","M","R","BOSS","M","?","$","?","M","R","?","M","T","R","?","M","R","M","R","BOSS","R","$","E","BOSS"],"items_purchased_type":["Card","Relic","Card","Card","Relic","Card","Potion"],"build_version":"2020-12-22","purchased_purges":1,"victory":false,"max_hp_per_floor":[70,70,70,65,70,70,70,70,70,70,70,70,70,70,70,70,70,70,70,70,70,70,70,70,70,70,70,70,70,70,70,70,70,70,70,70,70,70,70,70,70,70,70,70,70,70,70,70,70,70,70,70,70,70,70,70],"card_choices":[{"not_picked":["Quick Slash","Flying Knee"],"picked":"Dagger Spray","floor":1},{"not_picked":["Infinite Blades","Blade Dance"],"picked":"Poisoned Stab","floor":3},{"not_picked":["Acrobatics","Deflect"],"picked":"Infinite Blades","floor":6},{"not_picked":["Flying Knee","Dash","Expertise"],"picked":"SKIP","floor":8},{"not_picked":["Sucker Punch","Eviscerate"],"picked":"Catalyst","floor":11},{"not_picked":["Deflect","Heel Hook"],"picked":"Poisoned Stab","floor":14},{"not_picked":["Night Terror","Wraith Form v2"],"picked":"Burst","floor":16},{"not_picked":["Poisoned Stab","PiercingWail"],"picked":"Catalyst","floor":18},{"not_picked":["Outmaneuver","Quick Slash","Tactician"],"picked":"SKIP","floor":20},{"not_picked":["Acrobatics","Flechettes"],"picked":"Bane","floor":22},{"not_picked":["A Thousand Cuts","Prepared","Acrobatics+1"],"picked":"SKIP","floor":23},{"not_picked":["Distraction","Tactician","Escape Plan+1"],"picked":"SKIP","floor":24},{"not_picked":["Prepared","Sucker Punch"],"picked":"Blade Dance+1","floor":25},{"not_picked":["Masterful Stab+1","Dash"],"picked":"Blade Dance","floor":27},{"not_picked":["Flying Knee+1","Dodge and Roll","Prepared"],"picked":"SKIP","floor":29},{"not_picked":["Reflex","Eviscerate"],"picked":"Blade Dance","floor":31},{"not_picked":["Tools of the Trade","A Thousand Cuts"],"picked":"Envenom","floor":33},{"not_picked":["Poisoned Stab","PiercingWail+1"],"picked":"Deadly Poison+1","floor":35},{"not_picked":["Masterful Stab+1","Crippling Poison+1"],"picked":"Terror","floor":39},{"not_picked":["Blade Dance","Dodge and Roll","Reflex"],"picked":"SKIP","floor":42},{"not_picked":["Crippling Poison","Flying Knee","Choke+1"],"picked":"SKIP","floor":46},{"not_picked":["Backflip+1","Riddle With Holes","Dodge and Roll+1"],"picked":"SKIP","floor":48},{"not_picked":["Sucker Punch","Finisher"],"picked":"Deadly Poison+1","floor":54}],"player_experience":149201,"relics_obtained":[{"floor":6,"key":"Centennial Puzzle"},{"floor":8,"key":"Snake Skull"},{"floor":9,"key":"Anchor"},{"floor":23,"key":"Oddly Smooth Stone"},{"floor":25,"key":"Kunai"},{"floor":27,"key":"Regal Pillow"},{"floor":43,"key":"Whetstone"},{"floor":45,"key":"Bottled Lightning"},{"floor":54,"key":"Bronze Scales"}],"event_choices":[{"damage_healed":0,"gold_gain":0,"cards_transformed":["Strike_G"],"player_choice":"Change","damage_taken":0,"max_hp_gain":0,"max_hp_loss":0,"event_name":"Living Wall","floor":2,"gold_loss":0,"cards_obtained":["Well Laid Plans"]},{"damage_healed":0,"gold_gain":0,"player_choice":"Lose Max HP","damage_taken":0,"relics_obtained":["Golden Idol"],"max_hp_gain":0,"max_hp_loss":5,"event_name":"Golden Idol","floor":4,"gold_loss":0},{"damage_healed":0,"gold_gain":0,"player_choice":"Donut","damage_taken":0,"max_hp_gain":5,"max_hp_loss":0,"event_name":"Big Fish","floor":5,"gold_loss":0},{"cards_removed":["Well Laid Plans"],"damage_healed":58,"gold_gain":0,"player_choice":"Offered Uncommon","damage_taken":0,"max_hp_gain":0,"max_hp_loss":0,"event_name":"Bonfire Elementals","floor":10,"gold_loss":0},{"damage_healed":0,"gold_gain":0,"player_choice":"Forge","damage_taken":0,"max_hp_gain":0,"max_hp_loss":0,"event_name":"Accursed Blacksmith","floor":19,"gold_loss":0,"cards_upgraded":["Catalyst"]},{"damage_healed":0,"gold_gain":0,"player_choice":"Ignored","damage_taken":0,"max_hp_gain":0,"max_hp_loss":0,"event_name":"Vampires","floor":30,"gold_loss":0},{"cards_removed":["Survivor"],"damage_healed":0,"gold_gain":0,"player_choice":"Removed Skill","damage_taken":0,"max_hp_gain":0,"max_hp_loss":0,"event_name":"Falling","floor":36,"gold_loss":0},{"damage_healed":0,"gold_gain":0,"player_choice":"Paid","damage_taken":0,"relics_obtained":["Red Mask"],"max_hp_gain":0,"max_hp_loss":0,"event_name":"Tomb of Lord Red Mask","floor":38,"gold_loss":8},{"damage_healed":0,"gold_gain":0,"player_choice":"Embrace Madness","damage_taken":9,"max_hp_gain":0,"max_hp_loss":0,"event_name":"Winding Halls","floor":41,"gold_loss":0,"cards_obtained":["Madness","Madness"]}],"is_beta":false,"boss_relics":[{"not_picked":["Tiny House","SacredBark"],"picked":"WristBlade"},{"not_picked":["Velvet Choker","Cursed Key"],"picked":"Philosopher\u0027s Stone"}],"items_purged_floors":[12],"is_endless":false,"potions_floor_spawned":[3,6,14,20,24,25,31,33,42,48,54],"killed_by":"The Heart","ascension_level":0}}