{"host":"rw1trt79hfpl7pom","time":1613520144,"event":{"mods":["BaseMod","Bestiary","Colored Map","Jorbs\u0027s Wanderer Trilogy","Minty Spire (QoL Compilation)","Relic Stats","StSLib","SuperFastMode"],"gold_per_floor":[116,41,41,41,52,83,83,94,94,123,141,154,154,134,134,205,205,218,218,230,230,244,244,270,270,270,270,296,9,109,309,309,384,384,396,396,18,37,48,48,59,72,98,98,111,140,165,193,193,193,193,193,193,58,86,86],"floor_reached":57,"language":"ENG","playtime":3994,"items_purged":["Strike_G","Strike_G"],"score":3041,"play_id":"42b0e498-9b28-4b73-8d6e-a0af939b6c30","local_time":"20210216160224","is_ascension_mode":true,"campfire_choices":[{"data":"Neutralize","floor":7.0,"key":"SMITH"},{"data":"Survivor","floor":13.0,"key":"SMITH"},{"floor":15.0,"key":"RECALL"},{"floor":23.0,"key":"REST"},{"data":"Defend_G","floor":25.0,"key":"SMITH"},{"data":"Defend_G","floor":27.0,"key":"SMITH"},{"data":"Defend_G","floor":32.0,"key":"SMITH"},{"data":"Defend_G","floor":40.0,"key":"SMITH"},{"data":"Defend_G","floor":49,"key":"SMITH"},{"data":"Strike_G","floor":53,"key":"SMITH"}],"circlet_count":0,"master_deck":["AscendersBane","Strike_G","Strike_G","Strike_G+1","Defend_G+1","Defend_G+1","Defend_G+1","Defend_G+1","Defend_G+1","Survivor+1","Neutralize+1","Backflip+1","Crippling Poison+1","Cloak And Dagger+1","Deflect+1","Deadly Poison+1","Venomology+1","Deadly Poison+1","Acrobatics+1","Blade Dance+1","Crippling Poison+1","Malaise+1","Malaise+1","Blade Dance+1","Cloak And Dagger+1","Deflect+1","Skewer+1","Cloak And Dagger+1","Leg Sweep+1","Distraction+1","Dark Shackles+1","Prepared+1","Cloak And Dagger+1","Tactician+1","Blade Dance+1"],"relics":["Ring of the Snake","NeowsBlessing","Toxic Egg 2","Eternal Feather","Torii","Calipers","Runic Dome","Gremlin Horn","StrikeDummy","Bottled Lightning","InkBottle","Pantograph","Kunai","Ginger","The Courier","Runic Pyramid","Sundial","Paper Crane","Shuriken","Turnip","Meat on the Bone","ClockworkSouvenir","Boot"],"acts_visited":["Exordium","TheCity","TheBeyond","TheEnding"],"potions_floor_usage":[45,46,48,50,55,56,56],"damage_taken":[{"damage":0.0,"enemies":"2 Louse","floor":1.0,"turns":1.0},{"damage":0.0,"enemies":"Jaw Worm","floor":5.0,"turns":1.0},{"damage":0.0,"enemies":"Lagavulin","floor":6.0,"turns":1.0},{"damage":0.0,"enemies":"Small Slimes","floor":8.0,"turns":3.0},{"damage":12.0,"enemies":"3 Sentries","floor":10.0,"turns":13.0},{"damage":0.0,"enemies":"Red Slaver","floor":11.0,"turns":5.0},{"damage":3.0,"enemies":"Exordium Thugs","floor":12.0,"turns":5.0},{"damage":1.0,"enemies":"The Guardian","floor":16.0,"turns":12.0},{"damage":19.0,"enemies":"2 Thieves","floor":18.0,"turns":4.0},{"damage":8.0,"enemies":"Chosen","floor":20.0,"turns":5.0},{"damage":8.0,"enemies":"Centurion and Healer","floor":22.0,"turns":6.0},{"damage":6.0,"enemies":"Book of Stabbing","floor":24.0,"turns":6.0},{"damage":1.0,"enemies":"Gremlin Leader","floor":28.0,"turns":5.0},{"damage":1.0,"enemies":"Colosseum Slavers","floor":30.0,"turns":3.0},{"damage":9.0,"enemies":"Colosseum Nobs","floor":30.0,"turns":4.0},{"damage":15.0,"enemies":"Automaton","floor":33.0,"turns":13.0},{"damage":11.0,"enemies":"3 Darklings","floor":35.0,"turns":6.0},{"damage":0.0,"enemies":"Orb Walker","floor":38.0,"turns":6.0},{"damage":1.0,"enemies":"Jaw Worm Horde","floor":39.0,"turns":6.0},{"damage":0.0,"enemies":"3 Darklings","floor":41.0,"turns":5.0},{"damage":0.0,"enemies":"Sphere and 2 Shapes","floor":42.0,"turns":7.0},{"damage":1,"enemies":"Writhing Mass","floor":45,"turns":6},{"damage":0,"enemies":"Nemesis","floor":46,"turns":9},{"damage":0,"enemies":"Mind Bloom Boss Battle","floor":47,"turns":4},{"damage":0,"enemies":"Reptomancer","floor":48,"turns":5},{"damage":0,"enemies":"Donu and Deca","floor":50,"turns":10},{"damage":1,"enemies":"Time Eater","floor":51,"turns":16},{"damage":0,"enemies":"Shield and Spear","floor":55,"turns":10},{"damage":46,"enemies":"The Heart","floor":56,"turns":10}],"seed_played":"6522322547743882302","potions_obtained":[{"floor":1.0,"key":"CunningPotion"},{"floor":10.0,"key":"SteroidPotion"},{"floor":14.0,"key":"PowerPotion"},{"floor":24.0,"key":"Strength Potion"},{"floor":30.0,"key":"SkillPotion"},{"floor":41.0,"key":"SteroidPotion"},{"floor":48,"key":"SpeedPotion"}],"is_trial":false,"path_per_floor":["M","$","?","T","M","E","R","M","T","E","M","M","R","?","R","B",null,"M","T","M","T","M","R","E","R","T","R","E","$","?","?","R","B",null,"M","T","$","M","M","R","M","M","T","?","M","E","?","E","R","B","B",null,"R","$","E","B",null],"character_chosen":"THE_SILENT","items_purchased":["Kunai","Paper Crane","Cloak And Dagger+1","Deflect+1","ClockworkSouvenir"],"campfire_rested":1,"item_purchase_floors":[29,37,37,37,54],"current_hp_per_floor":[59,59,59,59,59,59,65,65,65,53,53,50,59,59,66,65,66,47,47,39,39,31,62,56,66,66,66,65,65,55,55,66,51,62,51,51,51,51,64,66,66,66,66,66,65,65,66,66,66,66,65,66,66,66,66,32],"gold":86,"neow_bonus":"THREE_ENEMY_KILL","is_daily":false,"chose_seed":false,"campfire_upgraded":8,"win_rate":0.0,"timestamp":1613520144,"path_taken":["M","$","?","?","M","E","R","M","T","E","M","M","R","?","R","BOSS","M","?","M","?","?","R","E","R","T","R","E","$","?","?","R","BOSS","M","?","?","M","M","R","M","M","T","?","M","E","?","E","R","BOSS","BOSS","R","$","E","BOSS"],"items_purchased_type":["Relic","Relic","Card","Card","Relic"],"build_version":"2020-12-22","purchased_purges":2,"victory":true,"max_hp_per_floor":[66,66,66,66,66,66,66,66,66,66,66,66,66,66,66,66,66,66,66,66,66,66,66,66,66,66,66,66,66,66,66,66,66,66,66,66,66,66,66,66,66,66,66,66,66,66,66,66,66,66,66,66,66,66,66,66],"relic_stats":{"Torii":66,"Gremlin Horn":[27,27],"counters":[29,187],"Eternal Feather":57,"Ginger":[5],"Boot":[3],"Sundial":[10],"Shuriken":[67],"Pantograph":1,"Turnip":[4],"Kunai":[120],"obtain_stats":[{"Calipers":10,"NeowsBlessing":0,"Torii":9,"Gremlin Horn":19,"Eternal Feather":6,"The Courier":30,"Ginger":30,"Paper Crane":37,"Boot":55,"ClockworkSouvenir":54,"Runic Dome":17,"Sundial":36,"Shuriken":46,"Pantograph":28,"Turnip":47,"Bottled Lightning":24,"Kunai":29,"Toxic Egg 2":4,"StrikeDummy":21,"InkBottle":26,"Ring of the Snake":0,"Runic Pyramid":34,"Meat on the Bone":48},{"Calipers":5,"NeowsBlessing":0,"Torii":4,"Gremlin Horn":9,"Eternal Feather":3,"The Courier":15,"Ginger":15,"Paper Crane":17,"Boot":28,"ClockworkSouvenir":27,"Runic Dome":8,"Sundial":17,"Shuriken":23,"Pantograph":13,"Turnip":24,"Bottled Lightning":12,"Kunai":13,"Toxic Egg 2":1,"StrikeDummy":10,"InkBottle":12,"Ring of the Snake":0,"Runic Pyramid":16,"Meat on the Bone":25},{"Calipers":19,"NeowsBlessing":0,"Torii":6,"Gremlin Horn":45,"Eternal Feather":3,"The Courier":74,"Ginger":74,"Paper Crane":93,"Boot":177,"ClockworkSouvenir":167,"Runic Dome":41,"Sundial":93,"Shuriken":132,"Pantograph":67,"Turnip":136,"Bottled Lightning":62,"Kunai":67,"Toxic Egg 2":1,"StrikeDummy":50,"InkBottle":62,"Ring of the Snake":0,"Runic Pyramid":87,"Meat on the Bone":141}],"InkBottle":[84],"Ring of the Snake":[58],"Meat on the Bone":12},"card_choices":[{"not_picked":["Concentrate","Backflip","Dodge and Roll"],"picked":"SKIP","floor":1.0},{"not_picked":["Dagger Throw","Flying Knee"],"picked":"Backflip+1","floor":5.0},{"not_picked":["Dash","Endless Agony"],"picked":"Crippling Poison+1","floor":6.0},{"not_picked":["Dagger Spray","Acrobatics+1"],"picked":"Cloak And Dagger+1","floor":8.0},{"not_picked":["Reflex+1","Masterful Stab"],"picked":"Deflect+1","floor":10.0},{"not_picked":["Eviscerate","Quick Slash","Bane"],"picked":"SKIP","floor":11.0},{"not_picked":["Dodge and Roll+1","Underhanded Strike"],"picked":"Deadly Poison+1","floor":12.0},{"not_picked":["Die Die Die","Storm of Steel+1"],"picked":"Venomology+1","floor":16.0},{"not_picked":["Quick Slash","Underhanded Strike","Poisoned Stab"],"picked":"SKIP","floor":18.0},{"not_picked":["Distraction+1","Prepared+1"],"picked":"Deadly Poison+1","floor":20.0},{"not_picked":["Finisher","Underhanded Strike+1"],"picked":"Acrobatics+1","floor":22.0},{"not_picked":["Poisoned Stab+1","Heel Hook+1"],"picked":"Blade Dance+1","floor":24.0},{"not_picked":["Flechettes","Setup+1"],"picked":"Crippling Poison+1","floor":28.0},{"not_picked":["Dagger Spray","Slice"],"picked":"Malaise+1","floor":30.0},{"not_picked":["Grand Finale","Die Die Die"],"picked":"Malaise+1","floor":33.0},{"not_picked":["Acrobatics+1","Sucker Punch"],"picked":"Blade Dance+1","floor":35.0},{"not_picked":["Dagger Spray","Backstab"],"picked":"Skewer+1","floor":38.0},{"not_picked":["Deflect+1","Sucker Punch+1"],"picked":"Cloak And Dagger+1","floor":39.0},{"not_picked":["Dagger Throw+1","Deflect+1"],"picked":"Leg Sweep+1","floor":41.0},{"not_picked":["Distraction+1","Setup+1","Slice+1"],"picked":"SKIP","floor":42.0},{"not_picked":["Setup+1","Slice+1"],"picked":"Distraction+1","floor":42.0},{"not_picked":["Good Instincts+1","Bandage Up+1"],"picked":"Dark Shackles+1","floor":44.0},{"not_picked":["Dagger Spray","Eviscerate+1"],"picked":"Prepared+1","floor":45},{"not_picked":["Deadly Poison+1","Flying Knee","A Thousand Cuts"],"picked":"SKIP","floor":46},{"not_picked":["Bouncing Flask+1","Quick Slash"],"picked":"Cloak And Dagger+1","floor":47},{"not_picked":["Noxious Fumes","Underhanded Strike+1"],"picked":"Tactician+1","floor":48},{"not_picked":["Underhanded Strike+1","Distraction+1"],"picked":"Blade Dance+1","floor":55}],"player_experience":2764006,"relics_obtained":[{"floor":4.0,"key":"Toxic Egg 2"},{"floor":6.0,"key":"Eternal Feather"},{"floor":9.0,"key":"Torii"},{"floor":10.0,"key":"Calipers"},{"floor":19.0,"key":"Gremlin Horn"},{"floor":21.0,"key":"StrikeDummy"},{"floor":24.0,"key":"Bottled Lightning"},{"floor":26.0,"key":"InkBottle"},{"floor":28.0,"key":"Pantograph"},{"floor":30.0,"key":"Ginger"},{"floor":30.0,"key":"The Courier"},{"floor":36.0,"key":"Sundial"},{"floor":46,"key":"Shuriken"},{"floor":47,"key":"Turnip"},{"floor":48,"key":"Meat on the Bone"},{"floor":55,"key":"Boot"}],"event_choices":[{"damage_healed":0.0,"max_hp_gain":0.0,"max_hp_loss":0.0,"gold_gain":0.0,"event_name":"Liars Game","player_choice":"Ignored","floor":3.0,"gold_loss":0.0,"damage_taken":0.0},{"damage_healed":0.0,"max_hp_gain":0.0,"max_hp_loss":0.0,"gold_gain":0.0,"event_name":"The Woman in Blue","player_choice":"Bought 1 Potion","floor":14.0,"gold_loss":0.0,"damage_taken":0.0},{"damage_healed":0.0,"max_hp_gain":0.0,"max_hp_loss":0.0,"gold_gain":0.0,"event_name":"Colosseum","player_choice":"Fight","floor":30.0,"gold_loss":0.0,"damage_taken":0.0},{"damage_healed":0.0,"max_hp_gain":0.0,"max_hp_loss":0.0,"gold_gain":0.0,"event_name":"Colosseum","player_choice":"Fought Nobs","floor":30.0,"gold_loss":0.0,"damage_taken":0.0},{"damage_healed":0.0,"max_hp_gain":0.0,"max_hp_loss":0.0,"gold_gain":250.0,"event_name":"The Joust","player_choice":"Bet on Owner","floor":31.0,"gold_loss":50.0,"damage_taken":0.0},{"damage_healed":0.0,"max_hp_gain":0.0,"max_hp_loss":0.0,"gold_gain":0.0,"event_name":"SensoryStone","player_choice":"Memory 1","floor":44.0,"gold_loss":0.0,"damage_taken":0.0},{"damage_healed":0,"gold_gain":0,"player_choice":"Fight","damage_taken":0,"max_hp_gain":0,"max_hp_loss":0,"event_name":"MindBloom","floor":47,"gold_loss":0}],"is_beta":false,"boss_relics":[{"not_picked":["Pandora\u0027s Box","Snecko Eye"],"picked":"Runic Dome"},{"not_picked":["Empty Cage","Coffee Dripper"],"picked":"Runic Pyramid"}],"items_purged_floors":[2,37],"is_endless":false,"potions_floor_spawned":[1,10,11,24,30,38,39,41,48],"ascension_level":20}}