{"host":"c97twqu0op5dg8i4","time":1613604438,"event":{"mods":["AchievementEnabler","BaseMod","Colored Map","Minty Spire (QoL Compilation)","Permanent Neow"],"gold_per_floor":[117,292,292,13,31,31,42,74,74,74,4,22,22,22,22,147,147,163,188,43,43,43,0,0,18,59,110,110,110,110,133,146,146,146,267,267,283,283,308,308,168,168,168],"floor_reached":42,"language":"ENG","playtime":1150,"items_purged":["Pain","Strike_B"],"score":659,"play_id":"2b494c85-fbc7-489a-b1f6-2e8b7ccb36a7","local_time":"20210217182718","is_ascension_mode":true,"campfire_choices":[{"data":"Biased Cognition","floor":6,"key":"SMITH"},{"floor":10,"key":"REST"},{"data":"Rainbow","floor":15,"key":"SMITH"},{"data":"Creative AI","floor":24,"key":"SMITH"},{"data":"Capacitor","floor":28,"key":"SMITH"},{"floor":30,"key":"REST"},{"data":"Consume","floor":33,"key":"SMITH"},{"data":"Ball Lightning","floor":34,"key":"SMITH"}],"circlet_count":0,"master_deck":["AscendersBane","Strike_B","Strike_B","Strike_B","Defend_B","Defend_B","Defend_B","Defend_B","Zap","Dualcast","Biased Cognition+1","Consume+1","Coolheaded","Capacitor+1","Ball Lightning+1","Self Repair","Rainbow+1","Creative AI+1","Conserve Battery+1","Reboot","Machine Learning","Defragment","Glacier"],"relics":["FrozenCore","WarpedTongs","Runic Capacitor","Lantern","Kunai","Golden Idol","Lee\u0027s Waffle","Nunchaku","Bag of Preparation","Enchiridion","Runic Pyramid"],"acts_visited":["Exordium","TheCity","TheBeyond"],"potions_floor_usage":[19,35],"damage_taken":[{"damage":1.0,"enemies":"Cultist","floor":1.0,"turns":3.0},{"damage":0,"enemies":"Small Slimes","floor":5,"turns":3},{"damage":3,"enemies":"Jaw Worm","floor":7,"turns":5},{"damage":28,"enemies":"3 Sentries","floor":8,"turns":5},{"damage":10,"enemies":"Lots of Slimes","floor":12,"turns":2},{"damage":29,"enemies":"Hexaghost","floor":16,"turns":8},{"damage":13,"enemies":"Spheric Guardian","floor":18,"turns":6},{"damage":14,"enemies":"3 Byrds","floor":19,"turns":7},{"damage":26,"enemies":"Snake Plant","floor":25,"turns":11},{"damage":12,"enemies":"Book of Stabbing","floor":26,"turns":6},{"damage":1,"enemies":"Chosen and Byrds","floor":31,"turns":7},{"damage":0,"enemies":"Cultist and Chosen","floor":32,"turns":6},{"damage":30,"enemies":"Champ","floor":35,"turns":7},{"damage":0,"enemies":"3 Shapes","floor":37,"turns":2},{"damage":49,"enemies":"3 Darklings","floor":39,"turns":4},{"damage":45,"enemies":"Reptomancer","floor":42,"turns":2}],"seed_played":"3187709987119008654","potions_obtained":[{"floor":1.0,"key":"EssenceOfSteel"},{"floor":7,"key":"Strength Potion"},{"floor":26,"key":"AttackPotion"},{"floor":35,"key":"LiquidBronze"}],"is_trial":false,"path_per_floor":["M","?","?","$","M","R","M","E","T","R","$","M","?","?","R","B",null,"M","M","$","?","$","?","R","M","E","T","R","?","R","M","M","R","R","B",null,"M","?","M","?","$","E"],"character_chosen":"DEFECT","items_purchased":["Runic Capacitor","Coolheaded","Self Repair","Lee\u0027s Waffle","Glacier"],"campfire_rested":2,"item_purchase_floors":[4,4,11,20,41],"current_hp_per_floor":[67,67,67,67,67,67,64,36,36,58,58,55,55,55,55,36,61,55,51,76,76,76,76,76,64,52,52,52,36,58,64,71,71,71,48,69,76,76,34,34,34,0,0],"gold":168,"neow_bonus":"ONE_RANDOM_RARE_CARD","is_daily":false,"chose_seed":false,"campfire_upgraded":6,"win_rate":0.0,"timestamp":1613604438,"path_taken":["M","?","?","$","M","R","M","E","T","R","$","?","?","?","R","BOSS","M","?","$","?","$","?","R","?","E","T","R","?","R","M","M","R","R","BOSS","M","?","M","?","$","E"],"items_purchased_type":["Relic","Card","Card","Relic","Card"],"build_version":"2020-12-22","purchased_purges":2,"victory":false,"max_hp_per_floor":[75,75,75,75,75,75,75,75,75,75,75,75,69,69,69,69,69,69,69,76,76,76,76,76,76,76,76,76,76,76,76,76,76,76,76,76,76,76,76,76,76,76,76],"card_choices":[{"not_picked":["Chill","Streamline"],"picked":"Consume","floor":1.0},{"not_picked":["Sweeping Beam","Compile Driver"],"picked":"Capacitor","floor":5},{"not_picked":["Gash","Coolheaded"],"picked":"Doom and Gloom","floor":7},{"not_picked":["Beam Cell","Leap"],"picked":"Ball Lightning","floor":8},{"not_picked":["Beam Cell","FTL"],"picked":"Rainbow","floor":12},{"not_picked":["Reboot","Amplify"],"picked":"Creative AI","floor":16},{"not_picked":["Beam Cell","Rebound+1","Gash"],"picked":"SKIP","floor":18},{"not_picked":["Darkness","Steam","Streamline"],"picked":"SKIP","floor":19},{"not_picked":["Coolheaded","Redo+1"],"picked":"Conserve Battery+1","floor":25},{"not_picked":["Undo","Fusion+1"],"picked":"Reboot","floor":26},{"not_picked":["Doom and Gloom","Steam","Compile Driver"],"picked":"SKIP","floor":31},{"not_picked":["Steam","Sweeping Beam","Redo"],"picked":"SKIP","floor":32},{"not_picked":["Reboot","Amplify"],"picked":"Machine Learning","floor":35},{"not_picked":["Ball Lightning","Sweeping Beam","Streamline"],"picked":"SKIP","floor":37},{"not_picked":["Skim+1","Tempest"],"picked":"Defragment","floor":39}],"player_experience":415580,"relics_obtained":[{"floor":8,"key":"Lantern"},{"floor":9,"key":"Kunai"},{"floor":26,"key":"Nunchaku"},{"floor":27,"key":"Bag of Preparation"},{"floor":29,"key":"Enchiridion"}],"event_choices":[{"damage_healed":0.0,"max_hp_gain":0.0,"max_hp_loss":0.0,"gold_gain":175.0,"event_name":"Liars Game","player_choice":"AGREE","floor":2.0,"gold_loss":0.0,"damage_taken":0.0,"cards_obtained":["Doubt"]},{"damage_healed":0.0,"max_hp_gain":0.0,"max_hp_loss":0.0,"gold_gain":0.0,"event_name":"Accursed Blacksmith","player_choice":"Rummage","floor":3.0,"gold_loss":0.0,"damage_taken":0.0,"relics_obtained":["WarpedTongs"],"cards_obtained":["Pain"]},{"damage_healed":0,"gold_gain":0,"player_choice":"Lose Max HP","damage_taken":0,"relics_obtained":["Golden Idol"],"max_hp_gain":0,"max_hp_loss":6,"event_name":"Golden Idol","floor":13,"gold_loss":0},{"cards_removed":["Doubt"],"damage_healed":0,"gold_gain":0,"player_choice":"Removed Curses","damage_taken":0,"max_hp_gain":0,"max_hp_loss":0,"event_name":"Fountain of Cleansing","floor":14,"gold_loss":0},{"damage_healed":0,"gold_gain":0,"player_choice":"Ignored","damage_taken":0,"max_hp_gain":0,"max_hp_loss":0,"event_name":"Vampires","floor":21,"gold_loss":0},{"damage_healed":0,"gold_gain":0,"player_choice":"Paid Fearfully","damage_taken":0,"max_hp_gain":0,"max_hp_loss":0,"event_name":"Masked Bandits","floor":23,"gold_loss":43},{"damage_healed":0,"gold_gain":0,"player_choice":"Obtained Book","damage_taken":16,"max_hp_gain":0,"max_hp_loss":0,"event_name":"Cursed Tome","floor":29,"gold_loss":0},{"cards_removed":["Doom and Gloom"],"damage_healed":0,"gold_gain":0,"player_choice":"Removed Attack","damage_taken":0,"max_hp_gain":0,"max_hp_loss":0,"event_name":"Falling","floor":38,"gold_loss":0},{"damage_healed":0,"gold_gain":0,"player_choice":"Memory 1","damage_taken":0,"max_hp_gain":0,"max_hp_loss":0,"event_name":"SensoryStone","floor":40,"gold_loss":0}],"is_beta":false,"boss_relics":[{"not_picked":["Ectoplasm","SacredBark"],"picked":"FrozenCore"},{"not_picked":["Empty Cage","Cursed Key"],"picked":"Runic Pyramid"}],"items_purged_floors":[4,41],"is_endless":false,"potions_floor_spawned":[1,7,16,26,32,35,37],"killed_by":"Reptomancer","ascension_level":12}}