{"host":"vc42n08di9czm3e7","time":1613593622,"event":{"mods":["AchievementEnabler","BaseMod","Downfall","GifTheSpireLib","Minty Spire (QoL Compilation)","StSLib"],"gold_per_floor":[99,115,128,141,158,176,257,267,35,62,62,78,78,98,115,211,211,211,225,225,242,261,273,318,318,318,318],"floor_reached":25,"language":"ENG","playtime":10102,"items_purged":[],"score":209,"play_id":"0c9e4cc1-90bd-4940-a71f-6063d1a2d769","local_time":"20210217152702","is_ascension_mode":false,"campfire_choices":[{"data":"sneckomod:SnekBite","floor":1,"key":"SMITH"},{"data":"expansioncontent:StudyTheSpire","floor":13,"key":"SMITH"},{"data":"sneckomod:SerpentMind","floor":18,"key":"SMITH"}],"circlet_count":0,"master_deck":["sneckomod:Strike","sneckomod:Strike","sneckomod:Defend","sneckomod:Defend","sneckomod:Defend","sneckomod:TailWhip","sneckomod:SnekBite+1","sneckomod:Unknown","sneckomod:Unknown","sneckomod:Nope","sneckomod:UnknownDraw","sneckomod:SoulDraw","sneckomod:QuickMove","sneckomod:QuickMove","sneckomod:WideSting","sneckomod:UnendingSupply","expansioncontent:StudyTheSpire+1","sneckomod:UnknownUncommonPower","sneckomod:SerpentMind+1","sneckomod:UnknownRarePower+1","sneckomod:TrashToTreasure+1"],"relics":["Sozu","Letter Opener","sneckomod:UnknownEgg","Odd Mushroom","Busted Crown","Ancient Tea Set"],"acts_visited":["Exordium","TheCity"],"potions_floor_usage":[],"damage_taken":[{"damage":0,"enemies":"2 Louse","floor":2,"turns":2},{"damage":0,"enemies":"Cultist","floor":3,"turns":3},{"damage":0,"enemies":"Jaw Worm","floor":4,"turns":1},{"damage":2,"enemies":"Large Slime","floor":5,"turns":6},{"damage":26,"enemies":"2 Fungi Beasts","floor":6,"turns":4},{"damage":7,"enemies":"Blue Slaver","floor":8,"turns":4},{"damage":2,"enemies":"downfall:FleeingMerchant","floor":9,"turns":4},{"damage":5,"enemies":"Lagavulin","floor":10,"turns":5},{"damage":7,"enemies":"Large Slime","floor":12,"turns":4},{"damage":13,"enemies":"The Mushroom Lair","floor":14,"turns":4},{"damage":6,"enemies":"2 Fungi Beasts","floor":15,"turns":3},{"damage":20,"enemies":"SI_SHIV_ARCHETYPE","floor":16,"turns":5},{"damage":10,"enemies":"Spheric Guardian","floor":19,"turns":5},{"damage":22,"enemies":"3 Byrds","floor":21,"turns":6},{"damage":24,"enemies":"Snecko","floor":22,"turns":5},{"damage":20,"enemies":"Cultist and Chosen","floor":23,"turns":5},{"damage":20,"enemies":"Sentry and Sphere","floor":25,"turns":3}],"seed_played":"-1545035040431265452","potions_obtained":[],"is_trial":false,"path_per_floor":["R","M","M","M","M","M","T","M","$","E","?","M","R","?","M","B",null,"R","M","?","M","M","M","T","M"],"character_chosen":"THE_SNECKO","items_purchased":["expansioncontent:StudyTheSpire","sneckomod:UnknownUncommonPower"],"campfire_rested":0,"item_purchase_floors":[9,9],"current_hp_per_floor":[90,90,90,90,88,62,62,55,53,48,48,41,41,28,22,12,90,90,80,80,58,34,14,14,0,0,0],"gold":318,"neow_bonus":"BOSS_RELIC","is_daily":false,"chose_seed":false,"campfire_upgraded":3,"win_rate":0.0,"timestamp":1613593622,"path_taken":["R","M","M","M","M","M","T","M","$","E","?","M","R","?","M","BOSS","R","M","?","M","M","?","T","M"],"items_purchased_type":["Card","Card"],"build_version":"2020-12-22","purchased_purges":0,"victory":false,"max_hp_per_floor":[90,90,90,90,90,90,90,90,90,90,90,90,90,90,90,90,90,90,90,90,90,90,90,90,90,90,90],"card_choices":[{"not_picked":["sneckomod:SlitherStrike","sneckomod:RainOfDice"],"picked":"sneckomod:Nope","floor":2},{"not_picked":["sneckomod:DiceCrush","sneckomod:SerpentIdol"],"picked":"sneckomod:UnknownDraw","floor":3},{"not_picked":["sneckomod:Unknown1Cost","sneckomod:UnknownUncommonPower"],"picked":"sneckomod:SoulDraw","floor":4},{"not_picked":["sneckomod:UnknownCommonAttack","sneckomod:IronFang"],"picked":"sneckomod:QuickMove","floor":5},{"not_picked":["sneckomod:GlitteringGambit","sneckomod:DiceCrush"],"picked":"sneckomod:QuickMove","floor":6},{"not_picked":["sneckomod:UnknownCommonAttack","sneckomod:SnakeSap"],"picked":"sneckomod:WideSting","floor":8},{"not_picked":["sneckomod:TrashToTreasure","sneckomod:DiceBlock"],"picked":"sneckomod:UnendingSupply","floor":9},{"not_picked":["sneckomod:UnknownCommonAttack+1","sneckomod:PureSnecko","sneckomod:ImprovisedAttack"],"picked":"SKIP","floor":10},{"not_picked":["sneckomod:WideSting","sneckomod:SnekBeam","sneckomod:SoulDraw"],"picked":"SKIP","floor":12},{"not_picked":["sneckomod:WideSting","sneckomod:SoulDraw"],"picked":"sneckomod:SerpentMind","floor":15},{"not_picked":["sneckomod:Unknown3Cost+1","sneckomod:Restock"],"picked":"sneckomod:UnknownRarePower+1","floor":16},{"not_picked":["sneckomod:RainOfDice+1"],"picked":"SKIP","floor":19},{"not_picked":["sneckomod:SnakeSap"],"picked":"SKIP","floor":21},{"not_picked":[],"picked":"sneckomod:TrashToTreasure+1","floor":22},{"not_picked":["sneckomod:RainOfDice"],"picked":"SKIP","floor":23}],"player_experience":332428,"relics_obtained":[{"floor":7,"key":"Letter Opener"},{"floor":10,"key":"sneckomod:UnknownEgg"},{"floor":14,"key":"Odd Mushroom"},{"floor":24,"key":"Ancient Tea Set"}],"event_choices":[{"damage_healed":0,"gold_gain":0,"player_choice":"Fought Mushrooms","damage_taken":0,"max_hp_gain":0,"max_hp_loss":0,"event_name":"Mushrooms","floor":14,"gold_loss":0}],"is_beta":false,"boss_relics":[{"not_picked":["expansioncontent:StudyCardRelic","Fusion Hammer"],"picked":"Busted Crown"}],"items_purged_floors":[],"is_endless":false,"potions_floor_spawned":[4,5,10,14,15,21,22,23],"killed_by":"Sentry and Sphere","ascension_level":0}}