{"host":"5qewjvycy34u7aeo","time":1613558875,"event":{"mods":["BaseMod","Downfall","GifTheSpireLib","Hubris","Infinite Spire","Minty Spire (QoL Compilation)","Permanent Neow","Replay The Spire","StSLib","Wandering Minibosses"],"gold_per_floor":[109,109,109,134,22,22,22,22,22,46,69,69,82,98,98,229,229,254,277,20,20,13,54,54,78,78,94,109,109,142,108,108,218,218,249,282,282,314,345,345,378,413,440,440,440,440],"floor_reached":45,"language":"ENG","playtime":3595,"items_purged":["Strike_B","Strike_B","Defend_B"],"score":686,"play_id":"566afde1-4e7d-463e-a305-b29890242426","local_time":"20210217044755","is_ascension_mode":true,"campfire_choices":[{"data":"ReplayGash","floor":6.0,"key":"SMITH"},{"data":"Scrape","floor":8.0,"key":"SMITH"},{"data":"Reprogram","floor":15.0,"key":"SMITH"},{"floor":29.0,"key":"REST"},{"data":"infinitespire:Oblivion","floor":32.0,"key":"SMITH"},{"floor":40,"key":"REST"}],"circlet_count":0,"master_deck":["Defend_B","Defend_B","Defend_B","Zap","Dualcast","ReplayGash+1","Genetic Algorithm","infinitespire:Oblivion+1","Scrape+1","Go for the Eyes","Sweeping Beam","Leap","Reprogram+1","Reboot","Steam","Go for the Eyes","Gash","Go for the Eyes","Core Surge","infinitespire:SevenWalls","Go for the Eyes+1","FTL+1"],"relics":["Cracked Core","hubris:TenFootPole","infinitespire:Joker Card","Inserter","Pear","Bag of Preparation","Replay:Towering Pillar of Hats","infinitespire:EvilPickle","hubris:TerracottaHorce","SlaversCollar","Replay:Bottled Flurry","Art of War"],"acts_visited":["Exordium","TheCity","TheBeyond"],"potions_floor_usage":[],"damage_taken":[{"damage":1.0,"enemies":"Cultist","floor":1.0,"turns":3.0},{"damage":0.0,"enemies":"Small Slimes","floor":10.0,"turns":2.0},{"damage":5.0,"enemies":"Jaw Worm","floor":11.0,"turns":3.0},{"damage":1.0,"enemies":"Blue Slaver","floor":13.0,"turns":2.0},{"damage":0.0,"enemies":"Large Slime","floor":14.0,"turns":3.0},{"damage":3.0,"enemies":"The Guardian","floor":16.0,"turns":8.0},{"damage":9.0,"enemies":"Chosen","floor":18.0,"turns":4.0},{"damage":0.0,"enemies":"Spheric Guardian","floor":19.0,"turns":4.0},{"damage":23.0,"enemies":"Snecko","floor":22.0,"turns":5.0},{"damage":12.0,"enemies":"Gremlin Leader","floor":23.0,"turns":6.0},{"damage":2.0,"enemies":"Centurion and Healer","floor":25.0,"turns":5.0},{"damage":0.0,"enemies":"3 Cultists","floor":27.0,"turns":5.0},{"damage":20.0,"enemies":"Snake Plant","floor":28.0,"turns":5.0},{"damage":6.0,"enemies":"Slavers","floor":30.0,"turns":4.0},{"damage":8.0,"enemies":"Centurion and Healer","floor":31.0,"turns":7.0},{"damage":24.0,"enemies":"Pondfish","floor":33.0,"turns":12.0},{"damage":22.0,"enemies":"3 Shapes","floor":35.0,"turns":5.0},{"damage":13,"enemies":"3 Darklings","floor":36,"turns":5},{"damage":0,"enemies":"Maw","floor":38,"turns":8},{"damage":25,"enemies":"Jaw Worm Horde","floor":39,"turns":4},{"damage":6,"enemies":"Spire Growth","floor":41,"turns":5},{"damage":1,"enemies":"Transient","floor":42,"turns":5},{"damage":23,"enemies":"Reptomancer","floor":45,"turns":2}],"seed_played":"629294748145054864","potions_obtained":[{"floor":11.0,"key":"Block Potion"},{"floor":13.0,"key":"Adrenaline Potion"},{"floor":16.0,"key":"hexamod:SoulburnPotion"},{"floor":19.0,"key":"hexamod:SoulburnPotion"},{"floor":22.0,"key":"Adrenaline Potion"},{"floor":24.0,"key":"hexamod:SoulburnPotion"},{"floor":24.0,"key":"Guardian:BlockOnCardUsePotion"},{"floor":30.0,"key":"BlessingOfTheForge"},{"floor":31.0,"key":"Guardian:BlockOnCardUsePotion"},{"floor":38,"key":"Ancient Potion"}],"is_trial":false,"path_per_floor":["M","?","?","T","$","R","?","R","T","M","M","?","M","M","R","B",null,"M","M","$","?","M","E","?","M","T","M","M","R","E","M","R","B",null,"M","M","AVR","M","M","R","M","M","T","?","E"],"character_chosen":"DEFECT","items_purchased":["Scrape","hubris:BallOfYels"],"campfire_rested":2,"item_purchase_floors":[5,20],"current_hp_per_floor":[74,74,56,56,56,56,47,47,47,47,42,42,41,41,41,38,75,66,66,66,63,40,38,38,36,36,36,16,41,35,27,27,3,65,43,30,30,30,5,30,24,23,23,23,0,0],"gold":440,"neow_bonus":"THREE_CARDS","is_daily":false,"chose_seed":false,"campfire_upgraded":4,"win_rate":0.0,"timestamp":1613558875,"path_taken":["M","?","?","?","?","R","?","R","T","M","M","?","M","M","R","BOSS","M","?","$","?","?","E","?","M","T","M","M","R","E","M","R","BOSS","M","?","AVR","M","M","R","M","?","T","?","E"],"items_purchased_type":["Card","Relic"],"build_version":"2020-12-22","purchased_purges":3,"victory":false,"max_hp_per_floor":[75,75,75,75,75,75,75,75,75,75,75,75,75,75,75,75,75,75,75,75,75,75,85,85,85,85,85,85,85,85,85,85,85,85,85,85,85,85,85,85,85,85,85,85,85,85],"card_choices":[{"not_picked":["Sweeping Beam","Loop"],"picked":"ReplayGash","floor":0.0},{"not_picked":["Capacitor","Glacier"],"picked":"Genetic Algorithm","floor":1.0},{"not_picked":["infinitespire:FinalStrike","infinitespire:Menacing"],"picked":"infinitespire:Oblivion","floor":3.0},{"not_picked":["Steam","hubris:Ukulele"],"picked":"Go for the Eyes","floor":10.0},{"not_picked":["Rebound","Cold Snap"],"picked":"Sweeping Beam","floor":11.0},{"not_picked":["Darkness","BasicCrystalCard","Ball Lightning"],"picked":"SKIP","floor":13.0},{"not_picked":["Stack","ReplayTheSpireMod:Repulse"],"picked":"Reprogram","floor":14.0},{"not_picked":["hubris:Prefetch","Biased Cognition"],"picked":"Reboot","floor":16.0},{"not_picked":["Auto Shields","Barrage+1","Defragment+1"],"picked":"SKIP","floor":18.0},{"not_picked":["Barrage","BootSequence"],"picked":"Steam","floor":19.0},{"not_picked":["Chaos","Reinforced Body"],"picked":"Go for the Eyes","floor":22.0},{"not_picked":["Redo+1","Sweeping Beam+1","Cold Snap"],"picked":"SKIP","floor":23.0},{"not_picked":["Leap+1","Biased Cognition"],"picked":"Gash","floor":25.0},{"not_picked":["Conserve Battery","FTL"],"picked":"Go for the Eyes","floor":27.0},{"not_picked":["Undo","Streamline","Leap"],"picked":"SKIP","floor":28.0},{"not_picked":["Blizzard","Panic Button+1","Barrage"],"picked":"SKIP","floor":30.0},{"not_picked":["Sweeping Beam","Streamline","Ball Lightning+1"],"picked":"SKIP","floor":31.0},{"not_picked":["Fission","Hyperbeam"],"picked":"Core Surge","floor":33.0},{"not_picked":["Panic Button","Hologram+1","Redo+1"],"picked":"SKIP","floor":35.0},{"not_picked":["Leap","Cold Snap+1","Stack+1"],"picked":"SKIP","floor":36},{"not_picked":["Leap","Static Discharge","Panic Button"],"picked":"SKIP","floor":38},{"not_picked":["Panic Button","Rebound","Tempest"],"picked":"SKIP","floor":39},{"not_picked":["Streamline","Rebound"],"picked":"Go for the Eyes+1","floor":41},{"not_picked":["Chill+1","Cold Snap+1"],"picked":"FTL+1","floor":42}],"player_experience":441550,"relics_obtained":[{"floor":4.0,"key":"hubris:TenFootPole"},{"floor":9.0,"key":"infinitespire:Joker Card"},{"floor":23.0,"key":"Pear"},{"floor":26.0,"key":"Bag of Preparation"},{"floor":30.0,"key":"Replay:Towering Pillar of Hats"},{"floor":43,"key":"Art of War"}],"event_choices":[{"cards_removed":["Strike_B"],"damage_healed":0.0,"max_hp_gain":0.0,"max_hp_loss":0.0,"gold_gain":0.0,"event_name":"Living Wall","player_choice":"Forget","floor":2.0,"gold_loss":0.0,"damage_taken":0.0},{"damage_healed":0.0,"max_hp_gain":0.0,"max_hp_loss":0.0,"gold_gain":0.0,"event_name":"Golden Idol","player_choice":"Take Damage","floor":7.0,"gold_loss":0.0,"damage_taken":18.0,"relics_obtained":["Golden Idol"]},{"damage_healed":0.0,"max_hp_gain":0.0,"max_hp_loss":0.0,"gold_gain":0.0,"cards_transformed":["Strike_B"],"event_name":"Transmorgrifier","player_choice":"Transformed","floor":12.0,"gold_loss":0.0,"damage_taken":0.0,"cards_obtained":["Leap"]},{"damage_healed":0.0,"max_hp_gain":0.0,"max_hp_loss":0.0,"gold_gain":0.0,"event_name":"Wheel of Change","player_choice":"Damaged","floor":21.0,"gold_loss":0.0,"damage_taken":7.0},{"damage_healed":0.0,"max_hp_gain":0.0,"max_hp_loss":0.0,"gold_gain":0.0,"event_name":"Lab","player_choice":"Got Potions","floor":24.0,"gold_loss":0.0,"damage_taken":0.0}],"is_beta":false,"boss_relics":[{"not_picked":["hubris:CrackedHourglass","hubris:BlackHole"],"picked":"Inserter"},{"not_picked":["SacredBark","FrozenCore"],"picked":"hubris:TerracottaHorce"}],"items_purged_floors":[5,20,37],"is_endless":false,"potions_floor_spawned":[11,13,16,19,22,27,30,31,38,39,41],"killed_by":"Reptomancer","ascension_level":2}}