{"host":"7s2d9a8gejctdvjm","time":1613590918,"event":{"mods":["BaseMod","Downfall","Hermit","Marisa????????","Minty Spire (QoL Compilation)","StSLib","The Servant 0.9.4"],"gold_per_floor":[99,118,136,154,168,203,203,203,213,213,227,242,272,287,303,400,400,300,317,150,164,149,149,175,175,192,219,219,219,219,219],"floor_reached":29,"language":"ENG","playtime":2246,"items_purged":[],"score":259,"play_id":"bf65e87d-7fac-4f90-8a2d-4757fa27131e","local_time":"20210217114158","is_ascension_mode":false,"campfire_choices":[{"data":"champ:Execute","floor":1,"key":"SMITH"},{"data":"champ:Taunt","floor":8,"key":"SMITH"},{"data":"champ:StanceDance","floor":18,"key":"SMITH"},{"floor":28,"key":"RECALL"}],"circlet_count":0,"master_deck":["champ:Strike","champ:Strike","champ:Strike","champ:Strike","champ:Defend","champ:Defend","champ:Defend","champ:Defend","champ:Execute+1","champ:Taunt+1","champ:DefensiveShout","champ:IronFortress","champ:FanOfKnives","champ:FalseCounter","champ:SkillfulDodge","champ:FlashCut","champ:RecklessLeap","champ:VampiricStrike","champ:ShieldSlam","champ:StrikeOfGenius","champ:Duel","champ:EnGarde","champ:StanceDance+1","champ:Devastate","champ:ShieldWall","downfall:Haunted","downfall:Bewildered"],"relics":["champ:ChampionCrown","InkBottle","Meat on the Bone","Matryoshka","Cursed Key","downfall:HeartBlessingGreen","Chemical X","Boot","sneckomod:BabySnecko","Toxic Egg 2"],"acts_visited":["Exordium","TheCity"],"potions_floor_usage":[13,16,29],"damage_taken":[{"damage":26,"enemies":"Jaw Worm","floor":2,"turns":3},{"damage":10,"enemies":"Cultist","floor":3,"turns":3},{"damage":6,"enemies":"2 Louse","floor":4,"turns":3},{"damage":24,"enemies":"2 Fungi Beasts","floor":5,"turns":4},{"damage":46,"enemies":"3 Sentries","floor":6,"turns":7},{"damage":35,"enemies":"Large Slime","floor":9,"turns":7},{"damage":15,"enemies":"downfall:LooterAlt","floor":11,"turns":2},{"damage":16,"enemies":"2 Fungi Beasts","floor":12,"turns":5},{"damage":16,"enemies":"Gremlin Nob","floor":13,"turns":4},{"damage":27,"enemies":"Gremlin Gang","floor":14,"turns":5},{"damage":0,"enemies":"Blue Slaver","floor":15,"turns":3},{"damage":26,"enemies":"SI_SHIV_ARCHETYPE","floor":16,"turns":7},{"damage":11,"enemies":"3 Byrds","floor":19,"turns":4},{"damage":15,"enemies":"downfall:FleeingMerchant","floor":20,"turns":4},{"damage":1,"enemies":"downfall:LooterAlt2","floor":21,"turns":4},{"damage":30,"enemies":"downfall:FleeingMerchant","floor":22,"turns":4},{"damage":22,"enemies":"Centurion and Healer","floor":26,"turns":5},{"damage":70,"enemies":"Gremlin Leader","floor":27,"turns":8},{"damage":40,"enemies":"Slavers","floor":29,"turns":3}],"seed_played":"-5900861864604713498","potions_obtained":[{"floor":3,"key":"EssenceOfSteel"},{"floor":6,"key":"champ:TechniquePotion"},{"floor":9,"key":"hexamod:SoulburnPotion"},{"floor":15,"key":"PowerPotion"},{"floor":16,"key":"champ:OpenerPotion"}],"is_trial":false,"path_per_floor":["R","M","M","M","M","E","T","R","M","?","M","M","E","M","M","B",null,"R","M","$","M","$","?","T","?","M","E","R","E"],"character_chosen":"THE_CHAMP","items_purchased":["Chemical X"],"campfire_rested":0,"item_purchase_floors":[20],"current_hp_per_floor":[99,93,93,92,83,57,57,57,59,59,71,65,59,59,59,55,99,99,98,98,97,87,87,87,87,75,37,37,0,0,0],"gold":219,"neow_bonus":"TEN_PERCENT_HP_BONUS","is_daily":false,"chose_seed":false,"campfire_upgraded":3,"win_rate":0.0,"timestamp":1613590918,"path_taken":["R","M","M","M","M","E","T","R","M","?","M","M","E","M","M","BOSS","R","M","$","M","$","?","T","?","M","E","R","E"],"items_purchased_type":["Relic"],"build_version":"2020-12-22","purchased_purges":0,"victory":false,"max_hp_per_floor":[99,99,99,99,99,99,99,99,99,99,99,99,99,99,99,99,99,99,99,99,99,99,99,99,99,99,99,99,99,99,99],"card_choices":[{"not_picked":["champ:ShieldSlam","champ:Shatter"],"picked":"champ:DefensiveShout","floor":2},{"not_picked":["champ:EnGarde","champ:SetATrap"],"picked":"champ:IronFortress","floor":3},{"not_picked":["champ:Shatter","champ:HeartStrike"],"picked":"champ:FanOfKnives","floor":4},{"not_picked":["champ:DeathBlow","champ:FlashCut"],"picked":"champ:FalseCounter","floor":5},{"not_picked":["champ:RecklessLeap","champ:ShieldThrow"],"picked":"champ:SkillfulDodge","floor":6},{"not_picked":["champ:RecklessLeap","champ:DefensiveShout"],"picked":"champ:FlashCut","floor":9},{"not_picked":["champ:FanOfKnives","champ:FalseCounter"],"picked":"champ:ShieldSlam","floor":11},{"not_picked":["champ:DeathBlow","champ:Parry"],"picked":"champ:StrikeOfGenius","floor":12},{"not_picked":["champ:FalseCounter","champ:GutPunch"],"picked":"champ:Duel","floor":13},{"not_picked":["champ:PreciseThrust","champ:MurderStrike"],"picked":"champ:EnGarde","floor":14},{"not_picked":["champ:FlashCut","champ:IronFortress"],"picked":"champ:StanceDance","floor":15},{"not_picked":["champ:HeavySlash","champ:DancingMaster"],"picked":"champ:Devastate","floor":16},{"not_picked":["champ:Duel+1","champ:BerserkersShout"],"picked":"champ:ShieldWall","floor":19},{"not_picked":["champ:Parry","champ:EnGarde","champ:PerfectedStrike"],"picked":"SKIP","floor":20},{"not_picked":["champ:Backstep+1","champ:EnGarde+1","champ:Shatter"],"picked":"SKIP","floor":21},{"not_picked":["champ:ShieldSlam","champ:FanOfKnives","champ:ShieldWall"],"picked":"SKIP","floor":22},{"not_picked":["champ:FancyFootwork","champ:RapidStrikes+1","champ:Backstep"],"picked":"SKIP","floor":26},{"not_picked":["champ:SkillfulDodge+1","champ:FlashCut+1","champ:CheapShot"],"picked":"SKIP","floor":27}],"player_experience":35803,"relics_obtained":[{"floor":6,"key":"InkBottle"},{"floor":7,"key":"Meat on the Bone"},{"floor":13,"key":"Matryoshka"},{"floor":24,"key":"Boot"},{"floor":27,"key":"Toxic Egg 2"}],"event_choices":[],"is_beta":false,"boss_relics":[{"not_picked":["SacredBark","Snecko Eye"],"picked":"Cursed Key"}],"items_purged_floors":[],"is_endless":false,"potions_floor_spawned":[3,6,9,15,16,21,26,27],"killed_by":"Slavers","ascension_level":0}}