{"host":"tpad8qsc9e0g0pa5","time":1613560967,"event":{"mods":["BaseMod","Minty Spire (QoL Compilation)","Quick Restart","StSLib","Together in Spire"],"gold_per_floor":[11,11,29,29,42,42,71,71,83,127,139,151,1,14,14,117,117,128,227,245,245,119,145,163,80,107,120,137,66,66,79,79,79,79],"floor_reached":33,"language":"ZHS","playtime":1852,"items_purged":["Strike_P"],"score":275,"play_id":"27e0e143-8050-4c07-a982-3fc7478345a6","local_time":"20210217192247","is_ascension_mode":false,"campfire_choices":[{"data":"The Bomb","floor":6.0,"key":"SMITH"},{"floor":15.0,"key":"REST"},{"floor":32,"key":"REST"}],"circlet_count":0,"master_deck":["Strike_P","Defend_P","Defend_P","Eruption","Vigilance","The Bomb+1","InnerPeace","JustLucky","EmptyMind+1","WindmillStrike","Omniscience","LikeWater","Vault+1","Protect","ThirdEye","EmptyBody","ThirdEye","MentalFortress","PanicButton","LikeWater","Omniscience"],"relics":["HolyWater","Matryoshka","MawBank","Shuriken","StrikeDummy","Letter Opener","Dream Catcher","Bag of Preparation","War Paint"],"acts_visited":[],"potions_floor_usage":[33,33],"damage_taken":[{"damage":0.0,"enemies":"Small Slimes","floor":1.0,"turns":3.0},{"damage":0.0,"enemies":"2 Louse","floor":3.0,"turns":3.0},{"damage":9.0,"enemies":"Cultist","floor":5.0,"turns":5.0},{"damage":20.0,"enemies":"Gremlin Nob","floor":7.0,"turns":4.0},{"damage":24.0,"enemies":"Lagavulin","floor":10.0,"turns":6.0},{"damage":11.0,"enemies":"3 Louse","floor":14.0,"turns":3.0},{"damage":13.0,"enemies":"Hexaghost","floor":16.0,"turns":5.0},{"damage":3.0,"enemies":"Chosen","floor":18.0,"turns":3.0},{"damage":1.0,"enemies":"Shell Parasite","floor":20.0,"turns":3.0},{"damage":34.0,"enemies":"Slavers","floor":23.0,"turns":5.0},{"damage":0.0,"enemies":"Centurion and Healer","floor":24.0,"turns":5.0},{"damage":9.0,"enemies":"Snake Plant","floor":27.0,"turns":3.0},{"damage":0,"enemies":"3 Cultists","floor":28,"turns":4},{"damage":0,"enemies":"Snecko","floor":31,"turns":6},{"damage":46,"enemies":"Champ","floor":33,"turns":15}],"seed_played":"-373994783135104403","potions_obtained":[{"floor":1.0,"key":"PowerPotion"},{"floor":3.0,"key":"PowerPotion"},{"floor":14.0,"key":"Weak Potion"},{"floor":16.0,"key":"PowerPotion"},{"floor":18.0,"key":"PowerPotion"},{"floor":23.0,"key":"PowerPotion"},{"floor":24.0,"key":"PowerPotion"},{"floor":31,"key":"LiquidBronze"}],"is_trial":false,"path_per_floor":["M","?","M","?","M","R","E","?","T","E","?","?","$","M","R","B",null,"M","?","M","?","$","E","M","$","T","M","M","$","?","M","R","B"],"character_chosen":"WATCHER","items_purchased":["Omniscience","LikeWater","ThirdEye","PanicButton","LikeWater"],"campfire_rested":2,"item_purchase_floors":[13,13,22,25,29],"current_hp_per_floor":[72,72,72,72,63,63,43,43,43,19,12,12,12,1,22,9,72,69,69,68,68,68,34,34,34,34,25,25,25,25,25,46,0,0],"gold":79,"neow_bonus":"RANDOM_COLORLESS_2","is_daily":false,"chose_seed":false,"campfire_upgraded":1,"win_rate":0.0,"timestamp":1613560967,"path_taken":["M","?","M","?","M","R","E","?","T","E","?","?","$","M","R","BOSS","M","?","M","?","$","E","M","$","T","M","M","$","?","M","R","BOSS"],"items_purchased_type":["Card","Card","Card","Card","Card"],"build_version":"2020-12-22","purchased_purges":1,"victory":false,"max_hp_per_floor":[72,72,72,72,72,72,72,72,72,72,72,72,72,72,72,72,72,72,72,72,72,72,72,72,72,72,72,72,72,72,72,72,72,72],"card_choices":[{"not_picked":["Secret Technique","Panache"],"picked":"The Bomb","floor":0.0},{"not_picked":["Pray","PathToVictory","SashWhip"],"picked":"SKIP","floor":1.0},{"not_picked":["PathToVictory","Indignation"],"picked":"InnerPeace","floor":3.0},{"not_picked":["SashWhip","Halt"],"picked":"JustLucky","floor":5.0},{"not_picked":["Consecrate","CrushJoints"],"picked":"EmptyMind","floor":7.0},{"not_picked":["Fasting2","Prostrate","EmptyFist"],"picked":"SKIP","floor":10.0},{"not_picked":["Halt","FlurryOfBlows","Weave"],"picked":"SKIP","floor":14.0},{"not_picked":["DeusExMachina","Omniscience"],"picked":"Vault","floor":16.0},{"not_picked":["Vengeance","Collect"],"picked":"Protect","floor":18.0},{"not_picked":["Indignation","BowlingBash"],"picked":"ThirdEye","floor":20.0},{"not_picked":["Weave","JustLucky"],"picked":"MentalFortress","floor":23.0},{"not_picked":["Protect","CrushJoints","SashWhip"],"picked":"SKIP","floor":24.0},{"not_picked":["Consecrate","CrushJoints","EmptyMind"],"picked":"SKIP","floor":27},{"not_picked":["Fasting2","Prostrate+1","EmptyFist"],"picked":"SKIP","floor":28},{"not_picked":["Halt+1","FlurryOfBlows","Weave"],"picked":"SKIP","floor":31},{"not_picked":["Evaluate+1","BattleHymn"],"picked":"Omniscience","floor":32}],"player_experience":323303,"relics_obtained":[{"floor":7.0,"key":"Matryoshka"},{"floor":9.0,"key":"Shuriken"},{"floor":9.0,"key":"StrikeDummy"},{"floor":10.0,"key":"Letter Opener"},{"floor":23.0,"key":"Dream Catcher"},{"floor":26.0,"key":"Bag of Preparation"},{"floor":26.0,"key":"War Paint"}],"event_choices":[{"cards_removed":["Strike_P"],"damage_healed":0.0,"max_hp_gain":0.0,"max_hp_loss":0.0,"gold_gain":0.0,"event_name":"Living Wall","player_choice":"Forget","floor":2.0,"gold_loss":0.0,"damage_taken":0.0},{"damage_healed":0.0,"max_hp_gain":0.0,"max_hp_loss":0.0,"gold_gain":0.0,"event_name":"Liars Game","player_choice":"Ignored","floor":4.0,"gold_loss":0.0,"damage_taken":0.0},{"damage_healed":0.0,"max_hp_gain":0.0,"max_hp_loss":0.0,"gold_gain":0.0,"event_name":"Dead Adventurer","player_choice":"Searched \u00272\u0027 times","floor":8.0,"gold_loss":0.0,"damage_taken":0.0,"relics_obtained":["MawBank"]},{"cards_removed":["Strike_P"],"damage_healed":0.0,"max_hp_gain":0.0,"max_hp_loss":0.0,"gold_gain":0.0,"event_name":"Golden Wing","player_choice":"Card Removal","floor":11.0,"gold_loss":0.0,"damage_taken":7.0},{"damage_healed":0.0,"max_hp_gain":0.0,"max_hp_loss":0.0,"gold_gain":0.0,"cards_transformed":["Defend_P"],"event_name":"Transmorgrifier","player_choice":"Transformed","floor":12.0,"gold_loss":0.0,"damage_taken":0.0,"cards_obtained":["WindmillStrike"]},{"damage_healed":0.0,"max_hp_gain":0.0,"max_hp_loss":0.0,"gold_gain":99.0,"event_name":"Nest","player_choice":"Stole From Cult","floor":19.0,"gold_loss":0.0,"damage_taken":0.0},{"damage_healed":0.0,"max_hp_gain":0.0,"max_hp_loss":0.0,"gold_gain":0.0,"event_name":"The Library","player_choice":"Read","floor":21.0,"gold_loss":0.0,"damage_taken":0.0,"cards_obtained":["EmptyBody"]},{"cards_removed":["Defend_P"],"damage_healed":0,"gold_gain":0,"player_choice":"Elegance","damage_taken":0,"max_hp_gain":0,"max_hp_loss":0,"event_name":"Back to Basics","floor":30,"gold_loss":0}],"is_beta":false,"boss_relics":[{"not_picked":["Pandora\u0027s Box","Busted Crown"],"picked":"HolyWater"}],"items_purged_floors":[22],"is_endless":false,"potions_floor_spawned":[1,3,14,16,18,23,24,31],"killed_by":"Champ","ascension_level":0}}