{"host":"hygln5axy5suw4oc","time":1613593564,"event":{"mods":["BaseMod","Colored Powertips","Custom Start","Infinite Spire","Minty Spire (QoL Compilation)","Replay The Spire","StSLib"],"gold_per_floor":[99,9371,9016,9035,9054,9054,9054,9089,9116,9116,9116,9116,9131,9131,9156,9156,9156,9257,9257,9272,9371,9371,9371,9396,9396,9396,9406,9430,9430,9430,8615,8632,8632,8632,8731,8831,8845,8845,8857,8857,8957,8982,8997,8997,8997,8997,8997,8997,8997,8997,8997,8997],"floor_reached":53,"language":"ENG","playtime":2669,"items_purged":["Alpha","MasterReality","ReplayTheSpireMod:Splinters","SpiritShield+1"],"score":823,"play_id":"aded4913-88bb-43cb-9a0e-b68c2450b1cd","local_time":"20210217152604","daily_mods":["Shiny","Vintage","Flight"],"is_ascension_mode":false,"campfire_choices":[{"data":"Omniscience","floor":6,"key":"SMITH"},{"data":"DevaForm","floor":14,"key":"SMITH"},{"data":"Wish","floor":17,"key":"SMITH"},{"data":"infinitespire:Collect","floor":25,"key":"SMITH"},{"data":"infinitespire:NeuralNetwork","floor":26,"key":"SMITH"},{"data":"Doppelganger","floor":29,"key":"SMITH"},{"data":"DeusExMachina","floor":34,"key":"SMITH"},{"floor":46,"key":"DIG"},{"floor":47,"key":"DIG"},{"floor":48,"key":"DIG"},{"floor":49,"key":"REST"}],"circlet_count":0,"master_deck":["Brilliance","Devotion","Replay:AllIn+1","LessonLearned+1","Vault+1","Establishment+1","Replay:LoomingThreat","DeusExMachina+1","Judgement","ConjureBlade+1","Ragnarok+1","Scrawl","Wish+1","Omniscience+1","DevaForm+1","Collect+1","FlurryOfBlows","Conclude+1","Doppelganger+1","infinitespire:NeuralNetwork+1","infinitespire:Collect+1","infinitespire:DeathsTouch+1","Tantrum+1","infinitespire:Fortify","Establishment+1","Replay:Fractal Strike+1"],"relics":["Replay:M_StaffOfTheSnake","Meat on the Bone","Oddly Smooth Stone","Guide Book","Bag of Preparation","OrangePellets","infinitespire:Bottled Soul","MealTicket","Molten Egg 2","Orichalcum","Replay:Mystery Machine","Blood Vial","Odd Mushroom","SlaversCollar","Snack Pack","ReplayTheSpireMod:TigerMarble","Sozu","Ring of Searing","ReplayFunnel","Happy Flower","infinitespire:PuzzleCube","Shuriken","Lee\u0027s Waffle","infinitespire:WardingShard","infinitespire:Broken Mirror","Replay:Wanted Poster","Whetstone","FossilizedHelix","infinitespire:Satchel","Replay:Multitool","Lantern","Replay:Wax Seal","Kunai","Akabeko","DollysMirror"],"acts_visited":["Exordium","TheCity","TheBeyond"],"potions_floor_usage":[],"damage_taken":[{"damage":0,"enemies":"Cultist","floor":4,"turns":2},{"damage":11,"enemies":"Jaw Worm","floor":5,"turns":2},{"damage":45,"enemies":"3 Sentries","floor":8,"turns":6},{"damage":0,"enemies":"2 Louse","floor":13,"turns":3},{"damage":3,"enemies":"The Mushroom Lair","floor":15,"turns":3},{"damage":3,"enemies":"Fading Forest","floor":18,"turns":10},{"damage":6,"enemies":"3 Byrds","floor":20,"turns":6},{"damage":10,"enemies":"Shell Parasite","floor":27,"turns":3},{"damage":5,"enemies":"Centurion and Healer","floor":32,"turns":2},{"damage":0,"enemies":"Automaton","floor":35,"turns":4},{"damage":13,"enemies":"3 Darklings","floor":37,"turns":2},{"damage":0,"enemies":"Orb Walker","floor":39,"turns":1},{"damage":0,"enemies":"Nemesis","floor":42,"turns":1},{"damage":31,"enemies":"4 Shapes","floor":43,"turns":3},{"damage":48,"enemies":"Donu and Deca","floor":52,"turns":4}],"seed_played":"4280707174117037865","potions_obtained":[{"floor":5,"key":"PowerPotion"},{"floor":8,"key":"PowerPotion"},{"floor":18,"key":"Swift Potion"},{"floor":20,"key":"Fire Potion"}],"is_trial":true,"path_per_floor":["?","$","$","M","M","R","?","E","T","?","PTL","PTL","M","R","?","?","R","B",null,"M","?","AVR","?","T","R","R","M","T","R","?","$","M","?","R","B",null,"M","?","M","?","?","E","M","?","T","R","R","R","R","AVR","R","B",null],"character_chosen":"WATCHER","items_purchased":["Collect+1","Meat on the Bone","Oddly Smooth Stone","Guide Book","Bag of Preparation","OrangePellets","FlurryOfBlows","Shuriken","Lee\u0027s Waffle","infinitespire:WardingShard","Tantrum+1"],"campfire_rested":1,"item_purchase_floors":[2,2,2,2,3,3,3,31,31,31,31],"current_hp_per_floor":[72,72,72,72,61,61,54,21,21,21,21,21,33,33,44,44,44,53,72,66,66,66,66,66,66,66,58,58,58,72,79,74,59,59,63,84,73,84,84,84,84,84,53,53,53,53,53,53,78,78,84,52],"gold":8997,"neow_bonus":"","is_daily":false,"chose_seed":false,"campfire_upgraded":7,"win_rate":0.0,"timestamp":1613593564,"path_taken":["?","$","$","M","M","R","?","E","T","?","PTL","PTL","?","R","?","?","R","BOSS","M","?","AVR","?","?","R","R","?","T","R","?","$","M","?","R","BOSS","M","?","?","?","?","E","?","?","T","R","R","R","R","AVR","R","BOSS"],"items_purchased_type":["Card","Relic","Relic","Relic","Relic","Relic","Card","Relic","Relic","Relic","Card"],"build_version":"2020-12-22","purchased_purges":4,"victory":true,"max_hp_per_floor":[72,72,72,72,72,72,72,72,72,72,72,72,72,72,72,72,72,72,72,72,72,72,72,72,72,72,72,72,72,72,79,79,84,84,84,84,84,84,84,84,84,84,84,84,84,84,84,84,84,84,84,84],"card_choices":[{"not_picked":["PathToVictory","FlyingSleeves+1"],"picked":"Conclude+1","floor":8},{"not_picked":["ConjureBlade","Brilliance+1"],"picked":"Doppelganger","floor":18},{"not_picked":["ThirdEye","WindmillStrike+1","Weave+1"],"picked":"SKIP","floor":42}],"player_experience":436251,"relics_obtained":[{"floor":4,"key":"infinitespire:Bottled Soul"},{"floor":5,"key":"MealTicket"},{"floor":8,"key":"Molten Egg 2"},{"floor":9,"key":"Orichalcum"},{"floor":13,"key":"Blood Vial"},{"floor":15,"key":"Odd Mushroom"},{"floor":20,"key":"Snack Pack"},{"floor":23,"key":"Ring of Searing"},{"floor":24,"key":"ReplayFunnel"},{"floor":27,"key":"Happy Flower"},{"floor":28,"key":"infinitespire:PuzzleCube"},{"floor":32,"key":"infinitespire:Broken Mirror"},{"floor":37,"key":"Whetstone"},{"floor":39,"key":"FossilizedHelix"},{"floor":42,"key":"infinitespire:Satchel"},{"floor":43,"key":"Replay:Multitool"},{"floor":45,"key":"Lantern"},{"floor":46,"key":"Replay:Wax Seal"},{"floor":47,"key":"Kunai"},{"floor":48,"key":"Akabeko"}],"event_choices":[{"cards_removed":["Blasphemy"],"damage_healed":0,"gold_gain":0,"player_choice":"Card Removal","damage_taken":7,"max_hp_gain":0,"max_hp_loss":0,"event_name":"Golden Wing","floor":7,"gold_loss":0},{"damage_healed":0,"gold_gain":0,"player_choice":"Gave Potion","damage_taken":0,"relics_obtained":["Replay:Mystery Machine"],"max_hp_gain":0,"max_hp_loss":0,"event_name":"WeMeetAgain","floor":10,"gold_loss":0},{"damage_healed":0,"gold_gain":0,"player_choice":"Fought Mushrooms","damage_taken":0,"max_hp_gain":0,"max_hp_loss":0,"event_name":"Mushrooms","floor":15,"gold_loss":0},{"damage_healed":0,"gold_gain":99,"player_choice":"Stole From Cult","damage_taken":0,"max_hp_gain":0,"max_hp_loss":0,"event_name":"Nest","floor":21,"gold_loss":0},{"damage_healed":24,"gold_gain":0,"player_choice":"Heal","damage_taken":0,"max_hp_gain":0,"max_hp_loss":0,"event_name":"The Library","floor":30,"gold_loss":0},{"damage_healed":0,"gold_gain":0,"player_choice":"Shed Blood","damage_taken":20,"max_hp_gain":5,"max_hp_loss":0,"event_name":"Forgotten Altar","floor":33,"gold_loss":0},{"damage_healed":11,"gold_gain":0,"player_choice":"Full Heal","damage_taken":0,"max_hp_gain":0,"max_hp_loss":0,"event_name":"Wheel of Change","floor":38,"gold_loss":0},{"damage_healed":0,"gold_gain":0,"player_choice":"Ignored","damage_taken":0,"max_hp_gain":0,"max_hp_loss":0,"event_name":"Tomb of Lord Red Mask","floor":40,"gold_loss":0},{"damage_healed":0,"gold_gain":100,"player_choice":"Pray","damage_taken":0,"max_hp_gain":0,"max_hp_loss":0,"event_name":"Golden Shrine","floor":41,"gold_loss":0},{"damage_healed":0,"gold_gain":0,"player_choice":"Memory 1","damage_taken":0,"max_hp_gain":0,"max_hp_loss":0,"event_name":"SensoryStone","floor":44,"gold_loss":0}],"is_beta":false,"boss_relics":[{"not_picked":["Calling Bell","ReplayTheSpireMod:Onyx Gauntlets"],"picked":"SlaversCollar"},{"not_picked":["Busted Crown","Runic Pyramid"],"picked":"Replay:Wanted Poster"}],"items_purged_floors":[2,22,31,50],"is_endless":false,"potions_floor_spawned":[5,8,18,20,32,37,39],"ascension_level":0}}