{"host":"qy1e0kd24tpj3i2m","time":1613587316,"event":{"mods":["Act Like it!","BaseMod","Better Skull","Better Vampires","Colored Map","Colored Powertips","Curses Come First","Custom Start","Displayed Cursed Tome","Extra Virgin Snecko Oil","Faster Ascension Climbing","Friendly Minions","GifTheSpireLib","Gremlin Skip","Highlight Path","Minty Spire (QoL Compilation)","Permanent Neow","Poor People Problems","Quick Restart","Red Circlet Mod","Relic Filter Mod","Relic Sorter","Reorder Act Four","SacredBarkPlus","Shop Mod","StSLib","SuperFastMode","Transform Curses","没有小屋子和绿帽子啦"],"gold_per_floor":[111,128,53,70,70,70,84,84,84],"floor_reached":8,"language":"ZHS","playtime":277,"items_purged":["Dualcast"],"score":96,"play_id":"bd8aa39b-dd7d-4368-982a-d0d5fd411ad8","local_time":"20210218034156","is_ascension_mode":true,"campfire_choices":[{"data":"Fusion","floor":6,"key":"SMITH"}],"circlet_count":0,"master_deck":["AscendersBane","Strike_B","Strike_B","Strike_B","Strike_B","Defend_B","Defend_B","Defend_B","Defend_B","Go for the Eyes","Self Repair","Conserve Battery","Fusion+1"],"relics":["Coffee Dripper"],"acts_visited":["Exordium"],"potions_floor_usage":[8],"damage_taken":[{"damage":1,"enemies":"Cultist","floor":1,"turns":4},{"damage":4,"enemies":"Jaw Worm","floor":2,"turns":3},{"damage":2,"enemies":"Small Slimes","floor":4,"turns":4},{"damage":4,"enemies":"3 Louse","floor":7,"turns":6},{"damage":20,"enemies":"3 Sentries","floor":8,"turns":4}],"seed_played":"9072740231482401263","potions_obtained":[{"floor":1,"key":"BlessingOfTheForge"},{"floor":7,"key":"CultistPotion"}],"is_trial":false,"path_per_floor":["M","M","$","M","?","R","M","E"],"character_chosen":"DEFECT","items_purchased":[],"campfire_rested":0,"item_purchase_floors":[],"current_hp_per_floor":[63,59,59,64,64,64,67,47,47],"gold":84,"neow_bonus":"BOSS_RELIC","is_daily":false,"chose_seed":false,"campfire_upgraded":1,"win_rate":0.0,"timestamp":1613587316,"path_taken":["M","?","$","?","?","R","M","E"],"items_purchased_type":[],"build_version":"2020-12-22","purchased_purges":1,"victory":false,"max_hp_per_floor":[71,71,71,71,71,71,71,71,71],"card_choices":[{"not_picked":["White Noise","Compile Driver"],"picked":"Go for the Eyes","floor":1},{"not_picked":["Cold Snap","Conserve Battery"],"picked":"Self Repair","floor":2},{"not_picked":["Rebound","Lockon"],"picked":"Conserve Battery","floor":4},{"not_picked":["Ball Lightning","Rebound","Recycle"],"picked":"SKIP","floor":7}],"player_experience":895636,"relics_obtained":[],"event_choices":[{"damage_healed":0,"gold_gain":0,"cards_transformed":["Zap"],"player_choice":"Change","damage_taken":0,"max_hp_gain":0,"max_hp_loss":0,"event_name":"Living Wall","floor":5,"gold_loss":0,"cards_obtained":["Fusion"]}],"is_beta":false,"boss_relics":[],"items_purged_floors":[3],"is_endless":false,"potions_floor_spawned":[1,7],"killed_by":"3 Sentries","ascension_level":20}}