{"host":"ul3z8ex5o8l5j7mh","time":1613586225,"event":{"mods":["AchievementEnabler","BaseMod","Bestiary","Colored Map","Colored Powertips","DeckTracker","Keyboard Shortcuts","Minty Spire (QoL Compilation)","Relic Sorter","Relic Stats","SuperFastMode"],"gold_per_floor":[118,118,130,147,165,165,191,191,216,230,1,31,31,31,31,128,128,143,443,463,463,490,490,81,6,6,6,6,6,16,41,41,136,136,162,26,39,53,53,53,126,126,126,126,176,176,176,176,176,176],"floor_reached":51,"language":"ENG","playtime":2622,"items_purged":["Defend_R+1","Defend_R"],"score":896,"play_id":"9845b794-6003-441b-98e1-f6b18f643dd0","local_time":"20210217192345","is_ascension_mode":true,"campfire_choices":[{"data":"Iron Wave","floor":6.0,"key":"SMITH"},{"data":"Burning Pact","floor":8.0,"key":"SMITH"},{"floor":15.0,"key":"REST"},{"floor":23.0,"key":"REST"},{"data":"Feed","floor":27.0,"key":"SMITH"},{"data":"Rage","floor":32.0,"key":"SMITH"},{"data":"Searing Blow","floor":40.0,"key":"SMITH"},{"data":"Searing Blow+1","floor":42.0,"key":"SMITH"},{"data":"Searing Blow+2","floor":44.0,"key":"SMITH"},{"data":"Searing Blow+3","floor":49.0,"key":"SMITH"}],"circlet_count":0,"master_deck":["Defend_R+1","Defend_R","Bash+1","Heavy Blade","Iron Wave+1","Armaments","Burning Pact+1","Searing Blow+4","Feed+1","Iron Wave+1","Cleave+1","Feed","Feed","Spot Weakness","Rage+1","Spot Weakness+1","Impervious","CurseOfTheBell","Rage"],"relics":["Sozu","War Paint","PreservedInsect","Regal Pillow","MealTicket","Snecko Eye","Old Coin","Red Mask","DollysMirror","Pen Nib","Juzu Bracelet","Orichalcum","Calling Bell","MawBank","Pantograph","Dead Branch","Medical Kit","Mercury Hourglass","Paper Frog","StoneCalendar","Oddly Smooth Stone"],"acts_visited":["Exordium","TheCity","TheBeyond"],"potions_floor_usage":[],"damage_taken":[{"damage":0.0,"enemies":"Jaw Worm","floor":1.0,"turns":3.0},{"damage":0.0,"enemies":"Cultist","floor":3.0,"turns":2.0},{"damage":0.0,"enemies":"2 Louse","floor":4.0,"turns":4.0},{"damage":2.0,"enemies":"2 Fungi Beasts","floor":5.0,"turns":3.0},{"damage":30.0,"enemies":"Lagavulin","floor":7.0,"turns":5.0},{"damage":3.0,"enemies":"Looter","floor":10.0,"turns":2.0},{"damage":16.0,"enemies":"Gremlin Nob","floor":12.0,"turns":3.0},{"damage":30.0,"enemies":"The Guardian","floor":16.0,"turns":17.0},{"damage":0.0,"enemies":"Spheric Guardian","floor":18.0,"turns":3.0},{"damage":0.0,"enemies":"Shell Parasite","floor":20.0,"turns":2.0},{"damage":24.0,"enemies":"Masked Bandits","floor":22.0,"turns":4.0},{"damage":13.0,"enemies":"Snake Plant","floor":30.0,"turns":3.0},{"damage":12.0,"enemies":"Slavers","floor":31.0,"turns":4.0},{"damage":75.0,"enemies":"Collector","floor":33.0,"turns":11.0},{"damage":0.0,"enemies":"Orb Walker","floor":35.0,"turns":3.0},{"damage":2.0,"enemies":"3 Shapes","floor":37.0,"turns":4.0},{"damage":16.0,"enemies":"Writhing Mass","floor":38.0,"turns":6.0},{"damage":0.0,"enemies":"Mind Bloom Boss Battle","floor":45.0,"turns":4.0},{"damage":53,"enemies":"Donu and Deca","floor":50,"turns":7}],"seed_played":"-7648563013182579426","potions_obtained":[],"is_trial":false,"path_per_floor":["M","?","M","M","M","R","E","R","T","M","$","E","$","?","R","B",null,"M","?","M","?","?","R","$","?","T","R","?","?","M","E","R","B",null,"M","$","M","M","?","R","T","R","T","R","?","?","?","T","R","B",null],"character_chosen":"IRONCLAD","items_purchased":["Regal Pillow","DollysMirror","Pen Nib","Medical Kit"],"campfire_rested":2,"item_purchase_floors":[11,24,24,36],"current_hp_per_floor":[80,80,80,80,78,78,48,48,48,45,45,29,44,37,76,46,72,76,76,79,62,41,84,95,95,95,95,95,95,86,77,77,2,77,81,96,101,85,85,85,85,85,85,85,114,114,114,114,114,61],"gold":176,"neow_bonus":"BOSS_RELIC","is_daily":false,"chose_seed":false,"campfire_upgraded":8,"win_rate":0.0,"timestamp":1613586225,"path_taken":["M","?","M","M","M","R","E","R","T","?","?","E","$","?","R","BOSS","M","?","M","?","?","R","?","?","T","R","?","?","M","E","R","BOSS","M","$","M","M","?","R","?","R","T","R","?","?","?","?","R","BOSS"],"items_purchased_type":["Relic","Relic","Relic","Relic"],"build_version":"2020-12-22","purchased_purges":2,"victory":true,"max_hp_per_floor":[80,80,80,80,80,80,80,80,80,80,80,80,80,80,80,80,80,84,84,87,92,95,95,95,95,95,95,95,95,99,102,102,102,102,106,106,113,113,107,107,107,107,107,107,114,114,114,114,114,114],"relic_stats":{"Regal Pillow":30,"counters":[19,90],"Dead Branch":[27],"StoneCalendar":[0],"PreservedInsect":61,"Pen Nib":[9],"Juzu Bracelet":2,"War Paint":["Defend_R","Defend_R"],"Orichalcum":[12],"MawBank":24,"Medical Kit":[5],"Mercury Hourglass":[45],"Sozu":10,"Pantograph":22,"Snecko Eye":[102,100,95,73],"MealTicket":41,"obtain_stats":[{"Regal Pillow":11,"Dead Branch":34,"Oddly Smooth Stone":48,"StoneCalendar":45,"PreservedInsect":9,"Pen Nib":24,"Juzu Bracelet":26,"War Paint":7,"Orichalcum":31,"MawBank":34,"Medical Kit":36,"Burning Blood":0,"Old Coin":19,"Mercury Hourglass":41,"Sozu":0,"Calling Bell":34,"DollysMirror":24,"Pantograph":34,"Snecko Eye":17,"MealTicket":12,"Red Mask":22,"Paper Frog":43},{"Regal Pillow":6,"Dead Branch":14,"Oddly Smooth Stone":18,"StoneCalendar":18,"PreservedInsect":5,"Pen Nib":11,"Juzu Bracelet":11,"War Paint":5,"Orichalcum":13,"MawBank":14,"Medical Kit":15,"Burning Blood":0,"Old Coin":9,"Mercury Hourglass":17,"Sozu":0,"Calling Bell":14,"DollysMirror":11,"Pantograph":14,"Snecko Eye":8,"MealTicket":7,"Red Mask":11,"Paper Frog":17},{"Regal Pillow":19,"Dead Branch":66,"Oddly Smooth Stone":83,"StoneCalendar":83,"PreservedInsect":17,"Pen Nib":48,"Juzu Bracelet":48,"War Paint":17,"Orichalcum":55,"MawBank":66,"Medical Kit":69,"Burning Blood":0,"Old Coin":42,"Mercury Hourglass":79,"Sozu":0,"Calling Bell":66,"DollysMirror":48,"Pantograph":66,"Snecko Eye":39,"MealTicket":22,"Red Mask":48,"Paper Frog":79}]},"card_choices":[{"not_picked":["Iron Wave","Flex"],"picked":"Heavy Blade","floor":1.0},{"not_picked":["Armaments","Battle Trance","Heavy Blade"],"picked":"SKIP","floor":3.0},{"not_picked":["Wild Strike","Brutality"],"picked":"Iron Wave","floor":4.0},{"not_picked":["Twin Strike","Clothesline"],"picked":"Armaments","floor":5.0},{"not_picked":["Wild Strike","Sword Boomerang"],"picked":"Burning Pact","floor":7.0},{"not_picked":["Sword Boomerang","Warcry"],"picked":"Feel No Pain","floor":10.0},{"not_picked":["Carnage","Berserk"],"picked":"Searing Blow","floor":12.0},{"not_picked":["Barricade","Double Tap"],"picked":"Feed","floor":16.0},{"not_picked":["Seeing Red","Thunderclap"],"picked":"Iron Wave+1","floor":18.0},{"not_picked":["Havoc","Entrench"],"picked":"Cleave+1","floor":20.0},{"not_picked":["Heavy Blade+1","Corruption"],"picked":"Rage","floor":30.0},{"not_picked":["Perfected Strike","Warcry"],"picked":"Spot Weakness+1","floor":31.0},{"not_picked":["Brutality","Barricade"],"picked":"Impervious","floor":33.0},{"not_picked":["Battle Trance","Twin Strike+1","Heavy Blade"],"picked":"SKIP","floor":35.0},{"not_picked":["Spot Weakness","Warcry","Shrug It Off+1"],"picked":"SKIP","floor":37.0},{"not_picked":["Clash","Flex","Impervious"],"picked":"SKIP","floor":38.0},{"not_picked":["Heavy Blade+1","Sentinel"],"picked":"Rage","floor":45.0}],"player_experience":392823,"relics_obtained":[{"floor":7.0,"key":"War Paint"},{"floor":9.0,"key":"PreservedInsect"},{"floor":12.0,"key":"MealTicket"},{"floor":22.0,"key":"Red Mask"},{"floor":26.0,"key":"Juzu Bracelet"},{"floor":31.0,"key":"Orichalcum"},{"floor":34.0,"key":"MawBank"},{"floor":34.0,"key":"Pantograph"},{"floor":34.0,"key":"Dead Branch"},{"floor":41.0,"key":"Mercury Hourglass"},{"floor":43.0,"key":"Paper Frog"},{"floor":45.0,"key":"StoneCalendar"},{"floor":48.0,"key":"Oddly Smooth Stone"}],"event_choices":[{"damage_healed":0.0,"max_hp_gain":0.0,"max_hp_loss":0.0,"gold_gain":0.0,"event_name":"Upgrade Shrine","player_choice":"Upgraded","floor":2.0,"gold_loss":0.0,"damage_taken":0.0,"cards_upgraded":["Bash"]},{"cards_removed":["Strike_R"],"damage_healed":0.0,"max_hp_gain":0.0,"max_hp_loss":0.0,"gold_gain":0.0,"event_name":"Golden Wing","player_choice":"Card Removal","floor":14.0,"gold_loss":0.0,"damage_taken":7.0},{"damage_healed":0.0,"max_hp_gain":0.0,"max_hp_loss":0.0,"gold_gain":0.0,"event_name":"The Mausoleum","player_choice":"Opened","floor":19.0,"gold_loss":0.0,"damage_taken":0.0,"relics_obtained":["Old Coin"]},{"damage_healed":0.0,"max_hp_gain":5.0,"max_hp_loss":0.0,"gold_gain":0.0,"event_name":"Forgotten Altar","player_choice":"Shed Blood","floor":21.0,"gold_loss":0.0,"damage_taken":22.0},{"damage_healed":0.0,"max_hp_gain":0.0,"max_hp_loss":0.0,"gold_gain":0.0,"event_name":"Masked Bandits","player_choice":"Fought Bandits","floor":22.0,"gold_loss":0.0,"damage_taken":0.0},{"cards_removed":["Strike_R"],"damage_healed":0.0,"max_hp_gain":0.0,"max_hp_loss":0.0,"gold_gain":0.0,"event_name":"Beggar","player_choice":"Gave Gold","floor":25.0,"gold_loss":75.0,"damage_taken":0.0},{"damage_healed":0.0,"max_hp_gain":0.0,"max_hp_loss":0.0,"gold_gain":0.0,"cards_transformed":["Strike_R","Strike_R"],"event_name":"Drug Dealer","player_choice":"Became Test Subject","floor":28.0,"gold_loss":0.0,"damage_taken":0.0,"cards_obtained":["Feed","Spot Weakness"]},{"cards_removed":["Strike_R"],"damage_healed":0.0,"max_hp_gain":0.0,"max_hp_loss":0.0,"gold_gain":0.0,"event_name":"Back to Basics","player_choice":"Elegance","floor":29.0,"gold_loss":0.0,"damage_taken":0.0},{"damage_healed":0.0,"max_hp_gain":0.0,"max_hp_loss":6.0,"gold_gain":0.0,"event_name":"Winding Halls","player_choice":"Max HP","floor":39.0,"gold_loss":0.0,"damage_taken":0.0},{"damage_healed":0.0,"max_hp_gain":0.0,"max_hp_loss":0.0,"gold_gain":0.0,"event_name":"MindBloom","player_choice":"Fight","floor":45.0,"gold_loss":0.0,"damage_taken":0.0},{"cards_removed":["Feel No Pain"],"damage_healed":0.0,"max_hp_gain":0.0,"max_hp_loss":0.0,"gold_gain":0.0,"event_name":"Falling","player_choice":"Removed Power","floor":46.0,"gold_loss":0.0,"damage_taken":0.0},{"damage_healed":0.0,"max_hp_gain":0.0,"max_hp_loss":0.0,"gold_gain":0.0,"event_name":"Tomb of Lord Red Mask","player_choice":"Ignored","floor":47.0,"gold_loss":0.0,"damage_taken":0.0}],"is_beta":false,"boss_relics":[{"not_picked":["Black Star","Coffee Dripper"],"picked":"Snecko Eye"},{"not_picked":["Velvet Choker","Fusion Hammer"],"picked":"Calling Bell"}],"items_purged_floors":[11,24],"is_endless":false,"potions_floor_spawned":[10,12,16,18,20,30,33,37,38,45],"ascension_level":5}}