{"host":"5agrj1fd4s00r127","time":1613584068,"event":{"mods":["BaseMod","Minty Spire (QoL Compilation)","StSLib"],"gold_per_floor":[114,128,37,37,37,37,64,76,76,103,129,142,167,187,187,292,292,308,323,343,353,367,398,398,408,408,434,434,434,434],"floor_reached":29,"language":"RUS","playtime":1422,"items_purged":[],"score":312,"play_id":"5b9d0cd2-7363-405b-8a18-821cef6cfc5a","local_time":"20210217194748","is_ascension_mode":false,"campfire_choices":[{"data":"Zap","floor":6,"key":"SMITH"},{"floor":15,"key":"REST"},{"floor":24,"key":"REST"}],"circlet_count":0,"master_deck":["Strike_B","Strike_B","Strike_B","Strike_B+1","Defend_B+1","Defend_B","Defend_B","Defend_B","Zap+1","Dualcast","Darkness","Coolheaded","Turbo","Defragment","Regret","Doom and Gloom","Coolheaded","Compile Driver","Loop","Self Repair","Cold Snap","Rainbow","Auto Shields","Cold Snap","Ball Lightning+1","Core Surge"],"relics":["Cracked Core","NeowsBlessing","Gremlin Horn","Incense Burner","Omamori","Bag of Marbles","Regal Pillow","Philosopher\u0027s Stone","Happy Flower","Mango","StoneCalendar","Nloth\u0027s Gift"],"acts_visited":["Exordium","TheCity"],"potions_floor_usage":[10,10,19,22,23,23,27,27,29],"damage_taken":[{"damage":0,"enemies":"Small Slimes","floor":1,"turns":1},{"damage":0,"enemies":"Jaw Worm","floor":2,"turns":1},{"damage":2,"enemies":"3 Sentries","floor":7,"turns":2},{"damage":2,"enemies":"Cultist","floor":8,"turns":4},{"damage":1,"enemies":"Gremlin Nob","floor":10,"turns":3},{"damage":0,"enemies":"3 Louse","floor":12,"turns":1},{"damage":15,"enemies":"3 Sentries","floor":13,"turns":6},{"damage":8,"enemies":"Looter","floor":14,"turns":3},{"damage":60,"enemies":"Hexaghost","floor":16,"turns":11},{"damage":10,"enemies":"2 Thieves","floor":18,"turns":4},{"damage":10,"enemies":"Shell Parasite","floor":19,"turns":5},{"damage":23,"enemies":"3 Cultists","floor":20,"turns":5},{"damage":25,"enemies":"Snake Plant","floor":21,"turns":5},{"damage":10,"enemies":"Centurion and Healer","floor":22,"turns":8},{"damage":25,"enemies":"Gremlin Leader","floor":23,"turns":6},{"damage":10,"enemies":"Chosen and Byrds","floor":25,"turns":6},{"damage":48,"enemies":"Slavers","floor":27,"turns":5},{"damage":21,"enemies":"Book of Stabbing","floor":29,"turns":4}],"seed_played":"5648690664968848694","potions_obtained":[{"floor":1,"key":"Swift Potion"},{"floor":7,"key":"AttackPotion"},{"floor":8,"key":"SpeedPotion"},{"floor":14,"key":"SpeedPotion"},{"floor":16,"key":"Swift Potion"},{"floor":19,"key":"BlessingOfTheForge"},{"floor":22,"key":"Strength Potion"},{"floor":25,"key":"Fruit Juice"},{"floor":27,"key":"Dexterity Potion"}],"is_trial":false,"path_per_floor":["M","M","$","?","?","R","E","M","T","E","T","M","E","M","R","B",null,"M","M","M","M","M","E","R","M","T","E","?","E"],"character_chosen":"DEFECT","items_purchased":["Turbo","Defragment"],"campfire_rested":2,"item_purchase_floors":[3,3],"current_hp_per_floor":[75,75,75,60,60,60,58,56,56,55,55,55,40,39,75,15,75,72,69,53,35,32,14,51,48,62,19,19,0,0],"gold":434,"neow_bonus":"THREE_ENEMY_KILL","is_daily":false,"chose_seed":false,"campfire_upgraded":1,"win_rate":0.0,"timestamp":1613584068,"path_taken":["M","M","$","?","?","R","E","M","T","E","?","M","E","M","R","BOSS","M","M","M","M","M","E","R","M","T","E","?","E"],"items_purchased_type":["Card","Card"],"build_version":"2020-12-22","purchased_purges":0,"victory":false,"max_hp_per_floor":[75,75,75,75,75,75,75,75,75,75,75,75,75,75,75,75,75,75,75,75,75,75,75,75,75,89,94,94,94,94],"card_choices":[{"not_picked":["Storm","Undo"],"picked":"Darkness","floor":1},{"not_picked":["Steam","Conserve Battery"],"picked":"Coolheaded","floor":2},{"not_picked":["Consume","Force Field"],"picked":"Doom and Gloom","floor":7},{"not_picked":["Scrape","Ball Lightning"],"picked":"Coolheaded","floor":8},{"not_picked":["Scrape","Beam Cell"],"picked":"Compile Driver","floor":10},{"not_picked":["Recycle","Blizzard"],"picked":"Loop","floor":12},{"not_picked":["Blizzard","Coolheaded"],"picked":"Self Repair","floor":13},{"not_picked":["Rip and Tear","Aggregate"],"picked":"Cold Snap","floor":14},{"not_picked":["Core Surge","Meteor Strike"],"picked":"Rainbow","floor":16},{"not_picked":["FTL","Aggregate","Streamline"],"picked":"SKIP","floor":18},{"not_picked":["Coolheaded","Sweeping Beam","Steam"],"picked":"SKIP","floor":19},{"not_picked":["Hello World","Gash","Streamline+1"],"picked":"SKIP","floor":20},{"not_picked":["Reinforced Body","Blizzard"],"picked":"Auto Shields","floor":21},{"not_picked":["Compile Driver","Gash"],"picked":"Cold Snap","floor":22},{"not_picked":["Rip and Tear","Heatsinks+1","Stack+1"],"picked":"SKIP","floor":23},{"not_picked":["Conserve Battery","Leap"],"picked":"Ball Lightning+1","floor":25},{"not_picked":["Stack+1","Melter"],"picked":"Core Surge","floor":27}],"player_experience":31318,"relics_obtained":[{"floor":7,"key":"Incense Burner"},{"floor":9,"key":"Omamori"},{"floor":10,"key":"Smiling Mask"},{"floor":11,"key":"Bag of Marbles"},{"floor":13,"key":"Regal Pillow"},{"floor":23,"key":"Happy Flower"},{"floor":26,"key":"Mango"},{"floor":27,"key":"StoneCalendar"}],"event_choices":[{"damage_healed":0,"gold_gain":0,"player_choice":"Entered Light","damage_taken":15,"max_hp_gain":0,"max_hp_loss":0,"event_name":"Shining Light","floor":4,"gold_loss":0,"cards_upgraded":["Defend_B","Strike_B"]},{"damage_healed":0,"gold_gain":0,"player_choice":"Box","damage_taken":0,"relics_obtained":["Gremlin Horn"],"max_hp_gain":0,"max_hp_loss":0,"event_name":"Big Fish","floor":5,"gold_loss":0,"cards_obtained":["Regret"]},{"damage_healed":0,"gold_gain":0,"player_choice":"Traded Relic","damage_taken":0,"relics_obtained":["Nloth\u0027s Gift"],"max_hp_gain":0,"max_hp_loss":0,"event_name":"N\u0027loth","floor":28,"relics_lost":["Smiling Mask"],"gold_loss":0}],"is_beta":false,"boss_relics":[{"not_picked":["Fusion Hammer","Tiny House"],"picked":"Philosopher\u0027s Stone"}],"items_purged_floors":[],"is_endless":false,"potions_floor_spawned":[1,7,8,14,16,19,22,25,27],"killed_by":"Book of Stabbing","ascension_level":0}}