{"host":"2j7k79oxv8es4yqd","time":1613539592,"event":{"mods":["BaseMod","Minty Spire (QoL Compilation)","Permanent Neow","StSLib"],"gold_per_floor":[114,114,130,130,130,153,196,123,123,158,182,113,182,215,215,334,334,348,221,221,221,491,530,530,543,543,558,558,598,625,664,664,789,789,803,816,816,518,518,551,576,609,634,634,634],"floor_reached":44,"language":"ZHT","playtime":1937,"items_purged":["Strike_P"],"score":723,"play_id":"ad663402-9320-4fad-bf0b-d14501624086","local_time":"20210217132632","is_ascension_mode":true,"campfire_choices":[{"data":"BattleHymn","floor":15,"key":"SMITH"},{"floor":24,"key":"RECALL"},{"data":"Study","floor":32,"key":"SMITH"}],"circlet_count":0,"master_deck":["Defend_P+1","Defend_P+1","Defend_P+1","Defend_P+1","Eruption+1","Vigilance+1","ReachHeaven+1","Adaptation+1","Sanctity+1","FearNoEvil+1","CarveReality+1","Study+1","BattleHymn+1","LessonLearned+1","Protect+1","Necronomicurse","MentalFortress+1","Protect","Tantrum+1"],"relics":["Coffee Dripper","HornCleat","Golden Idol","Happy Flower","Molten Egg 2","Blue Candle","Vajra","War Paint","Busted Crown","Necronomicon","Akabeko","Strawberry","Ancient Tea Set","Toy Ornithopter","Potion Belt","Empty Cage","Pantograph","InkBottle","Bottled Lightning","Regal Pillow"],"acts_visited":["Exordium","TheCity","TheBeyond"],"potions_floor_usage":[7,13,18,29,29,31,40,40,42,44],"damage_taken":[{"damage":6,"enemies":"Jaw Worm","floor":1,"turns":4},{"damage":0,"enemies":"Small Slimes","floor":3,"turns":5},{"damage":0,"enemies":"2 Louse","floor":6,"turns":2},{"damage":0,"enemies":"Gremlin Nob","floor":7,"turns":2},{"damage":13,"enemies":"Lagavulin","floor":10,"turns":6},{"damage":0,"enemies":"Exordium Wildlife","floor":11,"turns":3},{"damage":1,"enemies":"3 Sentries","floor":13,"turns":6},{"damage":0,"enemies":"Gremlin Nob","floor":14,"turns":2},{"damage":19,"enemies":"The Guardian","floor":16,"turns":8},{"damage":1,"enemies":"Chosen","floor":18,"turns":2},{"damage":7,"enemies":"Book of Stabbing","floor":23,"turns":4},{"damage":0,"enemies":"Shell Parasite","floor":25,"turns":2},{"damage":3,"enemies":"Snecko","floor":27,"turns":4},{"damage":0,"enemies":"Gremlin Leader","floor":29,"turns":5},{"damage":16,"enemies":"Slavers","floor":31,"turns":5},{"damage":0,"enemies":"Collector","floor":33,"turns":5},{"damage":2,"enemies":"3 Darklings","floor":35,"turns":4},{"damage":9,"enemies":"3 Shapes","floor":36,"turns":4},{"damage":40,"enemies":"Reptomancer","floor":40,"turns":4},{"damage":9,"enemies":"Sphere and 2 Shapes","floor":41,"turns":3},{"damage":33,"enemies":"Nemesis","floor":42,"turns":5},{"damage":10,"enemies":"Writhing Mass","floor":44,"turns":2}],"seed_played":"2388243859570866214","potions_obtained":[{"floor":3,"key":"Ambrosia"},{"floor":7,"key":"ColorlessPotion"},{"floor":10,"key":"Dexterity Potion"},{"floor":13,"key":"LiquidMemories"},{"floor":16,"key":"SpeedPotion"},{"floor":23,"key":"DuplicationPotion"},{"floor":25,"key":"Energy Potion"},{"floor":33,"key":"GamblersBrew"},{"floor":40,"key":"Block Potion"},{"floor":41,"key":"Ancient Potion"},{"floor":42,"key":"Block Potion"}],"is_trial":false,"path_per_floor":["M","?","M","?","?","M","E","$","T","E","M","$","?","E","R","B",null,"M","$","?","?","?","E","R","M","T","M","?","E","T","E","R","B",null,"M","M","?","$","T","E","M","E","T","M"],"character_chosen":"WATCHER","items_purchased":["FearNoEvil","Study","Protect","Pantograph","Block Potion"],"campfire_rested":0,"item_purchase_floors":[8,12,19,38,38],"current_hp_per_floor":[66,66,66,54,36,36,36,36,36,23,23,23,22,22,22,3,72,71,71,55,55,28,21,21,21,28,25,25,25,25,14,14,14,79,77,68,68,68,68,38,29,1,1,0,0],"gold":634,"neow_bonus":"BOSS_RELIC","is_daily":false,"chose_seed":false,"campfire_upgraded":2,"win_rate":0.0,"timestamp":1613539592,"path_taken":["M","?","M","?","?","M","E","?","T","E","?","$","?","E","R","BOSS","M","$","?","?","?","E","R","?","T","M","?","E","?","E","R","BOSS","M","M","?","$","?","E","M","E","T","M"],"items_purchased_type":["Card","Card","Card","Relic","Potion"],"build_version":"2020-12-22","purchased_purges":1,"victory":false,"max_hp_per_floor":[72,72,72,72,72,72,72,72,72,72,72,72,72,72,72,72,72,72,72,72,72,72,72,72,72,79,79,79,79,79,79,79,79,79,79,79,79,79,79,79,79,79,79,79,79],"card_choices":[{"not_picked":["Crescendo","SashWhip","FlurryOfBlows"],"picked":"SKIP","floor":1},{"not_picked":["Crescendo","SashWhip"],"picked":"ReachHeaven","floor":3},{"not_picked":["CutThroughFate","WindmillStrike"],"picked":"Adaptation","floor":6},{"not_picked":["WaveOfTheHand","FollowUp"],"picked":"Sanctity","floor":7},{"not_picked":["WaveOfTheHand","Nirvana","FlyingSleeves+1"],"picked":"SKIP","floor":10},{"not_picked":["ThirdEye","Worship"],"picked":"CarveReality+1","floor":11},{"not_picked":["FlurryOfBlows+1","CutThroughFate+1"],"picked":"BattleHymn","floor":13},{"not_picked":["Study","SandsOfTime+1","ReachHeaven+1"],"picked":"SKIP","floor":14},{"not_picked":["Scrawl","Alpha"],"picked":"LessonLearned+1","floor":16},{"not_picked":["Consecrate+1"],"picked":"SKIP","floor":18},{"not_picked":["FlyingSleeves+1"],"picked":"SKIP","floor":23},{"not_picked":["ThirdEye"],"picked":"SKIP","floor":25},{"not_picked":["Evaluate"],"picked":"SKIP","floor":27},{"not_picked":["SashWhip+1"],"picked":"SKIP","floor":29},{"not_picked":["Evaluate"],"picked":"SKIP","floor":31},{"not_picked":["WreathOfFlame"],"picked":"SKIP","floor":35},{"not_picked":["PathToVictory"],"picked":"SKIP","floor":36},{"not_picked":["BowlingBash+1"],"picked":"SKIP","floor":40},{"not_picked":["BowlingBash+1"],"picked":"SKIP","floor":40},{"not_picked":[],"picked":"Protect","floor":41},{"not_picked":[],"picked":"Tantrum+1","floor":42}],"player_experience":558861,"relics_obtained":[{"floor":7,"key":"Happy Flower"},{"floor":9,"key":"Molten Egg 2"},{"floor":10,"key":"Blue Candle"},{"floor":13,"key":"Vajra"},{"floor":14,"key":"War Paint"},{"floor":20,"key":"Necronomicon"},{"floor":23,"key":"Akabeko"},{"floor":26,"key":"Strawberry"},{"floor":29,"key":"Ancient Tea Set"},{"floor":30,"key":"Toy Ornithopter"},{"floor":31,"key":"Potion Belt"},{"floor":40,"key":"InkBottle"},{"floor":42,"key":"Bottled Lightning"},{"floor":43,"key":"Regal Pillow"}],"event_choices":[{"damage_healed":0,"gold_gain":0,"player_choice":"Ignored","damage_taken":0,"max_hp_gain":0,"max_hp_loss":0,"event_name":"Liars Game","floor":2,"gold_loss":0},{"damage_healed":0,"gold_gain":0,"player_choice":"Success","damage_taken":12,"relics_obtained":["HornCleat"],"max_hp_gain":0,"max_hp_loss":0,"event_name":"Scrap Ooze","floor":4,"gold_loss":0},{"damage_healed":0,"gold_gain":0,"player_choice":"Take Damage","damage_taken":18,"relics_obtained":["Golden Idol"],"max_hp_gain":0,"max_hp_loss":0,"event_name":"Golden Idol","floor":5,"gold_loss":0},{"damage_healed":0,"gold_gain":0,"player_choice":"Searched \u00272\u0027 times","damage_taken":0,"max_hp_gain":0,"max_hp_loss":0,"event_name":"Dead Adventurer","floor":13,"gold_loss":0},{"damage_healed":0,"gold_gain":0,"player_choice":"Obtained Book","damage_taken":16,"max_hp_gain":0,"max_hp_loss":0,"event_name":"Cursed Tome","floor":20,"gold_loss":0},{"damage_healed":0,"gold_gain":0,"player_choice":"Simplicity","damage_taken":0,"max_hp_gain":0,"max_hp_loss":0,"event_name":"Back to Basics","floor":21,"gold_loss":0,"cards_upgraded":["Strike_P","Strike_P","Defend_P","Defend_P","Defend_P"]},{"damage_healed":0,"gold_gain":270,"player_choice":"GOLD GOLD GOLD ","damage_taken":27,"max_hp_gain":0,"max_hp_loss":0,"event_name":"Knowing Skull","floor":22,"potions_obtained":[],"gold_loss":0,"cards_obtained":[]},{"damage_healed":0,"gold_gain":0,"cards_transformed":["Strike_P","Strike_P"],"player_choice":"Became Test Subject","damage_taken":0,"max_hp_gain":0,"max_hp_loss":0,"event_name":"Drug Dealer","floor":28,"gold_loss":0,"cards_obtained":["MentalFortress","WreathOfFlame"]},{"damage_healed":0,"gold_gain":0,"player_choice":"Upgraded","damage_taken":0,"max_hp_gain":0,"max_hp_loss":0,"event_name":"Upgrade Shrine","floor":37,"gold_loss":0,"cards_upgraded":["Vigilance"]}],"is_beta":false,"boss_relics":[{"not_picked":["Runic Pyramid","Ectoplasm"],"picked":"Busted Crown"},{"not_picked":["VioletLotus","Astrolabe"],"picked":"Empty Cage"}],"items_purged_floors":[19],"is_endless":false,"potions_floor_spawned":[3,7,10,13,16,23,25,33,40,41,42],"killed_by":"Writhing Mass","ascension_level":1}}