{"host":"ox77rn1xcurm2t5a","time":1613601788,"event":{"mods":["2.2 Compatiblity","AchievementEnabler","Act Like it!","Aspiration","BaseMod","Best Route Mod","Better Match","Better Note","Better Sensory Stone","Block Reminder","Colored Map","Colored Powertips","Conjunction","Conspire","Custom Start","Energized Spire","GifTheSpireLib","Gold Saver","Gremlin Skip","Halation","Highlight Path","Hubris","Infinite Spire","Minty Spire (QoL Compilation)","Pale of the Ancients","Quick Restart","Replay The Spire","Reworked Bosses","ShortenTheSpire","Spire Exporter","StSLib","Stuff the Spire","Wandering Minibosses"],"gold_per_floor":[898,0,16,28,43,43,73,73,96,96,112,138,138,152,152,251,251,266,266,17,17,17,45,45,45,94,94,112,112,123,155,155,251,251,265,285,298,0,0,0,0],"floor_reached":40,"language":"ENG","playtime":951,"items_purged":["Defend_R","Strike_R"],"score":567,"play_id":"40a0ab4e-dd0b-409a-9927-329604594ad4","local_time":"20210218004308","is_ascension_mode":true,"campfire_choices":[{"floor":6.0,"key":"RECALL"},{"data":"Reaper","floor":8.0,"key":"SMITH"},{"data":"Inflame","floor":10.0,"key":"SMITH"},{"data":"Spot Weakness","floor":15.0,"key":"SMITH"},{"data":"Flame Barrier","floor":25.0,"key":"SMITH"},{"data":"Bash","floor":27.0,"key":"SMITH"},{"data":"Rampage","floor":29.0,"key":"SMITH"},{"floor":32.0,"key":"DIG"}],"circlet_count":0,"master_deck":["Strike_R","Strike_R","Strike_R","Strike_R","Defend_R","Defend_R","Defend_R","Bash+1","Rampage+1","Inflame+1","Twin Strike","Flame Barrier+1","Spot Weakness+1","Battle Trance","CurseOfTheBell","Thunderclap","Pommel Strike+1","Pummel+1","Heavy Blade+1","Sword Boomerang+1","Berserk","Cleave+1","Reaper+1","Heavy Blade+1","Clash+1"],"relics":["Burning Blood","ReplayTheSpireMod:Spearhead","Art of War","aspiration:Nostalgia","Sizzling Blood","StuffTheSpire:PointBlank","Bronze Scales","StuffTheSpire:Mouthbags","StuffTheSpire:Barrel","Calling Bell","PreservedInsect","infinitespire:ShieldingShard","TungstenRod","Bag of Preparation","Molten Egg 2","Replay:Multitool","halation:AfternoonTea","SacredBark","Red Mask"],"acts_visited":["Exordium","TheCity","TheBeyond"],"potions_floor_usage":[40],"damage_taken":[{"damage":5.0,"enemies":"2 Louse","floor":1.0,"turns":3.0},{"damage":12.0,"enemies":"Jaw Worm","floor":3.0,"turns":2.0},{"damage":12.0,"enemies":"Small Slimes","floor":4.0,"turns":3.0},{"damage":20.0,"enemies":"Exordium Thugs","floor":5.0,"turns":6.0},{"damage":13.0,"enemies":"3 Sentries","floor":7.0,"turns":8.0},{"damage":9.0,"enemies":"2 Fungi Beasts","floor":11.0,"turns":3.0},{"damage":9.0,"enemies":"Gremlin Nob","floor":12.0,"turns":4.0},{"damage":2.0,"enemies":"3 Louse","floor":14.0,"turns":2.0},{"damage":60.0,"enemies":"Hexaghost","floor":16.0,"turns":7.0},{"damage":10.0,"enemies":"Shell Parasite","floor":18.0,"turns":5.0},{"damage":0.0,"enemies":"2 Thieves","floor":22.0,"turns":1.0},{"damage":25.0,"enemies":"Slavers","floor":23.0,"turns":3.0},{"damage":15.0,"enemies":"Centurion and Healer","floor":28.0,"turns":5.0},{"damage":16.0,"enemies":"3 Cultists","floor":30.0,"turns":5.0},{"damage":27.0,"enemies":"Book of Stabbing","floor":31.0,"turns":3.0},{"damage":30.0,"enemies":"bossMod:newCollector","floor":33.0,"turns":7.0},{"damage":0.0,"enemies":"Orb Walker","floor":35.0,"turns":1.0},{"damage":10,"enemies":"3 Shapes","floor":36,"turns":3},{"damage":39,"enemies":"Transient","floor":37,"turns":5},{"damage":79,"enemies":"Giant Head","floor":40,"turns":6}],"seed_played":"4605784179877643502","potions_obtained":[{"floor":1.0,"key":"Dexterity Potion"},{"floor":7.0,"key":"BloodPotion"},{"floor":11.0,"key":"Strength Potion"},{"floor":19.0,"key":"Venom Potion"},{"floor":19.0,"key":"Death Potion"},{"floor":19.0,"key":"SmokeBomb"},{"floor":23.0,"key":"Regen Potion"},{"floor":28.0,"key":"ColorlessPotion"},{"floor":31.0,"key":"Fire Potion"},{"floor":33.0,"key":"SteroidPotion"},{"floor":37,"key":"Energy Potion"}],"is_trial":false,"path_per_floor":["M","$","M","M","M","R","E","R","T","R","M","E","?","M","R","B",null,"M","?","$","?","M","E","?","R","T","R","M","R","M","E","R","B",null,"M","M","M","?","$","E"],"character_chosen":"IRONCLAD","items_purchased":["Inflame","Art of War","aspiration:Nostalgia","StuffTheSpire:PointBlank","Twin Strike","Flame Barrier","SpeedPotion","SpeedPotion","Bag of Preparation"],"campfire_rested":0,"item_purchase_floors":[2,2,2,2,2,2,2,2,20],"current_hp_per_floor":[73,77,75,73,63,63,60,60,60,60,84,84,84,84,84,64,79,79,79,79,79,84,84,84,84,84,84,84,84,84,76,76,56,77,84,84,55,55,55,0,0],"gold":0,"neow_bonus":"RANDOM_COMMON_RELIC","is_daily":false,"chose_seed":false,"campfire_upgraded":6,"win_rate":0.0,"timestamp":1613601788,"path_taken":["M","$","M","M","M","R","E","R","T","R","M","E","?","M","R","BOSS","M","?","$","?","M","E","?","R","T","R","?","R","M","E","R","BOSS","M","M","M","?","$","E"],"items_purchased_type":["Card","Relic","Relic","Relic","Card","Card","Potion","Potion","Relic"],"build_version":"2020-12-22","purchased_purges":2,"victory":false,"max_hp_per_floor":[80,84,84,84,84,84,84,84,84,84,84,84,84,84,84,84,84,84,84,84,84,84,84,84,84,84,84,84,84,84,84,84,84,84,84,84,84,84,84,84,84],"card_choices":[{"not_picked":["Body Slam","Blood for Blood"],"picked":"Rampage","floor":1.0},{"not_picked":["StuffTheSpire:Slingshot","StuffTheSpire:Incineration","hubris:ReadiedAction"],"picked":"SKIP","floor":3.0},{"not_picked":["Hemokinesis","StuffTheSpire:Slingshot","True Grit"],"picked":"SKIP","floor":4.0},{"not_picked":["StuffTheSpire:Resist","ReplayTheSpireMod:Corrosion Curse","True Grit"],"picked":"SKIP","floor":5.0},{"not_picked":["infinitespire:OneForAll","ReplayReversal"],"picked":"Reaper","floor":7.0},{"not_picked":["Power Through","Sword Boomerang"],"picked":"Spot Weakness","floor":11.0},{"not_picked":["Flame Barrier","StuffTheSpire:Incineration","hubris:StunningStrike"],"picked":"SKIP","floor":12.0},{"not_picked":["StuffTheSpire:BloodClot","StuffTheSpire:Pyroclast"],"picked":"Battle Trance","floor":14.0},{"not_picked":["hubris:ReadiedAction","Clash"],"picked":"Thunderclap","floor":18.0},{"not_picked":["Infernal Blade+1","Evolve"],"picked":"Pommel Strike+1","floor":23.0},{"not_picked":["Flame Barrier+1","Seeing Red+1"],"picked":"Heavy Blade+1","floor":28.0},{"not_picked":["Shrug It Off","Body Slam+1","hubris:CleavingFinish+1"],"picked":"SKIP","floor":30.0},{"not_picked":["ReplayTheSpireMod:Corrosion Curse","Thunderclap+1"],"picked":"Sword Boomerang+1","floor":31.0},{"not_picked":["Immolate+1","Corruption"],"picked":"Berserk","floor":33.0},{"not_picked":["hubris:ReadiedAction+1","StuffTheSpire:Slingshot+1"],"picked":"Cleave+1","floor":35.0},{"not_picked":["Sword Boomerang+1","Headbutt+1"],"picked":"Heavy Blade+1","floor":36},{"not_picked":["Entrench+1","Hemokinesis+1"],"picked":"Clash+1","floor":37}],"player_experience":3138212,"relics_obtained":[{"floor":7.0,"key":"Bronze Scales"},{"floor":9.0,"key":"StuffTheSpire:Mouthbags"},{"floor":12.0,"key":"StuffTheSpire:Barrel"},{"floor":17.0,"key":"PreservedInsect"},{"floor":17.0,"key":"infinitespire:ShieldingShard"},{"floor":17.0,"key":"TungstenRod"},{"floor":23.0,"key":"Molten Egg 2"},{"floor":31.0,"key":"Replay:Multitool"},{"floor":32.0,"key":"halation:AfternoonTea"}],"event_choices":[{"damage_healed":0.0,"max_hp_gain":0.0,"max_hp_loss":0.0,"gold_gain":0.0,"event_name":"Golden Wing","player_choice":"Ignored","floor":13.0,"gold_loss":0.0,"damage_taken":0.0},{"damage_healed":0.0,"max_hp_gain":0.0,"max_hp_loss":0.0,"gold_gain":0.0,"event_name":"Lab","player_choice":"Got Potions","floor":19.0,"gold_loss":0.0,"damage_taken":0.0},{"damage_healed":0.0,"max_hp_gain":0.0,"max_hp_loss":0.0,"gold_gain":0.0,"event_name":"betterNote:BetterNote","player_choice":"Ignored","floor":21.0,"gold_loss":0.0,"damage_taken":0.0,"cards_obtained":["Strike_P"]},{"damage_healed":0.0,"max_hp_gain":0.0,"max_hp_loss":0.0,"gold_gain":0.0,"event_name":"The Library","player_choice":"Read","floor":24.0,"gold_loss":0.0,"damage_taken":0.0,"cards_obtained":["Pummel"]},{"damage_healed":0,"gold_gain":0,"player_choice":"Paid","damage_taken":0,"relics_obtained":["Red Mask"],"max_hp_gain":0,"max_hp_loss":0,"event_name":"Tomb of Lord Red Mask","floor":38,"gold_loss":298}],"is_beta":false,"boss_relics":[{"not_picked":["aspiration:PoetsPen_weak","Ring of Chaos"],"picked":"Calling Bell"},{"not_picked":["aspiration:SilentSkillbook","halation:Yufonium"],"picked":"SacredBark"}],"items_purged_floors":[2,20],"is_endless":false,"potions_floor_spawned":[1,7,11,23,28,31,33,37],"killed_by":"Giant Head","ascension_level":6}}