{"host":"aaqofma31c3gm2hj","time":1613527114,"event":{"mods":["BaseMod","GungeonMod","Minty Spire (QoL Compilation)","Replay The Spire","Spicy Shops","StSLib"],"gold_per_floor":[116,116,127,127,127,142,142,172,187,187,187,112,147,164,178,178,189,206,206,206,281,281,297,307,319,333,349,377,377,406,418,480,492,521,158,158,168,168,247,247,265,265,280,87,102,112,112,127,144,144,164,182,199,213,248,267,267,267,267,267,267,267,0,32,32],"floor_reached":66,"language":"ZHS","playtime":2586,"items_purged":["Defend_P","Defend_P","Strike_P"],"score":3144,"play_id":"2da3f8e8-a35a-4cff-9aa2-8c125fe60a1e","local_time":"20210217095834","is_ascension_mode":true,"campfire_choices":[{"floor":7.0,"key":"RECALL"},{"data":"TalkToTheHand","floor":16.0,"key":"SMITH"},{"floor":19.0,"key":"REST"},{"data":"Wallop","floor":29.0,"key":"SMITH"},{"data":"InnerPeace","floor":33.0,"key":"SMITH"},{"data":"ReachHeaven","floor":38.0,"key":"SMITH"},{"data":"FollowUp","floor":47.0,"key":"SMITH"},{"floor":57.0,"key":"REST"}],"circlet_count":0,"master_deck":["AscendersBane","Eruption","Vigilance","Vault","Swivel","TalkToTheHand+1","Adaptation","InnerPeace+1","DevaForm","Worship","Wallop+1","ReachHeaven+1","Scrawl","Fasting2","TalkToTheHand","EmptyMind","Wireheading","Midas Touch"],"relics":["Snecko Eye","Blood Vial","DemoMod:NanoMachines","Sundial","Potion Belt","Painkiller Herb","Replay:Accelerometer","MawBank","DemoMod:WeirdEgg","TeardropLocket","VioletLotus","Omamori","Replay:Multitool","DemoMod:GreenGuonStone","ClockworkSouvenir","Divine Protection","DemoMod:Armor"],"acts_visited":["Exordium","TheCity","TheBeyond","TheEnding"],"potions_floor_usage":[65,65,65],"damage_taken":[{"damage":0.0,"enemies":"Cultist","floor":1.0,"turns":3.0},{"damage":6.0,"enemies":"2 Louse","floor":3.0,"turns":3.0},{"damage":2.0,"enemies":"Small Slimes","floor":6.0,"turns":2.0},{"damage":24.0,"enemies":"Lagavulin","floor":8.0,"turns":6.0},{"damage":2.0,"enemies":"Exordium Wildlife","floor":9.0,"turns":5.0},{"damage":0.0,"enemies":"Gremlin Nob","floor":13.0,"turns":3.0},{"damage":0.0,"enemies":"2 Fungi Beasts","floor":14.0,"turns":4.0},{"damage":0.0,"enemies":"Lots of Slimes","floor":15.0,"turns":4.0},{"damage":0.0,"enemies":"Gremlin Gang","floor":17.0,"turns":4.0},{"damage":11.0,"enemies":"3 Louse","floor":18.0,"turns":3.0},{"damage":36.0,"enemies":"Slime Boss","floor":21.0,"turns":6.0},{"damage":2.0,"enemies":"Spheric Guardian","floor":23.0,"turns":4.0},{"damage":24.0,"enemies":"3 Byrds","floor":24.0,"turns":5.0},{"damage":0.0,"enemies":"3 Cultists","floor":25.0,"turns":4.0},{"damage":0.0,"enemies":"Centurion and Healer","floor":26.0,"turns":5.0},{"damage":0.0,"enemies":"Cultist and Chosen","floor":27.0,"turns":5.0},{"damage":3.0,"enemies":"Replay:Snechameleon","floor":28.0,"turns":4.0},{"damage":14.0,"enemies":"Gremlin Leader","floor":30.0,"turns":5.0},{"damage":6.0,"enemies":"Shelled Parasite and Fungi","floor":34.0,"turns":5.0},{"damage":0.0,"enemies":"Snecko","floor":37.0,"turns":3.0},{"damage":0.0,"enemies":"Collector","floor":39.0,"turns":4.0},{"damage":6.0,"enemies":"Orb Walker","floor":41.0,"turns":3.0},{"damage":0.0,"enemies":"3 Darklings","floor":43.0,"turns":2.0},{"damage":0.0,"enemies":"Spire Growth","floor":45.0,"turns":3.0},{"damage":0.0,"enemies":"Sphere and 2 Shapes","floor":46.0,"turns":2.0},{"damage":0.0,"enemies":"3 Darklings","floor":48.0,"turns":2.0},{"damage":0.0,"enemies":"Spire Growth","floor":49.0,"turns":2.0},{"damage":0.0,"enemies":"Maw","floor":51.0,"turns":3.0},{"damage":10.0,"enemies":"4 Shapes","floor":52.0,"turns":3.0},{"damage":0.0,"enemies":"Transient","floor":53.0,"turns":7.0},{"damage":0.0,"enemies":"3 Darklings","floor":54.0,"turns":3.0},{"damage":5.0,"enemies":"Reptomancer","floor":55.0,"turns":2.0},{"damage":0.0,"enemies":"Spire Growth","floor":56.0,"turns":3.0},{"damage":0.0,"enemies":"Awakened One","floor":59.0,"turns":6.0},{"damage":25.0,"enemies":"Time Eater","floor":60.0,"turns":6.0},{"damage":0.0,"enemies":"Shield and Spear","floor":64.0,"turns":2.0},{"damage":73,"enemies":"The Heart","floor":65,"turns":7}],"seed_played":"-1431165124042319925","potions_obtained":[{"floor":3.0,"key":"DistilledChaos"},{"floor":6.0,"key":"Dexterity Potion"},{"floor":13.0,"key":"AttackPotion"},{"floor":14.0,"key":"Block Potion"},{"floor":21.0,"key":"Block Potion"},{"floor":23.0,"key":"Milkshake"},{"floor":26.0,"key":"Explosive Potion"},{"floor":27.0,"key":"GamblersBrew"},{"floor":37.0,"key":"Dexterity Potion"},{"floor":39.0,"key":"DuplicationPotion"},{"floor":41.0,"key":"Elixir"},{"floor":42.0,"key":"Ambrosia"},{"floor":42.0,"key":"Strength Potion"},{"floor":54.0,"key":"GamblersBrew"},{"floor":64.0,"key":"SkillPotion"}],"is_trial":false,"path_per_floor":["M","?","M","?","?","M","R","E","M","T","T","$","E","M","M","R","M","M","R","R","B",null,"?","?","?","?","?","E","T","E","T","T","T","?","T","?","?","T","B",null,"?","?","?","T","?","?","T","?","?","T","?","?","?","?","E","?","T","T","B","B",null,"T","T","E","B",null],"character_chosen":"WATCHER","items_purchased":["TeardropLocket","Omamori","Midas Touch","ClockworkSouvenir"],"campfire_rested":2,"item_purchase_floors":[35,44,63,63],"current_hp_per_floor":[61,61,55,60,60,58,58,34,34,34,34,34,36,38,40,40,42,33,54,54,20,60,60,38,40,42,44,43,43,31,31,31,31,27,27,27,29,29,31,63,59,59,61,61,63,65,65,67,69,69,71,63,65,67,64,66,73,73,73,48,67,67,67,69,10],"gold":32,"neow_bonus":"BOSS_RELIC","is_daily":false,"chose_seed":false,"campfire_upgraded":5,"win_rate":0.0,"timestamp":1613527114,"path_taken":["M","?","M","?","?","M","R","E","M","T","T","$","E","M","M","R","M","M","R","R","BOSS","?","?","?","?","?","E","T","E","T","T","T","?","T","?","?","T","BOSS","?","?","?","T","?","?","T","?","?","T","?","?","?","?","E","?","T","T","BOSS","BOSS","T","T","E","BOSS"],"items_purchased_type":["Relic","Relic","Card","Relic"],"build_version":"2020-12-22","purchased_purges":3,"victory":true,"max_hp_per_floor":[68,68,68,73,73,73,73,73,73,73,73,73,73,73,73,73,73,73,73,73,73,73,73,73,73,73,73,73,73,73,73,73,73,73,73,73,73,73,73,73,73,73,73,73,73,73,73,73,73,73,73,73,73,73,73,73,73,73,73,73,73,73,73,73,73],"card_choices":[{"not_picked":["PathToVictory","Protect","CarveReality"],"picked":"SKIP","floor":1.0},{"not_picked":["Evaluate","ClearTheMind","EmptyBody"],"picked":"SKIP","floor":3.0},{"not_picked":["Replay:Anticipation","Collect"],"picked":"Vault","floor":6.0},{"not_picked":["WindmillStrike","Worship"],"picked":"Swivel","floor":8.0},{"not_picked":["Replay:ManipulateFuture","Replay:Vibes","Protect"],"picked":"SKIP","floor":9.0},{"not_picked":["FlyingSleeves","WaveOfTheHand"],"picked":"TalkToTheHand","floor":13.0},{"not_picked":["TalkToTheHand","ForeignInfluence"],"picked":"Adaptation","floor":14.0},{"not_picked":["Worship","DeceiveReality","Replay:AtTheReady"],"picked":"SKIP","floor":15.0},{"not_picked":["SignatureMove","Replay:Cycle","Replay:AtTheReady"],"picked":"SKIP","floor":17.0},{"not_picked":["ClearTheMind","FlurryOfBlows","Halt"],"picked":"SKIP","floor":18.0},{"not_picked":["Replay:AllIn","Vault"],"picked":"DevaForm","floor":21.0},{"not_picked":["FlyingSleeves","CrushJoints","EmptyBody"],"picked":"SKIP","floor":23.0},{"not_picked":["SashWhip+1","Pray+1","Prostrate"],"picked":"SKIP","floor":24.0},{"not_picked":["Replay:Hum","EmptyFist","Evaluate"],"picked":"SKIP","floor":25.0},{"not_picked":["Protect","Consecrate","Evaluate"],"picked":"SKIP","floor":26.0},{"not_picked":["PathToVictory","Devotion"],"picked":"Worship","floor":27.0},{"not_picked":["SashWhip","DeusExMachina"],"picked":"Wallop","floor":28.0},{"not_picked":["Prostrate","SignatureMove","ThirdEye"],"picked":"SKIP","floor":30.0},{"not_picked":["Evaluate","Replay:AtTheReady","SashWhip"],"picked":"SKIP","floor":34.0},{"not_picked":["EmptyBody","ClearTheMind","LikeWater"],"picked":"SKIP","floor":37.0},{"not_picked":["ConjureBlade","Blasphemy"],"picked":"Scrawl","floor":39.0},{"not_picked":["SandsOfTime","WaveOfTheHand+1","Swivel+1"],"picked":"SKIP","floor":41.0},{"not_picked":["Evaluate","Halt","Swivel+1"],"picked":"SKIP","floor":43.0},{"not_picked":["Crescendo","JustLucky","Replay:DivineShield+1"],"picked":"SKIP","floor":45.0},{"not_picked":["ConjureBlade","Protect","ThirdEye"],"picked":"SKIP","floor":46.0},{"not_picked":["EmptyMind+1","Replay:BluntJabs","FollowUp+1"],"picked":"SKIP","floor":48.0},{"not_picked":["Replay:BluntJabs","FollowUp","PathToVictory"],"picked":"SKIP","floor":49.0},{"not_picked":["Replay:Vibes","JustLucky","FollowUp"],"picked":"SKIP","floor":51.0},{"not_picked":["JustLucky","Protect+1","CrushJoints+1"],"picked":"SKIP","floor":52.0},{"not_picked":["FlurryOfBlows","MasterReality","Replay:ManipulateFuture"],"picked":"SKIP","floor":53.0},{"not_picked":["ReachHeaven","Evaluate"],"picked":"Fasting2","floor":54.0},{"not_picked":["FlyingSleeves","BowlingBash","JustLucky"],"picked":"SKIP","floor":55.0},{"not_picked":["EmptyFist","Meditate+1"],"picked":"TalkToTheHand","floor":56.0},{"not_picked":["Perseverance","FlurryOfBlows","FlyingSleeves+1"],"picked":"SKIP","floor":64.0}],"player_experience":669491,"relics_obtained":[{"floor":8.0,"key":"Blood Vial"},{"floor":10.0,"key":"DemoMod:NanoMachines"},{"floor":11.0,"key":"Sundial"},{"floor":13.0,"key":"Potion Belt"},{"floor":28.0,"key":"Replay:Accelerometer"},{"floor":30.0,"key":"MawBank"},{"floor":32.0,"key":"DemoMod:WeirdEgg"},{"floor":50.0,"key":"Replay:Multitool"},{"floor":55.0,"key":"DemoMod:GreenGuonStone"},{"floor":64.0,"key":"Divine Protection"}],"event_choices":[{"damage_healed":0.0,"max_hp_gain":0.0,"max_hp_loss":0.0,"gold_gain":0.0,"event_name":"Liars Game","player_choice":"Ignored","floor":2.0,"gold_loss":0.0,"damage_taken":0.0},{"damage_healed":0.0,"max_hp_gain":5.0,"max_hp_loss":0.0,"gold_gain":0.0,"event_name":"Big Fish","player_choice":"Donut","floor":4.0,"gold_loss":0.0,"damage_taken":0.0},{"cards_removed":["Defend_P"],"damage_healed":0.0,"max_hp_gain":0.0,"max_hp_loss":0.0,"gold_gain":0.0,"event_name":"Living Wall","player_choice":"Forget","floor":5.0,"gold_loss":0.0,"damage_taken":0.0},{"damage_healed":0.0,"max_hp_gain":0.0,"max_hp_loss":0.0,"gold_gain":0.0,"cards_transformed":["Strike_P","Strike_P"],"event_name":"Drug Dealer","player_choice":"Became Test Subject","floor":36.0,"gold_loss":0.0,"damage_taken":0.0,"cards_obtained":["FollowUp","ReachHeaven"]},{"damage_healed":0.0,"max_hp_gain":0.0,"max_hp_loss":0.0,"gold_gain":0.0,"event_name":"Lab","player_choice":"Got Potions","floor":42.0,"gold_loss":0.0,"damage_taken":0.0}],"is_beta":false,"boss_relics":[{"not_picked":["Abe\u0027s Treasure","Tiny House"],"picked":"Painkiller Herb"},{"not_picked":["Cursed Key","ReplayTheSpireMod:DimensionalGlitch"],"picked":"VioletLotus"}],"items_purged_floors":[12,35,44],"is_endless":false,"potions_floor_spawned":[3,6,13,14,21,23,26,27,37,39,41,49,51,53,54,64],"ascension_level":20}}