{"host":"scy0o1xotfn36lpl","time":1613594599,"event":{"mods":["AchievementEnabler","Aspiration","BaseMod","Better Altar","Better Note","Better Sensory Stone","Better Skull","Better Third Choice","Colored Map","Curses Come First","Downfall","GifTheSpireLib","Googly Eyes","Highlight Path","Minty Spire (QoL Compilation)","Permanent Neow","Spicy Shops","StSLib","everything is the same but u backflip on backflip"],"gold_per_floor":[119,119,119,136,146,146,159,159,186,197,197,197,212,212,212,309,309,327,327,242,3,3,3,35,35,107,124,124,124,195,206,206,311,311,321,321,126,142,159,184,195,195,221,252,267,267,292,326,326,326,326],"floor_reached":50,"language":"ENG","playtime":4102,"items_purged":["Shame"],"score":535,"play_id":"da4e0926-9e74-47de-ad6d-a4bf0d301397","local_time":"20210217124319","is_ascension_mode":false,"campfire_choices":[{"data":"Eruption","floor":6.0,"key":"SMITH"},{"data":"LikeWater","floor":8.0,"key":"SMITH"},{"floor":15.0,"key":"REST"},{"data":"Halt","floor":23.0,"key":"SMITH"},{"floor":29,"key":"REST"},{"floor":32,"key":"REST"},{"floor":42,"key":"REST"},{"floor":46,"key":"REST"},{"floor":49,"key":"REST"}],"circlet_count":0,"master_deck":["Strike_P","Strike_P","Strike_P","Strike_P+1","Defend_P","Defend_P","Defend_P+1","Eruption+1","Vigilance","Halt+1","FlurryOfBlows+1","CrushJoints+1","LikeWater+1","ClearTheMind+1","CarveReality+1","Vault+1","EmptyFist+1","FollowUp+1","Wallop+1","Brilliance+1","Master of Strategy","Master of Strategy","FollowUp+1","DeusExMachina","InnerPeace+1","WaveOfTheHand+1","Wallop+1","DeusExMachina","CarveReality+1","Pain","downfall:Haunted"],"relics":["PureWater","aspiration:Nostalgia","Ring of the Snake","Molten Egg 2","Damaru","Cursed Key","aspiration:HiddenCompartment","Toolbox","Lizard Tail","Matryoshka","Smiling Mask","Sundial","Sozu","Orichalcum","Eternal Feather","Bronze Scales","Toy Ornithopter","CaptainsWheel","Potion Belt"],"acts_visited":["Exordium","TheCity","TheBeyond"],"potions_floor_usage":[27,27,33],"damage_taken":[{"damage":11.0,"enemies":"2 Louse","floor":1.0,"turns":3.0},{"damage":0.0,"enemies":"Small Slimes","floor":4.0,"turns":2.0},{"damage":0.0,"enemies":"Cultist","floor":5.0,"turns":2.0},{"damage":0.0,"enemies":"Exordium Wildlife","floor":7.0,"turns":2.0},{"damage":4.0,"enemies":"Large Slime","floor":10.0,"turns":4.0},{"damage":0.0,"enemies":"Looter","floor":13.0,"turns":2.0},{"damage":33.0,"enemies":"The Guardian","floor":16.0,"turns":9.0},{"damage":5.0,"enemies":"Spheric Guardian","floor":18.0,"turns":3.0},{"damage":65.0,"enemies":"Gremlin Leader","floor":24.0,"turns":3.0},{"damage":0,"enemies":"2 Thieves","floor":27,"turns":1},{"damage":0,"enemies":"Snake Plant","floor":31,"turns":1},{"damage":10,"enemies":"Automaton","floor":33,"turns":4},{"damage":2,"enemies":"3 Darklings","floor":35,"turns":5},{"damage":4,"enemies":"3 Shapes","floor":38,"turns":3},{"damage":0,"enemies":"Writhing Mass","floor":39,"turns":4},{"damage":42,"enemies":"Nemesis","floor":40,"turns":8},{"damage":0,"enemies":"Spire Growth","floor":41,"turns":4},{"damage":79,"enemies":"Reptomancer","floor":44,"turns":4},{"damage":9,"enemies":"Sphere and 2 Shapes","floor":45,"turns":3},{"damage":19,"enemies":"Jaw Worm Horde","floor":48,"turns":3},{"damage":73,"enemies":"Donu and Deca","floor":50,"turns":7}],"seed_played":"-1439007589275003950","potions_obtained":[{"floor":10.0,"key":"BottledMiracle"},{"floor":16.0,"key":"SteroidPotion"},{"floor":18.0,"key":"SteroidPotion"},{"floor":31,"key":"AttackPotion"}],"is_trial":false,"path_per_floor":["M","?","?","M","M","R","M","R","T","M","?","?","M","?","R","B",null,"M","?","?","$","?","R","E","$","T","M","?","R","T","M","R","B",null,"M","?","$","M","M","E","M","R","T","E","M","R","T","M","R","B"],"character_chosen":"WATCHER","items_purchased":["Toolbox","FollowUp+1","Wallop+1","Orichalcum"],"campfire_rested":6,"item_purchase_floors":[21,21,21,37],"current_hp_per_floor":[61,61,61,61,61,61,61,61,61,57,43,36,36,36,57,24,72,67,67,67,67,67,67,2,2,2,2,2,23,23,23,44,34,72,70,70,70,66,66,24,24,60,60,22,13,52,52,33,72,0,0],"gold":326,"neow_bonus":"NOSTALGIA","is_daily":false,"chose_seed":false,"campfire_upgraded":3,"win_rate":0.0,"timestamp":1613594599,"path_taken":["M","?","?","M","?","R","M","R","T","M","?","?","M","?","R","BOSS","M","?","?","?","?","R","E","$","T","?","?","R","?","?","R","BOSS","M","?","$","?","M","E","M","R","T","E","M","R","?","M","R","BOSS"],"items_purchased_type":["Relic","Card","Card","Relic"],"build_version":"2020-12-22","purchased_purges":1,"victory":false,"max_hp_per_floor":[72,72,72,72,72,72,72,72,72,72,72,72,72,72,72,72,72,72,72,72,72,72,72,72,72,72,72,72,72,72,72,72,72,72,72,72,72,72,72,72,72,72,72,72,72,72,72,72,72,72,72],"card_choices":[{"not_picked":["EmptyBody","Perseverance"],"picked":"Halt","floor":1.0},{"not_picked":["Crescendo","Halt"],"picked":"FlurryOfBlows+1","floor":4.0},{"not_picked":["SashWhip+1","Prostrate"],"picked":"CrushJoints+1","floor":5.0},{"not_picked":["Adaptation","Prostrate"],"picked":"LikeWater","floor":7.0},{"not_picked":["MentalFortress","EmptyBody"],"picked":"ClearTheMind","floor":10.0},{"not_picked":["DeusExMachina","Protect"],"picked":"CarveReality+1","floor":13.0},{"not_picked":["Scrawl","DeusExMachina"],"picked":"Vault","floor":16.0},{"not_picked":["EmptyMind+1","FlyingSleeves+1"],"picked":"EmptyFist+1","floor":18.0},{"not_picked":["Evaluate","PathToVictory+1"],"picked":"Brilliance+1","floor":24.0},{"not_picked":["WreathOfFlame","EmptyMind+1","FlyingSleeves+1"],"picked":"SKIP","floor":27},{"not_picked":["Metamorphosis","Chrysalis"],"picked":"Master of Strategy","floor":28},{"not_picked":["Impatience","Dark Shackles"],"picked":"Master of Strategy","floor":28},{"not_picked":["ThirdEye","WheelKick+1"],"picked":"FollowUp+1","floor":31},{"not_picked":["Scrawl","Ragnarok+1"],"picked":"DeusExMachina","floor":33},{"not_picked":["PathToVictory+1","SandsOfTime+1"],"picked":"InnerPeace+1","floor":35},{"not_picked":["EmptyFist+1","ForeignInfluence+1"],"picked":"WaveOfTheHand+1","floor":38},{"not_picked":["JustLucky+1","Crescendo"],"picked":"Wallop+1","floor":39},{"not_picked":["Perseverance","FollowUp+1"],"picked":"DeusExMachina","floor":40},{"not_picked":["FollowUp+1","Fasting2+1"],"picked":"CarveReality+1","floor":41},{"not_picked":["Fasting2","FlyingSleeves+1","JustLucky+1"],"picked":"SKIP","floor":44},{"not_picked":["SashWhip+1","Weave+1","ClearTheMind+1"],"picked":"SKIP","floor":45},{"not_picked":["SashWhip+1","Swivel+1","LessonLearned+1"],"picked":"SKIP","floor":48}],"player_experience":67928,"relics_obtained":[{"floor":9.0,"key":"Damaru"},{"floor":24.0,"key":"Lizard Tail"},{"floor":26.0,"key":"Matryoshka"},{"floor":30,"key":"Smiling Mask"},{"floor":30,"key":"Sundial"},{"floor":40,"key":"Eternal Feather"},{"floor":43,"key":"Bronze Scales"},{"floor":43,"key":"Toy Ornithopter"},{"floor":44,"key":"CaptainsWheel"},{"floor":47,"key":"Potion Belt"}],"event_choices":[{"damage_healed":0.0,"max_hp_gain":0.0,"max_hp_loss":0.0,"gold_gain":0.0,"event_name":"Big Fish","player_choice":"Box","floor":2.0,"gold_loss":0.0,"damage_taken":0.0,"relics_obtained":["Molten Egg 2"],"cards_obtained":["Regret"]},{"cards_removed":["Regret"],"damage_healed":0.0,"max_hp_gain":0.0,"max_hp_loss":0.0,"gold_gain":0.0,"event_name":"Purifier","player_choice":"Purged","floor":3.0,"gold_loss":0.0,"damage_taken":0.0},{"damage_healed":57.0,"max_hp_gain":0.0,"max_hp_loss":72.0,"gold_gain":0.0,"event_name":"betterThird:BetterShining","player_choice":"Upgrade","floor":11.0,"gold_loss":0.0,"damage_taken":14.0,"cards_upgraded":["Strike_P","Defend_P"]},{"cards_removed":["Defend_P"],"damage_healed":0.0,"max_hp_gain":0.0,"max_hp_loss":0.0,"gold_gain":0.0,"event_name":"Golden Wing","player_choice":"Card Removal","floor":12.0,"gold_loss":0.0,"damage_taken":7.0},{"damage_healed":0.0,"max_hp_gain":0.0,"max_hp_loss":0.0,"gold_gain":0.0,"event_name":"Living Wall","player_choice":"Grow","floor":14.0,"gold_loss":0.0,"damage_taken":0.0,"cards_upgraded":["ClearTheMind"]},{"damage_healed":0.0,"max_hp_gain":0.0,"max_hp_loss":0.0,"gold_gain":0.0,"event_name":"betterNote:BetterNote","player_choice":"Ignored","floor":19.0,"gold_loss":0.0,"damage_taken":0.0,"cards_obtained":["DevaForm"]},{"damage_healed":0.0,"max_hp_gain":0.0,"max_hp_loss":0.0,"gold_gain":0.0,"event_name":"Addict","player_choice":"Obtained Relic","floor":20.0,"gold_loss":85.0,"damage_taken":0.0,"relics_obtained":["aspiration:HiddenCompartment"]},{"damage_healed":0.0,"max_hp_gain":0.0,"max_hp_loss":0.0,"gold_gain":0.0,"event_name":"Upgrade Shrine","player_choice":"Upgraded","floor":22.0,"gold_loss":0.0,"damage_taken":0.0,"cards_upgraded":["Vault"]},{"damage_healed":0,"gold_gain":2,"player_choice":"1","damage_taken":0,"max_hp_gain":0,"max_hp_loss":0,"event_name":"betterStone:BetterStone","floor":28,"gold_loss":0},{"cards_removed":["Regret"],"damage_healed":0,"gold_gain":0,"player_choice":"Purged","damage_taken":0,"max_hp_gain":0,"max_hp_loss":0,"event_name":"Purifier","floor":36,"gold_loss":0}],"is_beta":false,"boss_relics":[{"not_picked":["Velvet Choker","Runic Pyramid"],"picked":"Cursed Key"},{"not_picked":["aspiration:SecretTechniqueScroll","Coffee Dripper"],"picked":"Sozu"}],"items_purged_floors":[37],"is_endless":false,"potions_floor_spawned":[10,16,18,31,35,38,40,44,48],"killed_by":"Donu and Deca","ascension_level":0}}