{"host":"7wi4qgm5yw4j7oz0","time":1613580421,"event":{"mods":["AchievementEnabler","BaseMod","Block Reminder","Colored Map","Colored Powertips","Highlight Path","Minty Spire (QoL Compilation)","Permanent Neow","Random Character Button","StSLib","everything is the same but u backflip on backflip"],"gold_per_floor":[114,114,38,48,58,58,86,104,176,193,193,209,232,250,250,354,354,364,382,307,322,322,322,347,347,347,361,361,374,374,387,387,387,387],"floor_reached":33,"language":"KOR","playtime":2272,"items_purged":["Sever Soul+1"],"score":434,"play_id":"882251a8-2f00-488d-8d8f-62b1a22d3b6b","local_time":"20210218014701","is_ascension_mode":true,"campfire_choices":[{"data":"Limit Break","floor":6.0,"key":"SMITH"},{"data":"Pommel Strike","floor":11.0,"key":"SMITH"},{"data":"Offering","floor":15.0,"key":"SMITH"},{"floor":23.0,"key":"REST"},{"floor":25.0,"key":"REST"},{"floor":28.0,"key":"REST"},{"floor":30.0,"key":"REST"},{"floor":32.0,"key":"REST"}],"circlet_count":0,"master_deck":["AscendersBane","Strike_R","Strike_R","Strike_R","Defend_R","Defend_R","Defend_R","Defend_R","Bash+1","Limit Break+1","Headbutt","Inflame","Pommel Strike+1","Pummel","Battle Trance","Power Through","Thunderclap","Clothesline","Offering+1","Evolve","Second Wind","Feel No Pain","Reaper","Twin Strike+1","Offering+1","Sword Boomerang","Heavy Blade","Impervious","Seeing Red","Shrug It Off+1","Seeing Red+1"],"relics":["Burning Blood","Prayer Wheel","Paper Frog","Odd Mushroom","Astrolabe","Tiny Chest","Ornamental Fan"],"acts_visited":["Exordium","TheCity"],"potions_floor_usage":[33],"damage_taken":[{"damage":7.0,"enemies":"Small Slimes","floor":1.0,"turns":3.0},{"damage":6.0,"enemies":"Cultist","floor":4.0,"turns":3.0},{"damage":0.0,"enemies":"2 Louse","floor":5.0,"turns":2.0},{"damage":33.0,"enemies":"Gremlin Nob","floor":7.0,"turns":4.0},{"damage":15.0,"enemies":"Large Slime","floor":8.0,"turns":7.0},{"damage":11.0,"enemies":"Looter","floor":10.0,"turns":3.0},{"damage":4.0,"enemies":"Exordium Thugs","floor":12.0,"turns":4.0},{"damage":6.0,"enemies":"The Mushroom Lair","floor":13.0,"turns":3.0},{"damage":7.0,"enemies":"3 Louse","floor":14.0,"turns":2.0},{"damage":24.0,"enemies":"Slime Boss","floor":16.0,"turns":9.0},{"damage":19.0,"enemies":"2 Thieves","floor":18.0,"turns":3.0},{"damage":14.0,"enemies":"Chosen","floor":19.0,"turns":3.0},{"damage":29.0,"enemies":"Centurion and Healer","floor":21.0,"turns":4.0},{"damage":58.0,"enemies":"Slavers","floor":24.0,"turns":7.0},{"damage":22.0,"enemies":"Snake Plant","floor":27.0,"turns":3.0},{"damage":16.0,"enemies":"3 Cultists","floor":29.0,"turns":5.0},{"damage":28.0,"enemies":"Sentry and Sphere","floor":31.0,"turns":5.0},{"damage":88,"enemies":"Automaton","floor":33,"turns":10}],"seed_played":"-8371601848119347847","potions_obtained":[{"floor":1.0,"key":"BloodPotion"},{"floor":10.0,"key":"BlessingOfTheForge"},{"floor":12.0,"key":"Block Potion"},{"floor":16.0,"key":"Fire Potion"},{"floor":21.0,"key":"FearPotion"},{"floor":27.0,"key":"DuplicationPotion"},{"floor":29.0,"key":"Swift Potion"},{"floor":31.0,"key":"Energy Potion"}],"is_trial":false,"path_per_floor":["M","?","$","M","M","R","E","M","T","M","R","M","?","M","R","B",null,"M","M","$","M","?","R","E","R","T","M","R","M","R","M","R","B"],"character_chosen":"IRONCLAD","items_purchased":["Inflame"],"campfire_rested":5,"item_purchase_floors":[3],"current_hp_per_floor":[71,71,71,71,77,77,50,57,57,52,52,54,54,53,53,35,69,56,54,54,52,37,62,10,35,35,19,44,34,59,37,62,0,0],"gold":387,"neow_bonus":"UPGRADE_CARD","is_daily":false,"chose_seed":false,"campfire_upgraded":3,"win_rate":0.0,"timestamp":1613580421,"path_taken":["M","?","$","M","M","R","E","M","T","M","R","?","?","M","R","BOSS","M","M","$","M","?","R","E","R","T","M","R","M","R","M","R","BOSS"],"items_purchased_type":["Card"],"build_version":"2020-12-22","purchased_purges":1,"victory":false,"max_hp_per_floor":[80,80,80,80,80,80,80,80,80,80,80,80,80,80,80,80,80,80,80,80,80,85,85,85,85,85,85,85,85,85,85,85,85,85],"card_choices":[{"not_picked":["True Grit","Thunderclap"],"picked":"Perfected Strike","floor":1.0},{"not_picked":["Feel No Pain","Armaments"],"picked":"Pommel Strike","floor":4.0},{"not_picked":["Body Slam","Anger"],"picked":"Pummel","floor":5.0},{"not_picked":["Evolve","Blood for Blood"],"picked":"Battle Trance","floor":7.0},{"not_picked":["Dark Embrace","Twin Strike"],"picked":"Power Through","floor":8.0},{"not_picked":["Clash","Dark Embrace","Rampage"],"picked":"SKIP","floor":8.0},{"not_picked":["Clash","Dark Embrace","Rampage"],"picked":"SKIP","floor":8.0},{"not_picked":["Power Through","Hemokinesis"],"picked":"Thunderclap","floor":10.0},{"not_picked":["Hemokinesis","Thunderclap"],"picked":"Clothesline","floor":10.0},{"not_picked":["Whirlwind","Flex"],"picked":"Offering","floor":12.0},{"not_picked":["Havoc","Shrug It Off"],"picked":"Evolve","floor":12.0},{"not_picked":["Uppercut","Infernal Blade"],"picked":"Second Wind","floor":14.0},{"not_picked":["Bloodletting","Combust"],"picked":"Feel No Pain","floor":14.0},{"not_picked":["Juggernaut","Exhume"],"picked":"Reaper","floor":16.0},{"not_picked":["Infernal Blade","Warcry"],"picked":"Sword Boomerang","floor":18.0},{"not_picked":["Headbutt","Perfected Strike","Twin Strike+1"],"picked":"SKIP","floor":18.0},{"not_picked":["Pommel Strike","Sever Soul","Clash"],"picked":"SKIP","floor":19.0},{"not_picked":["Inflame","Armaments","Ghostly Armor+1"],"picked":"SKIP","floor":19.0},{"not_picked":["Burning Pact","Flex"],"picked":"Heavy Blade","floor":21.0},{"not_picked":["Dark Embrace","Body Slam","Entrench"],"picked":"SKIP","floor":21.0},{"not_picked":["Flame Barrier","Ghostly Armor"],"picked":"Impervious","floor":24.0},{"not_picked":["Heavy Blade","Havoc","Pummel"],"picked":"SKIP","floor":27.0},{"not_picked":["Ghostly Armor","Twin Strike","Cleave"],"picked":"SKIP","floor":27.0},{"not_picked":["Warcry","Armaments+1"],"picked":"Seeing Red","floor":29.0},{"not_picked":["Demon Form","Headbutt","Armaments"],"picked":"SKIP","floor":29.0},{"not_picked":["Cleave","Thunderclap"],"picked":"Shrug It Off+1","floor":31.0},{"not_picked":["Shrug It Off","Twin Strike"],"picked":"Seeing Red+1","floor":31.0}],"player_experience":317253,"relics_obtained":[{"floor":7.0,"key":"Prayer Wheel"},{"floor":9.0,"key":"Paper Frog"},{"floor":13.0,"key":"Odd Mushroom"},{"floor":24.0,"key":"Tiny Chest"},{"floor":26.0,"key":"Ornamental Fan"}],"event_choices":[{"damage_healed":0.0,"max_hp_gain":0.0,"max_hp_loss":0.0,"gold_gain":0.0,"event_name":"Match and Keep!","player_choice":"2 cards matched","floor":2.0,"gold_loss":0.0,"damage_taken":0.0,"cards_obtained":["Limit Break","Headbutt"]},{"damage_healed":0.0,"max_hp_gain":0.0,"max_hp_loss":0.0,"gold_gain":0.0,"event_name":"Mushrooms","player_choice":"Fought Mushrooms","floor":13.0,"gold_loss":0.0,"damage_taken":0.0},{"damage_healed":0.0,"max_hp_gain":5.0,"max_hp_loss":0.0,"gold_gain":0.0,"event_name":"Forgotten Altar","player_choice":"Shed Blood","floor":22.0,"gold_loss":0.0,"damage_taken":20.0}],"is_beta":false,"boss_relics":[{"not_picked":["Fusion Hammer","Black Blood"],"picked":"Astrolabe"}],"items_purged_floors":[20],"is_endless":false,"potions_floor_spawned":[1,10,12,16,21,27,29,31],"killed_by":"Automaton","ascension_level":12}}