{"host":"pqs17sqrgflf4eqa","time":1613602248,"event":{"mods":["AchievementEnabler","BaseMod","Bestiary","Better Altar","Better Match","Better Skull","Block Reminder","Bossed Relics","Colored Map","Colored Powertips","Curses Come First","Dark Map","DeckTracker","Defective Defect","Displayed Cursed Tome","Emptier Cage","Googly Eyes","Highlight Path","Minty Spire (QoL Compilation)","Quick Restart","Slay-I","StSLib","SuperFastMode","Synergy Search","Thieving Mod","Transform Curses","everything is the same but u backflip on backflip","slay the spire mod where everything is the same but ironclad has a cowboy hat"],"gold_per_floor":[114,126,126,145,155,155,155],"floor_reached":6,"language":"ENG","playtime":147,"items_purged":[],"score":49,"play_id":"5d30381d-c76e-48e5-8dd2-67bdd274778a","local_time":"20210217175048","is_ascension_mode":true,"campfire_choices":[],"circlet_count":0,"master_deck":["Strike_P","Strike_P","Strike_P","Strike_P","Defend_P","Defend_P","Defend_P","Defend_P","Eruption","Vigilance","DevaForm+1","FlurryOfBlows","Nirvana","FlurryOfBlows","BowlingBash"],"relics":["PureWater"],"acts_visited":["Exordium"],"potions_floor_usage":[],"damage_taken":[{"damage":3,"enemies":"Cultist","floor":1,"turns":4},{"damage":1,"enemies":"2 Louse","floor":2,"turns":2},{"damage":5,"enemies":"Jaw Worm","floor":4,"turns":6},{"damage":25,"enemies":"Large Slime","floor":5,"turns":7},{"damage":30,"enemies":"3 Sentries","floor":6,"turns":6}],"seed_played":"-1173996589926386354","potions_obtained":[{"floor":5,"key":"Ancient Potion"}],"is_trial":false,"path_per_floor":["M","M","?","M","M","E"],"character_chosen":"WATCHER","items_purchased":[],"campfire_rested":0,"item_purchase_floors":[],"current_hp_per_floor":[62,61,61,56,31,1,1],"gold":155,"neow_bonus":"THREE_RARE_CARDS","is_daily":false,"chose_seed":false,"campfire_upgraded":0,"win_rate":0.0,"timestamp":1613602248,"path_taken":["M","?","?","?","M","E"],"items_purchased_type":[],"build_version":"2020-12-22","purchased_purges":0,"victory":false,"max_hp_per_floor":[65,65,65,65,65,65,65],"card_choices":[{"not_picked":["Alpha","Scrawl"],"picked":"DevaForm","floor":0},{"not_picked":["JustLucky","Evaluate"],"picked":"FlurryOfBlows","floor":1},{"not_picked":["BowlingBash","Prostrate"],"picked":"Nirvana","floor":2},{"not_picked":["ClearTheMind","FlyingSleeves"],"picked":"FlurryOfBlows","floor":4},{"not_picked":["Collect","ThirdEye"],"picked":"BowlingBash","floor":5}],"player_experience":225926,"relics_obtained":[],"event_choices":[{"damage_healed":0,"gold_gain":0,"player_choice":"Upgraded","damage_taken":0,"max_hp_gain":0,"max_hp_loss":0,"event_name":"Upgrade Shrine","floor":3,"gold_loss":0,"cards_upgraded":["DevaForm"]}],"is_beta":false,"boss_relics":[],"items_purged_floors":[],"is_endless":false,"potions_floor_spawned":[5],"killed_by":"3 Sentries","ascension_level":6}}