{"host":"5td1gsj4mnrioltg","time":1613551557,"event":{"mods":["2.2 Compatiblity","AchievementEnabler","Act Like it!","Aspiration","BaseMod","Beaked The Cultist","Better Altar","Better Match","Better Note","Better Sensory Stone","Better Silent Start","Better Skull","Better Third Choice","Better Vampires","BetterRewards","Bossed Relics","Colored Map","Colored Powertips","Displayed Cursed Tome","Downfall","Emptier Cage","Evolution","Friendly Minions","GifTheSpireLib","Highlight Path","Ironclad Rager","Jedi Mod","JesterMod","Mad Scientist","Menagerie","Minty Spire (QoL Compilation)","Permanent Neow","Quick Restart","Reliquary","Replay The Spire","Reworked Bosses","Shade Mod","Shapeshifter Mod","Spicy Shops","StSLib","The Blue Laboratory","The Dragon Tamer","The Dragonkin","The Druid","The Elementalist","The Marked","The Necromancer","The Runesmith","Thieving Mod","Transform Curses","Wandering Minibosses"],"gold_per_floor":[117,117,129,129,129,160,160,186,221,260,73,73,73,73,73,177,177,164,192,218,218,56,56,86,99,99,99,99,110,47,60,60,161,161,178,178,228,0,20,55,55,65,65,65,65,84,84,84,84,84],"floor_reached":51,"language":"ENG","playtime":2368,"items_purged":["StSShapeShifter:Lynx_Form","StSShapeShifter:ShapeShifter_Strike","Decay","StSShapeShifter:ShapeShifter_Strike","StSShapeShifter:Tortoise_Form","StSShapeShifter:BladeOfGrass","StSShapeShifter:ShapeShifter_Defend"],"score":1125,"play_id":"7e3cb906-0d67-4c98-9eb8-817b5be36e26","local_time":"20210217004557","is_ascension_mode":true,"campfire_choices":[{"data":"StSShapeShifter:BurstingSpore","floor":7.0,"key":"SMITH"},{"data":"StSShapeShifter:MysticalSeed","floor":15.0,"key":"SMITH"},{"floor":23.0,"key":"REST"},{"floor":32.0,"key":"REST"},{"floor":41.0,"key":"REST"},{"floor":47,"key":"REST"},{"floor":49,"key":"REST"}],"circlet_count":0,"master_deck":["StSShapeShifter:ShapeShifter_Defend","StSShapeShifter:HummingbirdForm+1","StSShapeShifter:BurstingSpore+1","StSShapeShifter:BarkSkin+1","StSShapeShifter:AdaptiveStrikes","StSShapeShifter:MysticalSeed+1","StSShapeShifter:TopazSkin","StSShapeShifter:Ensconce","StSShapeShifter:Spring","StSShapeShifter:BaskInBloom+1","StSShapeShifter:Rabid"],"relics":["StSShapeShifter:AnimalHeart","StSShapeShifter:TheShapeShiftersMagnolia","EVO:Axolotl","Juzu Bracelet","MawBank","reliquary:Buckler","jedi:cryingmask","SlaversCollar","Red Mask","Bag of Preparation","Membership Card","Darkstone Periapt","Calipers","reliquary:WritOfMandamus","StSShapeShifter:AlarmClock","Chemical X","Replay:Wax Seal","White Beast Statue"],"acts_visited":["Exordium","TheCity","TheBeyond"],"potions_floor_usage":[46,46,50],"damage_taken":[{"damage":0.0,"enemies":"2 Louse","floor":1.0,"turns":2.0},{"damage":1.0,"enemies":"Jaw Worm","floor":3.0,"turns":4.0},{"damage":16.0,"enemies":"Replay:BlueRogue","floor":6.0,"turns":8.0},{"damage":13.0,"enemies":"3 Sentries","floor":8.0,"turns":10.0},{"damage":7.0,"enemies":"Lagavulin","floor":10.0,"turns":8.0},{"damage":26.0,"enemies":"Slime Boss","floor":16.0,"turns":8.0},{"damage":18.0,"enemies":"2 Thieves","floor":18.0,"turns":4.0},{"damage":40.0,"enemies":"Masked Bandits","floor":19.0,"turns":4.0},{"damage":0.0,"enemies":"Gremlin Leader","floor":24.0,"turns":5.0},{"damage":0.0,"enemies":"Chosen","floor":25.0,"turns":7.0},{"damage":22.0,"enemies":"3 Cultists","floor":29.0,"turns":6.0},{"damage":11.0,"enemies":"Snake Plant","floor":31.0,"turns":6.0},{"damage":33.0,"enemies":"Pondfish","floor":33.0,"turns":8.0},{"damage":12.0,"enemies":"3 Shapes","floor":35.0,"turns":6.0},{"damage":21.0,"enemies":"Mind Bloom Boss Battle","floor":37.0,"turns":9.0},{"damage":31.0,"enemies":"Orb Walker","floor":39.0,"turns":5.0},{"damage":9.0,"enemies":"beaked:SuperParasite","floor":40.0,"turns":6.0},{"damage":0.0,"enemies":"Spire Growth","floor":42.0,"turns":4.0},{"damage":10,"enemies":"4 Shapes","floor":46,"turns":7},{"damage":21,"enemies":"TheAcolyte","floor":50,"turns":7}],"seed_played":"-3697612098647947002","potions_obtained":[{"floor":3.0,"key":"blueLaboratory:BubblePotion"},{"floor":6.0,"key":"Swift Potion"},{"floor":8.0,"key":"blueLaboratory:LouseDecoction"},{"floor":25.0,"key":"Regen Potion"},{"floor":29.0,"key":"SteroidPotion"},{"floor":33.0,"key":"Venom Potion"},{"floor":37.0,"key":"LifebloodPotion"},{"floor":42.0,"key":"AttackPotion"},{"floor":46,"key":"CultistPotion"}],"is_trial":false,"path_per_floor":["M","?","M","?","?","E","R","E","T","E","$","?","?","$","R","B",null,"M","?","T","?","$","R","E","M","T","?","?","M","$","M","R","B",null,"M","?","?","$","M","E","R","M","T","$","?","M","R","?","R","B",null],"character_chosen":"SHAPESHIFTER","items_purchased":["StSShapeShifter:RockSlide","Membership Card","Calipers","Chemical X"],"campfire_rested":5,"item_purchase_floors":[11,22,30,38],"current_hp_per_floor":[78,78,77,77,77,61,61,48,48,41,41,41,49,49,49,23,78,60,20,20,20,20,43,43,43,43,43,43,36,36,25,48,15,78,66,66,45,45,14,5,28,28,28,28,28,18,41,41,64,43],"gold":84,"neow_bonus":"THREE_CARDS","is_daily":false,"chose_seed":false,"campfire_upgraded":2,"win_rate":0.0,"timestamp":1613551557,"path_taken":["M","?","M","?","?","E","R","E","T","E","$","?","?","?","R","BOSS","M","?","?","?","$","R","E","M","T","?","?","M","$","M","R","BOSS","M","?","?","$","M","E","R","M","T","?","?","M","R","?","R","BOSS"],"items_purchased_type":["Card","Relic","Relic","Relic"],"build_version":"2020-12-22","purchased_purges":7,"victory":true,"max_hp_per_floor":[78,78,78,78,78,78,78,78,78,78,78,78,78,78,78,78,78,78,78,78,78,78,78,78,78,78,78,78,78,78,78,78,78,78,78,78,78,78,78,78,78,78,78,78,78,78,78,78,78,78],"card_choices":[{"not_picked":["StSShapeShifter:FoxForm","StSShapeShifter:PorcupineForm"],"picked":"StSShapeShifter:HummingbirdForm","floor":0.0},{"not_picked":["StSShapeShifter:OakBlade","StSShapeShifter:OwlForm"],"picked":"StSShapeShifter:BladeOfGrass","floor":1.0},{"not_picked":["StSShapeShifter:HummingbirdForm","StSShapeShifter:BloomingSlash","StSShapeShifter:WiltingWrath"],"picked":"SKIP","floor":3.0},{"not_picked":["StSShapeShifter:DeepWound","StSShapeShifter:BulwarkOfDiscovery"],"picked":"StSShapeShifter:BurstingSpore","floor":6.0},{"not_picked":["StSShapeShifter:FoxForm","StSShapeShifter:TopazSkin"],"picked":"StSShapeShifter:BarkSkin","floor":8.0},{"not_picked":["StSShapeShifter:Efflorescence","StSShapeShifter:FallingLeaves"],"picked":"StSShapeShifter:AdaptiveStrikes","floor":10.0},{"not_picked":["StSShapeShifter:WiltingWrath","StSShapeShifter:FesteringBite","StSShapeShifter:Guard+1"],"picked":"SKIP","floor":18.0},{"not_picked":["StSShapeShifter:Mystical_Branch","StSShapeShifter:ThornToss","StSShapeShifter:Rabid"],"picked":"SKIP","floor":24.0},{"not_picked":["StSShapeShifter:HummingbirdForm+1","StSShapeShifter:ReplenishingNectar"],"picked":"StSShapeShifter:Ensconce","floor":25.0},{"not_picked":["StSShapeShifter:Hunt","StSShapeShifter:Sapling","StSShapeShifter:BloomingSlash"],"picked":"SKIP","floor":29.0},{"not_picked":["StSShapeShifter:BurstingSpore+1","StSShapeShifter:Sapling","StSShapeShifter:MagicMushrooms"],"picked":"SKIP","floor":31.0},{"not_picked":["StSShapeShifter:RestoreBalance","StSShapeShifter:BurstOfLifeEscapeDeath"],"picked":"StSShapeShifter:Spring","floor":33.0},{"not_picked":["StSShapeShifter:SunflowerShuriken+1","StSShapeShifter:MonkeyForm+1","StSShapeShifter:FesteringBite"],"picked":"SKIP","floor":35.0},{"not_picked":["StSShapeShifter:Maul+1","StSShapeShifter:WiltingWrath+1"],"picked":"StSShapeShifter:BaskInBloom+1","floor":37.0},{"not_picked":["StSShapeShifter:Ensconce","StSShapeShifter:Guard+1","StSShapeShifter:Rest"],"picked":"SKIP","floor":39.0},{"not_picked":["StSShapeShifter:RatForm","StSShapeShifter:PantherForm+1","StSShapeShifter:PoisonIvy+1"],"picked":"SKIP","floor":40.0},{"not_picked":["StSShapeShifter:Evolution","StSShapeShifter:FallingLeaves+1","StSShapeShifter:RockSlide+1"],"picked":"SKIP","floor":42.0},{"not_picked":["StSShapeShifter:Rabid","StSShapeShifter:FallingLeaves","StSShapeShifter:SquirrelForm"],"picked":"SKIP","floor":46}],"player_experience":1367800,"relics_obtained":[{"floor":6.0,"key":"Juzu Bracelet"},{"floor":8.0,"key":"MawBank"},{"floor":9.0,"key":"reliquary:Buckler"},{"floor":10.0,"key":"jedi:cryingmask"},{"floor":19.0,"key":"Red Mask"},{"floor":20.0,"key":"Bag of Preparation"},{"floor":24.0,"key":"Darkstone Periapt"},{"floor":37.0,"key":"StSShapeShifter:AlarmClock"},{"floor":40.0,"key":"Replay:Wax Seal"},{"floor":43.0,"key":"White Beast Statue"}],"event_choices":[{"cards_removed":["StSShapeShifter:ShapeShifter_Strike"],"damage_healed":0.0,"max_hp_gain":0.0,"max_hp_loss":0.0,"gold_gain":0.0,"event_name":"Living Wall","player_choice":"Forget","floor":2.0,"gold_loss":0.0,"damage_taken":0.0},{"damage_healed":0.0,"max_hp_gain":0.0,"max_hp_loss":0.0,"gold_gain":0.0,"event_name":"betterThird:BetterSerpent","player_choice":"Ignored","floor":4.0,"gold_loss":0.0,"damage_taken":129.0},{"damage_healed":0.0,"max_hp_gain":0.0,"max_hp_loss":0.0,"gold_gain":0.0,"cards_transformed":["StSShapeShifter:ShapeShifter_Strike"],"event_name":"Transmorgrifier","player_choice":"Transformed","floor":12.0,"gold_loss":0.0,"damage_taken":0.0,"cards_obtained":["StSShapeShifter:MysticalSeed"]},{"damage_healed":0.0,"max_hp_gain":0.0,"max_hp_loss":0.0,"gold_gain":0.0,"event_name":"Masked Bandits","player_choice":"Fought Bandits","floor":19.0,"gold_loss":0.0,"damage_taken":0.0},{"damage_healed":0.0,"max_hp_gain":0.0,"max_hp_loss":0.0,"gold_gain":0.0,"cards_transformed":["StSShapeShifter:ShapeShifter_Strike"],"event_name":"Transmorgrifier","player_choice":"Transformed","floor":21.0,"gold_loss":0.0,"damage_taken":0.0,"cards_obtained":["StSShapeShifter:TopazSkin"]},{"damage_healed":0.0,"max_hp_gain":0.0,"max_hp_loss":0.0,"gold_gain":0.0,"event_name":"Ghosts","player_choice":"Ignored","floor":27.0,"gold_loss":0.0,"damage_taken":0.0},{"damage_healed":0.0,"max_hp_gain":0.0,"max_hp_loss":0.0,"gold_gain":0.0,"event_name":"Vampires","player_choice":"Ignored","floor":28.0,"gold_loss":0.0,"damage_taken":0.0},{"cards_removed":["StSShapeShifter:RockSlide"],"damage_healed":0.0,"max_hp_gain":0.0,"max_hp_loss":0.0,"gold_gain":0.0,"event_name":"Falling","player_choice":"Removed Attack","floor":36.0,"gold_loss":0.0,"damage_taken":0.0},{"damage_healed":0.0,"max_hp_gain":0.0,"max_hp_loss":0.0,"gold_gain":0.0,"event_name":"MindBloom","player_choice":"Fight","floor":37.0,"gold_loss":0.0,"damage_taken":0.0},{"damage_healed":0.0,"max_hp_gain":0.0,"max_hp_loss":0.0,"gold_gain":0.0,"cards_transformed":["StSShapeShifter:ShapeShifter_Defend"],"event_name":"Transmorgrifier","player_choice":"Transformed","floor":45.0,"gold_loss":0.0,"damage_taken":0.0,"cards_obtained":["StSShapeShifter:Rabid"]},{"cards_removed":["StSShapeShifter:ShapeShifter_Defend"],"damage_healed":0,"gold_gain":0,"player_choice":"Offered Basic","damage_taken":0,"max_hp_gain":0,"max_hp_loss":0,"event_name":"Bonfire Elementals","floor":48,"gold_loss":0}],"is_beta":false,"boss_relics":[{"not_picked":["Ring of Chaos","Coffee Dripper"],"picked":"SlaversCollar"},{"not_picked":["beaked:MawFillet","Runesmith:UraniumAnvil"],"picked":"reliquary:WritOfMandamus"}],"items_purged_floors":[11,11,22,22,30,38,38],"is_endless":false,"potions_floor_spawned":[3,6,8,19,25,29,33,37,42,46],"ascension_level":1}}