{"host":"ffqn1azj9urswy62","time":1613577629,"event":{"mods":["BaseMod","Better Third Choice","Conspire","Googly Eyes","Hubris","Minty Spire (QoL Compilation)","Replay The Spire","StSLib","Wandering Minibosses","slay the spire mod where everything is the same but ironclad has a cowboy hat"],"gold_per_floor":[119,134,45,45,81,81,107,222,222,222,222,222,222],"floor_reached":12,"language":"ENG","playtime":408,"items_purged":[],"score":137,"play_id":"30496eeb-ad8f-45ec-8b50-7cf2d46de13c","local_time":"20210217110029","is_ascension_mode":true,"campfire_choices":[{"data":"Zap","floor":6,"key":"SMITH"},{"data":"Hologram","floor":10,"key":"SMITH"}],"circlet_count":0,"master_deck":["conspire:GhostlyStrike","conspire:GhostlyStrike","conspire:GhostlyStrike","conspire:GhostlyStrike","conspire:GhostlyDefend","conspire:GhostlyDefend","conspire:GhostlyDefend","conspire:GhostlyDefend","Zap+1","Dualcast","hubris:Ukulele","Leap","Flash of Steel","Sweeping Beam","Hologram+1","Self Repair"],"relics":["Cracked Core","conspire:GlowingRock","hubris:Icosahedron","Strawberry","Vajra","Oddly Smooth Stone"],"acts_visited":["Exordium"],"potions_floor_usage":[7,12],"damage_taken":[{"damage":0,"enemies":"Cultist","floor":1,"turns":3},{"damage":9,"enemies":"Jaw Worm","floor":2,"turns":3},{"damage":25,"enemies":"conspire:MimicChest","floor":5,"turns":5},{"damage":26,"enemies":"Lagavulin","floor":7,"turns":5},{"damage":0,"enemies":"2 Louse","floor":8,"turns":2},{"damage":18,"enemies":"Gremlin Nob","floor":12,"turns":2}],"seed_played":"-5929302324611454133","potions_obtained":[{"floor":5,"key":"PowerPotion"},{"floor":7,"key":"GamblersBrew"}],"is_trial":false,"path_per_floor":["M","M","$","?","?","R","E","M","T","R","?","E"],"character_chosen":"DEFECT","items_purchased":["Flash of Steel"],"campfire_rested":0,"item_purchase_floors":[3],"current_hp_per_floor":[68,59,59,59,41,41,15,15,15,15,15,0,0],"gold":222,"neow_bonus":"ONE_RARE_RELIC","is_daily":false,"chose_seed":false,"campfire_upgraded":2,"win_rate":0.0,"timestamp":1613577629,"path_taken":["M","?","$","?","?","R","E","?","T","R","?","E"],"items_purchased_type":["Card"],"build_version":"2020-12-22","purchased_purges":0,"victory":false,"max_hp_per_floor":[68,68,68,68,75,75,75,75,75,75,75,75,75],"card_choices":[{"not_picked":["Leap","ReplayGash"],"picked":"hubris:Ukulele","floor":1},{"not_picked":["Cold Snap","Conserve Battery"],"picked":"Leap","floor":2},{"not_picked":["Beam Cell","Leap"],"picked":"Sweeping Beam","floor":5},{"not_picked":["Stack","Compile Driver"],"picked":"Hologram","floor":7},{"not_picked":["Doom and Gloom","BasicCrystalCard"],"picked":"Self Repair","floor":8}],"player_experience":686793,"relics_obtained":[{"floor":5,"key":"Strawberry"},{"floor":7,"key":"Vajra"},{"floor":9,"key":"Oddly Smooth Stone"}],"event_choices":[{"damage_healed":0,"gold_gain":0,"player_choice":"Agree","damage_taken":0,"max_hp_gain":0,"max_hp_loss":0,"event_name":"conspire:LoneGhost","floor":11,"gold_loss":0}],"is_beta":false,"boss_relics":[],"items_purged_floors":[],"is_endless":false,"potions_floor_spawned":[5,7],"killed_by":"Gremlin Nob","ascension_level":3}}