{"host":"jz4ul6vrcxqkcr33","time":1613522044,"event":{"mods":["BaseMod","Minty Spire (QoL Compilation)","StSLib"],"gold_per_floor":[110,185,196,103,103,103,132,132,132,145,158,175,185,185,185,313,313,338,338,37,37,37,37,37],"floor_reached":23,"language":"ENG","playtime":503,"items_purged":["Writhe"],"score":332,"play_id":"a9322142-72c5-4038-9e80-2e8eb172ad48","local_time":"20210216193404","is_ascension_mode":true,"campfire_choices":[{"data":"Gash","floor":6.0,"key":"SMITH"},{"data":"Streamline","floor":8.0,"key":"SMITH"},{"data":"Beam Cell","floor":15.0,"key":"SMITH"}],"circlet_count":0,"master_deck":["AscendersBane","Strike_B","Strike_B","Strike_B","Strike_B","Defend_B","Defend_B","Defend_B","Defend_B","Zap","Dualcast","Chill","Streamline+1","Gash+1","FTL","Turbo","Conserve Battery","Beam Cell+1","Rip and Tear","Conserve Battery","Electrodynamics","Cold Snap","Beam Cell","Gash+1","Consume","Go for the Eyes","Steam Power","Melter","Necronomicurse"],"relics":["Cracked Core","NeowsBlessing","Anchor","Matryoshka","Golden Idol","Inserter","Vajra","Orrery","Necronomicon","Kunai"],"acts_visited":["Exordium","TheCity"],"potions_floor_usage":[],"damage_taken":[{"damage":0.0,"enemies":"Small Slimes","floor":1.0,"turns":1.0},{"damage":0.0,"enemies":"Cultist","floor":3.0,"turns":1.0},{"damage":0.0,"enemies":"Lagavulin","floor":7.0,"turns":1.0},{"damage":0.0,"enemies":"2 Louse","floor":10.0,"turns":3.0},{"damage":1.0,"enemies":"Large Slime","floor":11.0,"turns":4.0},{"damage":1.0,"enemies":"2 Fungi Beasts","floor":12.0,"turns":4.0},{"damage":0.0,"enemies":"3 Louse","floor":13.0,"turns":3.0},{"damage":40.0,"enemies":"Hexaghost","floor":16.0,"turns":10.0},{"damage":39,"enemies":"Spheric Guardian","floor":18,"turns":6},{"damage":16,"enemies":"Book of Stabbing","floor":23,"turns":2}],"seed_played":"5102961704263066804","potions_obtained":[{"floor":5.0,"key":"FocusPotion"},{"floor":5.0,"key":"EntropicBrew"},{"floor":18,"key":"EssenceOfDarkness"}],"is_trial":false,"path_per_floor":["M","?","M","$","?","R","E","R","T","M","M","M","M","?","R","B",null,"M","?","$","?","?","E"],"character_chosen":"DEFECT","items_purchased":["Gash","FTL","Orrery","Melter"],"campfire_rested":0,"item_purchase_floors":[4,4,20,20],"current_hp_per_floor":[68,61,61,61,61,61,61,61,61,61,60,59,59,59,59,19,57,18,18,18,2,2,0,0],"gold":37,"neow_bonus":"THREE_ENEMY_KILL","is_daily":false,"chose_seed":false,"campfire_upgraded":3,"win_rate":0.0,"timestamp":1613522044,"path_taken":["M","?","?","$","?","R","E","R","T","M","M","M","?","?","R","BOSS","M","?","$","?","?","E"],"items_purchased_type":["Card","Card","Relic","Card"],"build_version":"2020-12-13","purchased_purges":1,"victory":false,"max_hp_per_floor":[75,75,75,75,75,75,75,75,75,75,75,75,75,69,69,69,69,69,69,69,69,69,69,69],"card_choices":[{"not_picked":["Barrage","Beam Cell"],"picked":"Chill","floor":1.0},{"not_picked":["Hologram","Doom and Gloom"],"picked":"Streamline","floor":3.0},{"not_picked":["Steam Power","Sunder"],"picked":"Turbo","floor":7.0},{"not_picked":["Compile Driver","Leap"],"picked":"Conserve Battery","floor":10.0},{"not_picked":["Sunder","Redo"],"picked":"Beam Cell","floor":11.0},{"not_picked":["Stack","Leap"],"picked":"Rip and Tear","floor":12.0},{"not_picked":["Aggregate","Fusion"],"picked":"Conserve Battery","floor":13.0},{"not_picked":["Thunder Strike","Core Surge"],"picked":"Electrodynamics","floor":16.0},{"not_picked":["Chaos","Sweeping Beam"],"picked":"Cold Snap","floor":18},{"not_picked":["Sunder","Rebound"],"picked":"Beam Cell","floor":20},{"not_picked":["Scrape","Compile Driver"],"picked":"Gash+1","floor":20},{"not_picked":["Undo","Blizzard"],"picked":"Consume","floor":20},{"not_picked":["Leap","Hologram"],"picked":"Go for the Eyes","floor":20},{"not_picked":["Creative AI","Barrage"],"picked":"Steam Power","floor":20}],"player_experience":255446,"relics_obtained":[{"floor":7.0,"key":"Anchor"},{"floor":9.0,"key":"Matryoshka"},{"floor":21,"key":"Necronomicon"}],"event_choices":[{"damage_healed":0.0,"max_hp_gain":0.0,"max_hp_loss":0.0,"gold_gain":75.0,"event_name":"FaceTrader","player_choice":"Touch","floor":2.0,"gold_loss":0.0,"damage_taken":7.0},{"damage_healed":0.0,"max_hp_gain":0.0,"max_hp_loss":0.0,"gold_gain":0.0,"event_name":"Lab","player_choice":"Got Potions","floor":5.0,"gold_loss":0.0,"damage_taken":0.0},{"damage_healed":0.0,"max_hp_gain":0.0,"max_hp_loss":6.0,"gold_gain":0.0,"event_name":"Golden Idol","player_choice":"Lose Max HP","floor":14.0,"gold_loss":0.0,"damage_taken":0.0,"relics_obtained":["Golden Idol"]},{"damage_healed":0,"gold_gain":0,"player_choice":"Opened","damage_taken":0,"relics_obtained":["Vajra"],"max_hp_gain":0,"max_hp_loss":0,"event_name":"The Mausoleum","floor":19,"gold_loss":0,"cards_obtained":["Writhe"]},{"damage_healed":0,"gold_gain":0,"player_choice":"Obtained Book","damage_taken":16,"max_hp_gain":0,"max_hp_loss":0,"event_name":"Cursed Tome","floor":21,"gold_loss":0},{"damage_healed":0,"gold_gain":0,"player_choice":"Gave Potion","damage_taken":0,"relics_obtained":["Kunai"],"max_hp_gain":0,"max_hp_loss":0,"event_name":"WeMeetAgain","floor":22,"gold_loss":0}],"is_beta":false,"boss_relics":[{"not_picked":["Astrolabe","Busted Crown"],"picked":"Inserter"}],"items_purged_floors":[20],"is_endless":false,"potions_floor_spawned":[7,10,13,18],"killed_by":"Book of Stabbing","ascension_level":11}}