{"host":"fiyb7gvx7tok3jeh","time":1613580389,"event":{"mods":["BaseMod","Colored Map","Colored Powertips","DeckTracker","Googly Eyes","Highlight Path","Minty Spire (QoL Compilation)"],"gold_per_floor":[109,284,294,65,65,65,100,100,100,130,148,174,174,199,199,303,303,313,313,35,48,59,59,59,59,59,98,498,533,545,35,35,141,141,154,177,127,127,141,170,170,25,25,56,74,101,124,124,124,124,124,124,20,61,61],"floor_reached":56,"language":"ENG","playtime":3483,"items_purged":["Doubt","Strike_R","Normality","Injury"],"score":1891,"play_id":"b0f2f014-cb22-4bd9-8b54-0c9917ad3f4f","local_time":"20210217184629","is_ascension_mode":true,"campfire_choices":[{"data":"Limit Break","floor":6,"key":"SMITH"},{"data":"Inflame","floor":8,"key":"SMITH"},{"data":"Heavy Blade","floor":15,"key":"SMITH"},{"data":"Demon Form","floor":23,"key":"SMITH"},{"data":"Clothesline","floor":25,"key":"SMITH"},{"data":"Whirlwind","floor":32,"key":"SMITH"},{"floor":49,"key":"RECALL"},{"data":"Cleave","floor":52,"key":"SMITH"}],"circlet_count":0,"master_deck":["Strike_R","Strike_R","Strike_R","Strike_R","Defend_R","Defend_R","Defend_R","Inflame+1","Disarm","Limit Break+1","Offering","Cleave+1","Heavy Blade+1","Shrug It Off","Demon Form+1","Ghostly Armor","Shrug It Off","Clothesline+1","Carnage+1","Whirlwind+1","Heavy Blade+1","Enlightenment","Impervious","Limit Break+1","Shrug It Off+1","Battle Trance+1","Heavy Blade+1"],"relics":["Burning Blood","Pocketwatch","Sling","Pear","Juzu Bracelet","Prayer Wheel","Bronze Scales","Nunchaku","Cursed Key","PreservedInsect","Pen Nib","Self Forming Clay","CeramicFish","Old Coin","Pantograph","Smiling Mask","DollysMirror","Velvet Choker","Vajra","Membership Card","Shuriken","Bird Faced Urn","Red Skull","HornCleat"],"acts_visited":["Exordium","TheCity","TheBeyond","TheEnding"],"potions_floor_usage":[7,12,27,28,30,50,55,55],"damage_taken":[{"damage":9,"enemies":"Jaw Worm","floor":1,"turns":3},{"damage":0,"enemies":"2 Louse","floor":3,"turns":3},{"damage":14,"enemies":"Gremlin Nob","floor":7,"turns":3},{"damage":26,"enemies":"3 Sentries","floor":10,"turns":6},{"damage":7,"enemies":"Cultist","floor":11,"turns":4},{"damage":6,"enemies":"Lagavulin","floor":12,"turns":4},{"damage":6,"enemies":"Gremlin Nob","floor":14,"turns":2},{"damage":6,"enemies":"Slime Boss","floor":16,"turns":4},{"damage":12,"enemies":"3 Byrds","floor":18,"turns":3},{"damage":0,"enemies":"Shell Parasite","floor":21,"turns":2},{"damage":8,"enemies":"3 Cultists","floor":22,"turns":3},{"damage":6,"enemies":"Gremlin Leader","floor":27,"turns":4},{"damage":19,"enemies":"Colosseum Slavers","floor":28,"turns":2},{"damage":0,"enemies":"Colosseum Nobs","floor":28,"turns":2},{"damage":5,"enemies":"Book of Stabbing","floor":29,"turns":4},{"damage":20,"enemies":"Centurion and Healer","floor":30,"turns":3},{"damage":0,"enemies":"Automaton","floor":33,"turns":5},{"damage":15,"enemies":"3 Shapes","floor":35,"turns":4},{"damage":14,"enemies":"Orb Walker","floor":36,"turns":3},{"damage":31,"enemies":"Maw","floor":39,"turns":5},{"damage":0,"enemies":"Giant Head","floor":40,"turns":5},{"damage":0,"enemies":"Nemesis","floor":44,"turns":3},{"damage":6,"enemies":"Spire Growth","floor":45,"turns":2},{"damage":11,"enemies":"Giant Head","floor":46,"turns":5},{"damage":0,"enemies":"Transient","floor":47,"turns":5},{"damage":37,"enemies":"Time Eater","floor":50,"turns":4},{"damage":14,"enemies":"Shield and Spear","floor":54,"turns":2},{"damage":115,"enemies":"The Heart","floor":55,"turns":7}],"seed_played":"-8899953883696985473","potions_obtained":[{"floor":1,"key":"SkillPotion"},{"floor":7,"key":"Energy Potion"},{"floor":12,"key":"PowerPotion"},{"floor":16,"key":"Dexterity Potion"},{"floor":18,"key":"Strength Potion"},{"floor":22,"key":"BloodPotion"},{"floor":27,"key":"FearPotion"},{"floor":28,"key":"GamblersBrew"},{"floor":40,"key":"SteroidPotion"}],"is_trial":false,"path_per_floor":["M","?","M","$","?","R","E","R","T","E","M","E","?","E","R","B",null,"M","?","$","M","M","R","T","R","T","E","?","E","M","$","R","B",null,"M","M","$","?","M","E","?","$","T","E","M","E","M","?","R","B",null,"R","$","E","B",null],"character_chosen":"IRONCLAD","items_purchased":["Sling","PreservedInsect","Shrug It Off","FairyPotion","DollysMirror","Enlightenment","Impervious","Membership Card","Red Skull","BloodPotion"],"campfire_rested":0,"item_purchase_floors":[4,20,20,31,31,31,31,42,53,53],"current_hp_per_floor":[69,69,72,72,72,72,74,74,74,54,53,53,53,53,53,53,75,69,53,53,59,57,57,57,57,57,57,50,51,37,37,37,68,82,73,65,65,65,40,46,46,46,46,52,52,47,55,55,55,51,78,78,78,70,16],"gold":61,"neow_bonus":"ONE_RARE_RELIC","is_daily":false,"chose_seed":false,"campfire_upgraded":7,"win_rate":0.0,"timestamp":1613580389,"path_taken":["M","?","M","$","?","R","E","R","T","E","M","E","?","E","R","BOSS","M","?","$","M","M","R","?","R","T","E","?","E","M","$","R","BOSS","M","M","$","?","M","E","?","$","T","E","M","E","M","?","R","BOSS","R","$","E","BOSS"],"items_purchased_type":["Relic","Relic","Card","Potion","Relic","Card","Card","Relic","Relic","Potion"],"build_version":"2020-12-22","purchased_purges":4,"victory":true,"max_hp_per_floor":[72,72,72,72,72,72,82,82,82,82,82,82,82,82,82,82,82,82,87,87,87,87,87,87,87,87,87,87,87,87,87,87,87,87,87,87,87,87,87,87,87,87,87,87,87,87,87,87,87,87,87,87,87,87,87],"card_choices":[{"not_picked":["Power Through","Armaments"],"picked":"Inflame","floor":1},{"not_picked":["Shrug It Off","Thunderclap"],"picked":"Disarm","floor":3},{"not_picked":["Entrench","Disarm"],"picked":"Offering","floor":7},{"not_picked":["Carnage","Sword Boomerang"],"picked":"Cleave","floor":10},{"not_picked":["Reckless Charge","Disarm","Searing Blow"],"picked":"SKIP","floor":11},{"not_picked":["Body Slam","Perfected Strike"],"picked":"Heavy Blade","floor":12},{"not_picked":["Rupture","Sword Boomerang"],"picked":"Shrug It Off","floor":14},{"not_picked":["Impervious","Fiend Fire"],"picked":"Demon Form","floor":16},{"not_picked":["Reckless Charge+1","Warcry"],"picked":"Ghostly Armor","floor":18},{"not_picked":["Headbutt","Clash+1","Pommel Strike"],"picked":"SKIP","floor":18},{"not_picked":["Rampage+1","Infernal Blade","Intimidate+1"],"picked":"SKIP","floor":21},{"not_picked":["Carnage","True Grit","Entrench"],"picked":"SKIP","floor":21},{"not_picked":["Shockwave","Clash"],"picked":"Clothesline","floor":22},{"not_picked":["Twin Strike+1","Burning Pact","Evolve+1"],"picked":"SKIP","floor":22},{"not_picked":["Havoc","Exhume"],"picked":"Carnage+1","floor":27},{"not_picked":["Cleave+1","Dropkick"],"picked":"Whirlwind","floor":29},{"not_picked":["Wild Strike","Sentinel+1","Entrench"],"picked":"SKIP","floor":30},{"not_picked":["Second Wind","Heavy Blade","Clash+1"],"picked":"SKIP","floor":30},{"not_picked":["Barricade","Feed"],"picked":"Limit Break","floor":33},{"not_picked":["Iron Wave+1","Metallicize","Wild Strike+1"],"picked":"SKIP","floor":35},{"not_picked":["Anger","Sentinel","Headbutt+1"],"picked":"SKIP","floor":35},{"not_picked":["Havoc+1","Flame Barrier"],"picked":"Shrug It Off+1","floor":36},{"not_picked":["Perfected Strike","Heavy Blade","Uppercut"],"picked":"SKIP","floor":36},{"not_picked":["Havoc+1","Twin Strike+1","Rampage"],"picked":"SKIP","floor":39},{"not_picked":["Warcry+1","Sword Boomerang+1","Clothesline+1"],"picked":"SKIP","floor":39},{"not_picked":["Pommel Strike","Havoc+1","Feel No Pain"],"picked":"SKIP","floor":40},{"not_picked":["Juggernaut","Inflame","True Grit"],"picked":"SKIP","floor":44},{"not_picked":["Havoc","Anger+1","Body Slam+1"],"picked":"SKIP","floor":45},{"not_picked":["Thunderclap+1","Cleave+1","Pummel"],"picked":"SKIP","floor":45},{"not_picked":["Iron Wave","Limit Break","Pommel Strike"],"picked":"SKIP","floor":46},{"not_picked":["Cleave+1","Armaments"],"picked":"Battle Trance+1","floor":47},{"not_picked":["Havoc+1","Cleave+1","Uppercut+1"],"picked":"SKIP","floor":47},{"not_picked":["Whirlwind","Dropkick"],"picked":"Heavy Blade+1","floor":54}],"player_experience":324627,"relics_obtained":[{"floor":7,"key":"Pear"},{"floor":10,"key":"Juzu Bracelet"},{"floor":12,"key":"Prayer Wheel"},{"floor":14,"key":"Nunchaku"},{"floor":24,"key":"Pen Nib"},{"floor":26,"key":"Self Forming Clay"},{"floor":27,"key":"CeramicFish"},{"floor":28,"key":"Old Coin"},{"floor":28,"key":"Pantograph"},{"floor":29,"key":"Smiling Mask"},{"floor":40,"key":"Vajra"},{"floor":44,"key":"Shuriken"},{"floor":46,"key":"Bird Faced Urn"},{"floor":54,"key":"HornCleat"}],"event_choices":[{"damage_healed":0,"gold_gain":175,"player_choice":"AGREE","damage_taken":0,"max_hp_gain":0,"max_hp_loss":0,"event_name":"Liars Game","floor":2,"gold_loss":0,"cards_obtained":["Doubt"]},{"damage_healed":0,"gold_gain":0,"cards_transformed":["Defend_R"],"player_choice":"Transformed","damage_taken":0,"max_hp_gain":0,"max_hp_loss":0,"event_name":"Transmorgrifier","floor":5,"gold_loss":0,"cards_obtained":["Limit Break"]},{"damage_healed":0,"gold_gain":0,"player_choice":"Searched \u00271\u0027 times","damage_taken":0,"relics_obtained":["Bronze Scales"],"max_hp_gain":0,"max_hp_loss":0,"event_name":"Dead Adventurer","floor":13,"gold_loss":0},{"damage_healed":0,"gold_gain":0,"player_choice":"Shed Blood","damage_taken":21,"max_hp_gain":5,"max_hp_loss":0,"event_name":"Forgotten Altar","floor":19,"gold_loss":0},{"damage_healed":0,"gold_gain":0,"player_choice":"Fight","damage_taken":0,"max_hp_gain":0,"max_hp_loss":0,"event_name":"Colosseum","floor":28,"gold_loss":0},{"damage_healed":0,"gold_gain":0,"player_choice":"Fought Nobs","damage_taken":0,"max_hp_gain":0,"max_hp_loss":0,"event_name":"Colosseum","floor":28,"gold_loss":0},{"cards_removed":["Bash"],"damage_healed":0,"gold_gain":0,"player_choice":"Removed Attack","damage_taken":0,"max_hp_gain":0,"max_hp_loss":0,"event_name":"Falling","floor":38,"gold_loss":0},{"damage_healed":0,"gold_gain":0,"player_choice":"Ignored","damage_taken":0,"max_hp_gain":0,"max_hp_loss":0,"event_name":"Tomb of Lord Red Mask","floor":41,"gold_loss":0},{"damage_healed":0,"gold_gain":0,"player_choice":"Upgraded","damage_taken":0,"max_hp_gain":0,"max_hp_loss":0,"event_name":"Upgrade Shrine","floor":48,"gold_loss":0,"cards_upgraded":["Limit Break"]}],"is_beta":false,"boss_relics":[{"not_picked":["Astrolabe","Runic Dome"],"picked":"Cursed Key"},{"not_picked":["Runic Pyramid","SacredBark"],"picked":"Velvet Choker"}],"items_purged_floors":[4,20,31,37],"is_endless":false,"potions_floor_spawned":[1,7,12,16,18,22,27,28,39,40,45,47,54],"ascension_level":6}}