{"host":"amnup8uv961nil3y","time":1613577385,"event":{"mods":["Act Like it!","Aspiration","BaseMod","Bestiary","Better Altar","Better Match","Better Sensory Stone","Better Synergies","Better Third Choice","Block Reminder","Challenge The Spire","Colored Map","Colored Powertips","Colorless Booster Pack","Conspire","DeckTracker","Disable Question Mark Monsters","Elementarium","Energized Spire","Evolution","Extra Virgin Snecko Oil","GifTheSpireLib","Halation","Hermit","HexUI Lib","Highlight Path","Hubris","Infinite Spire","Lotus Mark","Menagerie","Minty Spire (QoL Compilation)","Pale of the Ancients","Potion Indicator Mod","Quarter Circle Forward PUNCH!","Random Character Button","Relic Stats","Reliquary","Replay The Spire","Reworked Bosses","Ruina","Shapeshifter Mod","Shop Mod","Small Relic Pack","Spicy Shops","Spikes Relics","StSLib","Stuff the Spire","Swap Starting Deck Mod","The Jungle","TheVacant","Trackpad","Useless Jewels Mod","Wandering Minibosses"],"gold_per_floor":[118,88,105,120,134,160,160,177,177,190,215,228,263,263,263,358,358,377,393,192,192,206,231,242,242,242,262,262,262,262],"floor_reached":29,"language":"ENG","playtime":3444,"items_purged":["hubris:Sloth"],"score":344,"play_id":"f9810807-a75c-411d-97b4-37b2b2a8a905","local_time":"20210217155625","is_ascension_mode":false,"campfire_choices":[{"data":"StSShapeShifter:Synchronicity","floor":7,"key":"SMITH"},{"data":"StSShapeShifter:ReplenishingNectar","floor":15,"key":"SMITH"},{"data":"StSShapeShifter:Sapling","floor":25,"key":"SMITH"}],"circlet_count":0,"master_deck":["StSShapeShifter:BladeOfGrass","StSShapeShifter:VineHandcuffs","StSShapeShifter:Roar","StSShapeShifter:BurstingSpore","StSShapeShifter:ShiftingStrike","StSShapeShifter:OakBlade","StSShapeShifter:MonkeyForm","StSShapeShifter:Rest","StSShapeShifter:FlowerShield","StSShapeShifter:Roar","StSShapeShifter:ThornToss","StSShapeShifter:Ensconce","StSShapeShifter:HummingbirdForm","StSShapeShifter:Synchronicity+1","StSShapeShifter:Ensconce","StSShapeShifter:BearForm","StSShapeShifter:Evolution","StSShapeShifter:ReplenishingNectar+1","StSShapeShifter:RitualOfTheElders","StSShapeShifter:BurstingSpore","StSShapeShifter:GoldenBerries","StSShapeShifter:MysticalSeed","StSShapeShifter:BurrBomb","StSShapeShifter:Sapling+1","StSShapeShifter:GoldenBerries","StSShapeShifter:BarkSkin","Shame","StSShapeShifter:Rabid+1","StSShapeShifter:BurstingSpore","StSShapeShifter:ClimbTree"],"relics":["StSShapeShifter:AnimalHeart","StSShapeShifter:TheShapeShiftersMagnolia","EVO:Axolotl","swapstartingdeckmod:Bellows","Potion Belt","infinitespire:PuzzleCube","Replay:Wax Seal","infinitespire:Lucky Rock","qcfpunch:Army_Boots","energizedSpire:NeverEndingSparkler","ReplayTheSpireMod:CursedCoin","Mummified Hand","theJungle:PaperFaux","infinitespire:Eraser","halation:EternalFortune"],"acts_visited":["Exordium","Exordium"],"potions_floor_usage":[6,13,23,29],"damage_taken":[{"damage":0,"enemies":"Small Slimes","floor":1,"turns":2},{"damage":0,"enemies":"Cultist","floor":3,"turns":2},{"damage":0,"enemies":"2 Louse","floor":4,"turns":2},{"damage":11,"enemies":"Blue Slaver","floor":5,"turns":3},{"damage":21,"enemies":"3 Sentries","floor":6,"turns":8},{"damage":7,"enemies":"conspire:2 RoseBushes","floor":8,"turns":6},{"damage":0,"enemies":"Exordium Wildlife","floor":10,"turns":5},{"damage":2,"enemies":"Lagavulin","floor":11,"turns":6},{"damage":0,"enemies":"3 Louse","floor":12,"turns":6},{"damage":0,"enemies":"Gremlin Nob","floor":13,"turns":5},{"damage":12,"enemies":"Fading Forest","floor":16,"turns":11},{"damage":1,"enemies":"theJungle:5_Spyders","floor":18,"turns":6},{"damage":19,"enemies":"theJungle:MUSHROOMGANG","floor":19,"turns":6},{"damage":32,"enemies":"Snake Plant","floor":22,"turns":6},{"damage":10,"enemies":"theJungle:MamaSnecko","floor":23,"turns":8},{"damage":62,"enemies":"theJungle:2_Flameangoes","floor":24,"turns":9},{"damage":59,"enemies":"theJungle:2_Snecko_Cultists","floor":27,"turns":8},{"damage":19,"enemies":"theJungle:Cassacara","floor":29,"turns":2}],"seed_played":"-5395784040448482067","potions_obtained":[{"floor":1,"key":"SneckoOil"},{"floor":2,"key":"Reflective Coating"},{"floor":2,"key":"SpeedPotion"},{"floor":3,"key":"FearPotion"},{"floor":8,"key":"Milkshake"},{"floor":13,"key":"FearPotion"},{"floor":19,"key":"Weak Potion"},{"floor":23,"key":"Elixir"},{"floor":27,"key":"Venom Potion"}],"is_trial":false,"path_per_floor":["M","?","M","M","M","E","R","M","T","M","E","M","E","?","R","B",null,"M","M","$","?","M","E","M","R","T","M","?","E"],"character_chosen":"SHAPESHIFTER","items_purchased":["StSShapeShifter:BarkSkin","ReplayTheSpireMod:CursedCoin","Mummified Hand"],"campfire_rested":0,"item_purchase_floors":[20,20,20],"current_hp_per_floor":[78,78,78,78,67,46,46,39,39,39,38,42,44,44,44,43,84,86,74,74,74,58,77,43,43,43,13,16,0,0],"gold":262,"neow_bonus":"","is_daily":false,"chose_seed":false,"campfire_upgraded":3,"win_rate":0.0,"timestamp":1613577385,"path_taken":["M","?","?","M","M","E","R","M","T","M","E","M","E","?","R","BOSS","M","M","$","?","M","E","M","R","T","M","?","E"],"items_purchased_type":["Card","Relic","Relic"],"build_version":"2020-12-22","purchased_purges":1,"victory":false,"max_hp_per_floor":[78,78,78,78,78,78,78,78,78,78,78,80,82,82,82,84,84,86,88,88,88,90,92,94,94,94,96,99,101,101],"relic_stats":{"counters":[18,101],"Mummified Hand":[24],"obtain_stats":[{"StSShapeShifter:TheShapeShiftersMagnolia":0,"Potion Belt":6,"qcfpunch:Army_Boots":14,"StSShapeShifter:AnimalHeart":0,"ReplayTheSpireMod:CursedCoin":20,"swapstartingdeckmod:Bellows":0,"EVO:Axolotl":0,"infinitespire:Lucky Rock":13,"theJungle:PaperFaux":21,"energizedSpire:NeverEndingSparkler":17,"Mummified Hand":20,"halation:EternalFortune":28,"Replay:Wax Seal":11,"infinitespire:Eraser":23,"infinitespire:PuzzleCube":9},{"StSShapeShifter:TheShapeShiftersMagnolia":0,"Potion Belt":5,"qcfpunch:Army_Boots":10,"StSShapeShifter:AnimalHeart":0,"ReplayTheSpireMod:CursedCoin":13,"swapstartingdeckmod:Bellows":0,"EVO:Axolotl":0,"infinitespire:Lucky Rock":10,"theJungle:PaperFaux":13,"energizedSpire:NeverEndingSparkler":11,"Mummified Hand":13,"halation:EternalFortune":17,"Replay:Wax Seal":8,"infinitespire:Eraser":15,"infinitespire:PuzzleCube":6},{"StSShapeShifter:TheShapeShiftersMagnolia":0,"Potion Belt":17,"qcfpunch:Army_Boots":45,"StSShapeShifter:AnimalHeart":0,"ReplayTheSpireMod:CursedCoin":68,"swapstartingdeckmod:Bellows":0,"EVO:Axolotl":0,"infinitespire:Lucky Rock":45,"theJungle:PaperFaux":68,"energizedSpire:NeverEndingSparkler":56,"Mummified Hand":68,"halation:EternalFortune":99,"Replay:Wax Seal":34,"infinitespire:Eraser":82,"infinitespire:PuzzleCube":23}]},"card_choices":[{"not_picked":["StSShapeShifter:Rest","StSShapeShifter:Hunt"],"picked":"StSShapeShifter:Ensconce","floor":1},{"not_picked":["StSShapeShifter:Rest","StSShapeShifter:Mystical_Branch"],"picked":"StSShapeShifter:HummingbirdForm","floor":3},{"not_picked":["StSShapeShifter:Guard","StSShapeShifter:Maul"],"picked":"StSShapeShifter:Synchronicity","floor":4},{"not_picked":["StSShapeShifter:Rest","StSShapeShifter:PoisonIvy"],"picked":"StSShapeShifter:Ensconce","floor":5},{"not_picked":["StSShapeShifter:MultiSpiritedStrike","StSShapeShifter:AdaptiveStrikes"],"picked":"StSShapeShifter:BearForm","floor":6},{"not_picked":["StSShapeShifter:Maul","StSShapeShifter:SunflowerShuriken"],"picked":"StSShapeShifter:Evolution","floor":8},{"not_picked":["StSShapeShifter:Evolution","StSShapeShifter:PorcupineForm"],"picked":"StSShapeShifter:ReplenishingNectar","floor":10},{"not_picked":["StSShapeShifter:PhoenixForm","StSShapeShifter:Winter"],"picked":"StSShapeShifter:RitualOfTheElders","floor":11},{"not_picked":["StSShapeShifter:Roar","StSShapeShifter:SquirrelForm"],"picked":"StSShapeShifter:BurstingSpore","floor":12},{"not_picked":["StSShapeShifter:Guard","StSShapeShifter:EntForm"],"picked":"StSShapeShifter:GoldenBerries","floor":13},{"not_picked":["StSShapeShifter:Summon_Mountains","StSShapeShifter:RitualOfTheElders"],"picked":"StSShapeShifter:MysticalSeed","floor":16},{"not_picked":["StSShapeShifter:Earthquake","StSShapeShifter:Uproot_Redwood"],"picked":"StSShapeShifter:BurrBomb","floor":16},{"not_picked":["StSShapeShifter:Guard","StSShapeShifter:WolfForm"],"picked":"StSShapeShifter:Sapling","floor":18},{"not_picked":["StSShapeShifter:FesteringBite+1","StSShapeShifter:Wildfire2"],"picked":"StSShapeShifter:GoldenBerries","floor":19},{"not_picked":["StSShapeShifter:AdaptiveStrikes","StSShapeShifter:FlowerShield+1","StSShapeShifter:PoisonIvy"],"picked":"SKIP","floor":22},{"not_picked":["StSShapeShifter:ShiftingStrike","StSShapeShifter:RockSlide"],"picked":"StSShapeShifter:Rabid+1","floor":23},{"not_picked":["StSShapeShifter:ShiftingStrike+1","StSShapeShifter:GoldenBerries"],"picked":"StSShapeShifter:BurstingSpore","floor":24},{"not_picked":["StSShapeShifter:Mystical_Branch","StSShapeShifter:ThornToss"],"picked":"StSShapeShifter:ClimbTree","floor":27}],"player_experience":406251,"relics_obtained":[{"floor":6,"key":"Potion Belt"},{"floor":9,"key":"infinitespire:PuzzleCube"},{"floor":11,"key":"Replay:Wax Seal"},{"floor":13,"key":"infinitespire:Lucky Rock"},{"floor":14,"key":"qcfpunch:Army_Boots"},{"floor":23,"key":"infinitespire:Eraser"}],"event_choices":[{"damage_healed":0,"gold_gain":0,"player_choice":"Bought 2 Potions","damage_taken":0,"max_hp_gain":0,"max_hp_loss":0,"event_name":"The Woman in Blue","floor":2,"gold_loss":0}],"is_beta":false,"boss_relics":[{"not_picked":["halation:LoveArrow","relicPack:KazumaCape"],"picked":"energizedSpire:NeverEndingSparkler"}],"items_purged_floors":[20],"is_endless":false,"potions_floor_spawned":[1,3,8,13,19,23,27],"killed_by":"theJungle:Cassacara","ascension_level":0}}