{"host":"5wwct7e0z3l0f094","time":1613534113,"event":{"mods":["AchievementEnabler","BaseMod","Downfall","Highlight Path","Minty Spire (QoL Compilation)","StSLib","SuperFastMode"],"gold_per_floor":[109,124,124,124,140,167,167,198,198,198,210,226,19,32,32,32,32],"floor_reached":16,"language":"ENG","playtime":461,"items_purged":[],"score":174,"play_id":"19929331-17ff-4947-96a6-9479996cc59f","local_time":"20210216225513","is_ascension_mode":true,"campfire_choices":[{"floor":7,"key":"REST"},{"floor":15,"key":"REST"}],"circlet_count":0,"master_deck":["AscendersBane","Strike_G","Strike_G","Strike_G","Strike_G","Defend_G","Defend_G","Defend_G","Defend_G","Defend_G","Survivor","Neutralize","Terror+1","Regret","Bouncing Flask","Flechettes","Infinite Blades","Blade Dance"],"relics":["Ring of the Snake","NeowsBlessing","Vajra","Gremlin Horn","Pear","PreservedInsect","Membership Card"],"acts_visited":["Exordium"],"potions_floor_usage":[6,6,16],"damage_taken":[{"damage":0,"enemies":"Cultist","floor":1,"turns":1},{"damage":0,"enemies":"Small Slimes","floor":2,"turns":1},{"damage":0,"enemies":"2 Louse","floor":5,"turns":1},{"damage":27,"enemies":"3 Sentries","floor":6,"turns":8},{"damage":15,"enemies":"Lagavulin","floor":8,"turns":7},{"damage":3,"enemies":"Large Slime","floor":11,"turns":5},{"damage":21,"enemies":"Exordium Thugs","floor":12,"turns":5},{"damage":3,"enemies":"Looter","floor":14,"turns":2},{"damage":50,"enemies":"Hexaghost","floor":16,"turns":9}],"seed_played":"6283050492447648500","potions_obtained":[{"floor":1,"key":"hexamod:SoulburnPotion"},{"floor":2,"key":"SkillPotion"},{"floor":14,"key":"EssenceOfSteel"}],"is_trial":false,"path_per_floor":["M","M","?","?","M","E","R","E","T","?","M","M","$","M","R","B"],"character_chosen":"THE_SILENT","items_purchased":["Membership Card","Infinite Blades","Blade Dance"],"campfire_rested":2,"item_purchase_floors":[13,13,13],"current_hp_per_floor":[63,63,63,63,63,36,57,52,52,52,49,28,28,25,49,0,0],"gold":32,"neow_bonus":"THREE_ENEMY_KILL","is_daily":false,"chose_seed":false,"campfire_upgraded":0,"win_rate":0.0,"timestamp":1613534113,"path_taken":["M","?","?","?","M","E","R","E","T","?","?","M","?","M","R","BOSS"],"items_purchased_type":["Relic","Card","Card"],"build_version":"2020-12-22","purchased_purges":0,"victory":false,"max_hp_per_floor":[70,70,70,70,70,70,70,80,80,80,80,80,80,80,80,80,80],"card_choices":[{"not_picked":["Reflex","Deflect"],"picked":"Terror","floor":1},{"not_picked":["Slice","Flying Knee","Poisoned Stab"],"picked":"SKIP","floor":2},{"not_picked":["Poisoned Stab","Concentrate"],"picked":"Bouncing Flask","floor":5},{"not_picked":["Slice","Calculated Gamble","Dodge and Roll"],"picked":"SKIP","floor":6},{"not_picked":["Night Terror","Acrobatics","Malaise"],"picked":"SKIP","floor":8},{"not_picked":["Slice","Dash","Crippling Poison"],"picked":"SKIP","floor":11},{"not_picked":["Deflect","Masterful Stab","Backflip"],"picked":"SKIP","floor":12},{"not_picked":["Backflip","Sucker Punch","Prepared"],"picked":"SKIP","floor":14}],"player_experience":337682,"relics_obtained":[{"floor":6,"key":"Gremlin Horn"},{"floor":8,"key":"Pear"},{"floor":9,"key":"PreservedInsect"}],"event_choices":[{"damage_healed":0,"gold_gain":0,"player_choice":"Box","damage_taken":0,"relics_obtained":["Vajra"],"max_hp_gain":0,"max_hp_loss":0,"event_name":"Big Fish","floor":3,"gold_loss":0,"cards_obtained":["Regret"]},{"damage_healed":0,"gold_gain":0,"player_choice":"Grow","damage_taken":0,"max_hp_gain":0,"max_hp_loss":0,"event_name":"Living Wall","floor":4,"gold_loss":0,"cards_upgraded":["Terror"]},{"damage_healed":0,"gold_gain":0,"cards_transformed":["Strike_G"],"player_choice":"Transformed","damage_taken":0,"max_hp_gain":0,"max_hp_loss":0,"event_name":"Transmorgrifier","floor":10,"gold_loss":0,"cards_obtained":["Flechettes"]}],"is_beta":false,"boss_relics":[],"items_purged_floors":[],"is_endless":false,"potions_floor_spawned":[1,2,14],"killed_by":"Hexaghost","ascension_level":11}}