{"host":"218bpbmw7wi1tsbm","time":1613568116,"event":{"mods":["BaseMod","Lobotomy","LobotomyExtend","Minty Spire (QoL Compilation)","Prisma Mod","Quick Restart","Rare Cards Sparkle","StSLib"],"gold_per_floor":[118,118,129,39,58,58,88,98,144,9,9,27,27,27,27,130,130,136,149,167,92,92,92,119,154,228,241,241,340,351,351,351,450,500,519,466,481,238,257,257,277,277,301,301,301,301,301,315,315,256],"floor_reached":51,"language":"JPN","playtime":4230,"items_purged":["PrismaMod:MiyuUberAttack","PrismaMod:MiyuMaid"],"score":642,"play_id":"7690fa3a-b95b-4903-8fdd-6a2ba2283d36","local_time":"20210217222156","is_ascension_mode":false,"campfire_choices":[{"data":"PrismaMod:MiyuCheapChannelDefend","floor":6,"key":"SMITH"},{"data":"PrismaMod:MiyuCarnivalDefend","floor":11,"key":"SMITH"},{"data":"Dark Shackles","floor":15,"key":"SMITH"},{"floor":23,"key":"REST"},{"data":"PrismaMod:MiyuUncommonDexBuff","floor":28,"key":"SMITH"},{"data":"PrismaMod:MiyuCheapChannelDefend","floor":32,"key":"SMITH"},{"data":"PrismaMod:MiyuCheapChannelAttack","floor":40,"key":"SMITH"},{"data":"PrismaMod:MiyuDefendChannelDefend","floor":42,"key":"SMITH"},{"data":"PrismaMod:MiyuCheapDefend2","floor":44,"key":"SMITH"},{"floor":49,"key":"REST"}],"circlet_count":0,"master_deck":["PrismaMod:MiyuCommonDefend","PrismaMod:MiyuCommonDefend+1","PrismaMod:MiyuCommonDefend","PrismaMod:MiyuCommonDefend","PrismaMod:MiyuCommonDefend","PrismaMod:MiyuCommonAttack","PrismaMod:MiyuCommonAttack","PrismaMod:MiyuCommonAttack","PrismaMod:MiyuCommonAttack","PrismaMod:MiyuCheapChannelAttack+1","PrismaMod:MiyuCheapChannelDefend+1","OSAHOGD","PrismaMod:MiyuCheapChannelAttack+1","Dark Shackles+1","UniverseFragment","Wellcheers","PrismaMod:MiyuCommonAOEAttack","PrismaMod:MiyuCarnivalDefend+1","Freischutz","PrismaMod:MiyuCheapDefend2+1","MHz","PrismaMod:MiyuCheapChannelDefend+1","PrismaMod:MiyuDevil+1","PrismaMod:MiyuUncommonDexBuff+1","PrismaMod:MiyuDefendChannelDefend+1","PrismaMod:MiyuChannelAttackEvoke","PrismaMod:MiyuUncommonDexBuff+1"],"relics":["PrismaMod:PrismaSapphire","CogitoBucket","LetterFromLob","Mercury Hourglass","MawBank","AspirationHeart","Blood Vial","Philosopher\u0027s Stone","PreservedInsect","HornCleat","Meat on the Bone","Tiny House","AtMidnight","Strawberry","OrangePellets","Bronze Scales"],"acts_visited":["Exordium","TheCity","TheBeyond"],"potions_floor_usage":[16,20,20,25,25,41],"damage_taken":[{"damage":2,"enemies":"Small Slimes","floor":1,"turns":5},{"damage":0,"enemies":"Cultist","floor":3,"turns":4},{"damage":0,"enemies":"2 Louse","floor":5,"turns":3},{"damage":11,"enemies":"Lagavulin","floor":7,"turns":10},{"damage":1,"enemies":"Looter","floor":8,"turns":4},{"damage":0,"enemies":"Blue Slaver","floor":12,"turns":4},{"damage":8,"enemies":"Slime Boss","floor":16,"turns":12},{"damage":2,"enemies":"2 Thieves","floor":18,"turns":4},{"damage":20,"enemies":"3 Byrds","floor":19,"turns":5},{"damage":32,"enemies":"3 Cultists","floor":20,"turns":7},{"damage":19,"enemies":"Snecko","floor":22,"turns":8},{"damage":11,"enemies":"Gremlin Leader","floor":25,"turns":7},{"damage":12,"enemies":"Cultist and Chosen","floor":27,"turns":7},{"damage":0,"enemies":"Centurion and Healer","floor":30,"turns":11},{"damage":8,"enemies":"Automaton","floor":33,"turns":15},{"damage":10,"enemies":"3 Darklings","floor":35,"turns":50},{"damage":1,"enemies":"3 Shapes","floor":37,"turns":5},{"damage":27,"enemies":"Sphere and 2 Shapes","floor":39,"turns":8},{"damage":13,"enemies":"Maw","floor":41,"turns":14},{"damage":20,"enemies":"Jaw Worm Horde","floor":48,"turns":5},{"damage":55,"enemies":"Time Eater","floor":50,"turns":17},{"damage":44,"enemies":"Malkuth","floor":51,"turns":26},{"damage":2,"enemies":"Netzach","floor":51,"turns":28}],"seed_played":"3021711701146476859","potions_obtained":[{"floor":1,"key":"DuplicationPotion"},{"floor":3,"key":"EssenceOfSteel"},{"floor":12,"key":"Block Potion"},{"floor":20,"key":"DuplicationPotion"},{"floor":22,"key":"PowerPotion"},{"floor":25,"key":"SpeedPotion"},{"floor":34,"key":"FairyPotion"},{"floor":39,"key":"Regen Potion"},{"floor":41,"key":"Strength Potion"},{"floor":48,"key":"PowerPotion"}],"is_trial":false,"path_per_floor":["M","?","M","$","M","R","E","M","T","$","R","M","?","?","R","B",null,"M","M","M","$","M","R","T","E","T","M","R","?","M","?","R","B",null,"M","?","M","$","M","R","M","R","T","R","?","$","$","M","R","B",null],"character_chosen":"MIYU","items_purchased":["Dark Shackles","PrismaMod:MiyuCarnivalDefend","OrangePellets"],"campfire_rested":2,"item_purchase_floors":[4,10,38],"current_hp_per_floor":[73,73,73,73,73,73,64,63,63,63,63,76,64,64,64,65,85,83,72,46,46,31,56,56,47,47,43,43,43,48,85,85,83,90,89,96,97,97,76,76,85,85,85,85,85,85,85,67,96,51],"gold":256,"neow_bonus":"","is_daily":false,"chose_seed":false,"campfire_upgraded":8,"win_rate":0.0,"timestamp":1613568116,"path_taken":["M","?","M","$","?","R","E","M","T","?","R","M","?","?","R","BOSS","M","M","M","$","M","R","?","E","T","M","R","?","M","?","R","BOSS","M","?","?","$","M","R","M","R","T","R","?","?","$","M","R","BOSS"],"items_purchased_type":["Card","Card","Relic"],"build_version":"2020-12-22","purchased_purges":2,"victory":true,"max_hp_per_floor":[75,75,75,75,75,75,75,75,75,75,75,85,85,85,85,85,85,85,85,85,85,85,85,85,85,85,85,85,85,85,85,85,85,90,90,97,97,97,97,97,97,97,97,97,97,97,97,97,97,97],"card_choices":[{"not_picked":["SpiderBud","MeatLantern"],"picked":"OSAHOGD","floor":1},{"not_picked":["PrismaMod:MiyuChristmas","PrismaMod:MiyuUberAttack"],"picked":"PrismaMod:MiyuCheapChannelAttack","floor":1},{"not_picked":["Scorched","QueenOfHatred","MeatLantern"],"picked":"Singing Bowl","floor":3},{"not_picked":["PrismaMod:MiyuChristmas","PrismaMod:MiyuDefenseRemoval"],"picked":"PrismaMod:MiyuMaid","floor":3},{"not_picked":["SnowQueen","Murderer"],"picked":"MHz","floor":5},{"not_picked":["PrismaMod:MiyuDevil","PrismaMod:MiyuCheapChannelWeak"],"picked":"PrismaMod:MiyuUberAttack","floor":5},{"not_picked":["Bloodbath","OldLady"],"picked":"UniverseFragment","floor":7},{"not_picked":["PrismaMod:MiyuUncommonAOEAttack","PrismaMod:MiyuEvokeCheapAttack"],"picked":"PrismaMod:MiyuBride","floor":7},{"not_picked":["BeautyBeast","HappyTeddy"],"picked":"Wellcheers","floor":8},{"not_picked":["PrismaMod:MiyuDefenseRemoval","PrismaMod:MiyuEvokeCheapAttack"],"picked":"PrismaMod:MiyuCommonAOEAttack","floor":8},{"not_picked":["PunishingBird","Murderer","SingingMachine"],"picked":"Singing Bowl","floor":12},{"not_picked":["MeltingLove","SingingMachine"],"picked":"Freischutz","floor":12},{"not_picked":["PrismaMod:MiyuMaid","PrismaMod:MiyuDefenseExplosion","PrismaMod:MiyuCheapStrBuff"],"picked":"SKIP","floor":12},{"not_picked":["CrumblingArmor","CherryBlossoms","PunishingBird"],"picked":"Singing Bowl","floor":16},{"not_picked":["PrismaMod:MiyuEvokeAllAttack","PrismaMod:MiyuUberDefend"],"picked":"PrismaMod:MiyuCheapDefend2","floor":16},{"not_picked":["BeautyBeast","WallGazer"],"picked":"MHz","floor":18},{"not_picked":["PrismaMod:MiyuCheapChannelAttack","PrismaMod:MiyuUncommonAOEAttack+1"],"picked":"PrismaMod:MiyuCheapChannelDefend","floor":18},{"not_picked":["SpiderBud","WallGazer","Murderer"],"picked":"Singing Bowl","floor":19},{"not_picked":["PrismaMod:MiyuMaid","PrismaMod:MiyuCheapChannelRandom+1","PrismaMod:MiyuUberAttack"],"picked":"SKIP","floor":19},{"not_picked":["Yin","LittlePrince","LaLuna"],"picked":"Singing Bowl","floor":20},{"not_picked":["PrismaMod:MiyuCommonAOEAttack","PrismaMod:MiyuDefenseExplosion+1"],"picked":"PrismaMod:MiyuDevil+1","floor":20},{"not_picked":["NothingThere","CENSORED","VoidDream"],"picked":"Singing Bowl","floor":22},{"not_picked":["PrismaMod:MiyuDefenseAbsorbMinor","PrismaMod:MiyuDevil"],"picked":"PrismaMod:MiyuUncommonDexBuff","floor":22},{"not_picked":["CrumblingArmor","ShyLook","PunishingBird"],"picked":"Singing Bowl","floor":25},{"not_picked":["PrismaMod:MiyuChristmas+1","PrismaMod:MiyuEvokeAllDefend"],"picked":"PrismaMod:MiyuCheapChannelDefend","floor":25},{"not_picked":["SpiderBud","Scarecrow","WallGazer"],"picked":"Singing Bowl","floor":27},{"not_picked":["PrismaMod:MiyuCommonAOEAttack","PrismaMod:MiyuCheapChannelWeak","PrismaMod:MiyuCheapAttack1"],"picked":"SKIP","floor":27},{"not_picked":["HappyTeddy","LittleHelper","SnowQueen"],"picked":"Singing Bowl","floor":30},{"not_picked":["PrismaMod:MiyuMaid","PrismaMod:MiyuUberAttack","PrismaMod:MiyuChristmas"],"picked":"SKIP","floor":30},{"not_picked":["Bloodbath","OldLady","QueenOfHatred"],"picked":"Singing Bowl","floor":33},{"not_picked":["PrismaMod:MiyuUberDefend","PrismaMod:MiyuCarnivalDefend"],"picked":"PrismaMod:MiyuDefendChannelDefend","floor":33},{"not_picked":["QueenOfHatred","Yin","Mercenary"],"picked":"Singing Bowl","floor":35},{"not_picked":["PrismaMod:MiyuCheapStrBuff+1","PrismaMod:MiyuCarnivalAttack","PrismaMod:MiyuUncommonAttack+1"],"picked":"SKIP","floor":35},{"not_picked":["Yin","Alriune","Bloodbath"],"picked":"Singing Bowl","floor":37},{"not_picked":["PrismaMod:MiyuUncommonAttack+1","PrismaMod:MiyuEvokeBuffDex+1","PrismaMod:MiyuCheapChannelVul+1"],"picked":"SKIP","floor":37},{"not_picked":["Yin","NakedNest","FieryBird"],"picked":"Singing Bowl","floor":39},{"not_picked":["PrismaMod:MiyuEvokeAllDefend","PrismaMod:MiyuUncommonDefend+1","PrismaMod:MiyuCheapChannelWeak"],"picked":"SKIP","floor":39},{"not_picked":["SnowQueen","Woodsman","BlueStar"],"picked":"Singing Bowl","floor":41},{"not_picked":["PrismaMod:MiyuCommonAOEAttack+1","PrismaMod:MiyuCheapDefend1+1"],"picked":"PrismaMod:MiyuChannelAttackEvoke","floor":41},{"not_picked":["LongBird","Woodsman","Scarecrow"],"picked":"Singing Bowl","floor":48},{"not_picked":["PrismaMod:MiyuEvokeBuffDex+1","PrismaMod:MiyuCheapDexBuff","PrismaMod:MiyuCheapAttack1+1"],"picked":"SKIP","floor":48}],"player_experience":697777,"relics_obtained":[{"floor":1,"key":"LetterFromLob"},{"floor":7,"key":"Mercury Hourglass"},{"floor":9,"key":"MawBank"},{"floor":24,"key":"PreservedInsect"},{"floor":25,"key":"HornCleat"},{"floor":26,"key":"Meat on the Bone"},{"floor":35,"key":"AtMidnight"},{"floor":43,"key":"Bronze Scales"}],"event_choices":[{"damage_healed":0,"gold_gain":0,"player_choice":"Ignored","damage_taken":0,"max_hp_gain":0,"max_hp_loss":0,"event_name":"NoteForYourself","floor":2,"gold_loss":0},{"damage_healed":0,"gold_gain":0,"player_choice":"Success","damage_taken":12,"relics_obtained":["Blood Vial"],"max_hp_gain":0,"max_hp_loss":0,"event_name":"Scrap Ooze","floor":13,"gold_loss":0},{"damage_healed":0,"gold_gain":0,"player_choice":"Grow","damage_taken":0,"max_hp_gain":0,"max_hp_loss":0,"event_name":"Living Wall","floor":14,"gold_loss":0,"cards_upgraded":["PrismaMod:MiyuCheapChannelAttack"]},{"damage_healed":0,"gold_gain":99,"player_choice":"Stole From Cult","damage_taken":0,"max_hp_gain":0,"max_hp_loss":0,"event_name":"Nest","floor":29,"gold_loss":0},{"cards_removed":["PrismaMod:MiyuCheapChannelDefend"],"damage_healed":37,"gold_gain":0,"player_choice":"Offered Uncommon","damage_taken":0,"max_hp_gain":0,"max_hp_loss":0,"event_name":"Bonfire Elementals","floor":31,"gold_loss":0},{"damage_healed":0,"gold_gain":0,"player_choice":"Paid Gold","damage_taken":0,"relics_obtained":["Strawberry"],"max_hp_gain":0,"max_hp_loss":0,"event_name":"WeMeetAgain","floor":36,"gold_loss":53},{"damage_healed":0,"gold_gain":0,"player_choice":"Copied","damage_taken":0,"max_hp_gain":0,"max_hp_loss":0,"event_name":"Duplicator","floor":45,"gold_loss":0,"cards_obtained":["PrismaMod:MiyuUncommonDexBuff"]}],"is_beta":false,"boss_relics":[{"not_picked":["PrismaMod:PrismaSapphireUpgrade","Pandora\u0027s Box"],"picked":"Philosopher\u0027s Stone"},{"not_picked":["Empty Cage","Runic Pyramid"],"picked":"Tiny House"}],"items_purged_floors":[21,38],"is_endless":false,"potions_floor_spawned":[1,3,12,20,22,25,39,41,48],"ascension_level":0}}