{"host":"r527qwxsluxe0nfi","time":1613569180,"event":{"mods":["AchievementEnabler","BaseMod","Bestiary","Minty Spire (QoL Compilation)","SuperFastMode","Weighted Paths"],"gold_per_floor":[118,393,198,211,211,236,289,289,289,318,318,338,351,366,366,444,444,462,462,482,496,98,131,147,147,147,147,147,167,60,60,60,132,132,144,194,214,239,249,249,69,69,69,69,94,94,94,94,94],"floor_reached":48,"language":"ENG","playtime":1479,"items_purged":["Regret","Defend_B"],"score":919,"play_id":"8c188886-2313-471b-af98-77065d44e091","local_time":"20210217143940","is_ascension_mode":true,"campfire_choices":[{"data":"Fusion","floor":8.0,"key":"SMITH"},{"data":"Zap","floor":11.0,"key":"SMITH"},{"data":"Barrage","floor":15.0,"key":"SMITH"},{"data":"Coolheaded","floor":27.0,"key":"SMITH"},{"floor":32.0,"key":"REST"},{"data":"Coolheaded","floor":40.0,"key":"SMITH"},{"data":"Master of Strategy","floor":44.0,"key":"SMITH"},{"data":"Defend_B","floor":47.0,"key":"PURGE"}],"circlet_count":0,"master_deck":["AscendersBane","Strike_B","Defend_B","Defend_B","Zap+1","Dualcast","Fusion+1","Storm","Ball Lightning","Barrage+1","Self Repair+1","Storm+1","Machine Learning+1","Cold Snap","Defragment+1","Coolheaded+1","Machine Learning+1","Conserve Battery","Electrodynamics+1","Coolheaded+1","Defragment+1","Conserve Battery+1","Conserve Battery+1","Sunder+1","Static Discharge+1","Master of Strategy+1"],"relics":["Cracked Core","NeowsBlessing","Singing Bowl","Frozen Egg 2","Bronze Scales","Turnip","WingedGreaves","Runic Dome","Enchiridion","Mummified Hand","Meat on the Bone","Symbiotic Virus","Empty Cage","Peace Pipe","Kunai","InkBottle"],"acts_visited":["Exordium","TheCity","TheBeyond"],"potions_floor_usage":[48],"damage_taken":[{"damage":0.0,"enemies":"Jaw Worm","floor":1.0,"turns":1.0},{"damage":0.0,"enemies":"Cultist","floor":4.0,"turns":1.0},{"damage":0.0,"enemies":"Lagavulin","floor":6.0,"turns":1.0},{"damage":30.0,"enemies":"3 Sentries","floor":10.0,"turns":6.0},{"damage":0.0,"enemies":"Small Slimes","floor":12.0,"turns":2.0},{"damage":17.0,"enemies":"Exordium Wildlife","floor":13.0,"turns":3.0},{"damage":12.0,"enemies":"3 Louse","floor":14.0,"turns":2.0},{"damage":17.0,"enemies":"Hexaghost","floor":16.0,"turns":8.0},{"damage":28.0,"enemies":"2 Thieves","floor":18.0,"turns":3.0},{"damage":2.0,"enemies":"3 Byrds","floor":20.0,"turns":2.0},{"damage":2.0,"enemies":"Centurion and Healer","floor":21.0,"turns":5.0},{"damage":24.0,"enemies":"Book of Stabbing","floor":23.0,"turns":2.0},{"damage":12.0,"enemies":"Cultist and Chosen","floor":24.0,"turns":3.0},{"damage":6.0,"enemies":"Shelled Parasite and Fungi","floor":29.0,"turns":2.0},{"damage":22.0,"enemies":"Champ","floor":33.0,"turns":6.0},{"damage":20.0,"enemies":"3 Shapes","floor":35.0,"turns":2.0},{"damage":8.0,"enemies":"3 Darklings","floor":37.0,"turns":2.0},{"damage":26.0,"enemies":"Mind Bloom Boss Battle","floor":38.0,"turns":4.0},{"damage":9.0,"enemies":"Sphere and 2 Shapes","floor":39.0,"turns":2.0},{"damage":29.0,"enemies":"Reptomancer","floor":45.0,"turns":3.0},{"damage":54,"enemies":"Nemesis","floor":48,"turns":4}],"seed_played":"-991021145002439228","potions_obtained":[{"floor":4.0,"key":"LiquidBronze"},{"floor":10.0,"key":"GamblersBrew"},{"floor":16.0,"key":"Explosive Potion"},{"floor":20.0,"key":"Fire Potion"},{"floor":21.0,"key":"FocusPotion"},{"floor":23.0,"key":"FocusPotion"},{"floor":29.0,"key":"CultistPotion"},{"floor":38.0,"key":"Weak Potion"},{"floor":39.0,"key":"PowerPotion"},{"floor":45.0,"key":"Dexterity Potion"}],"is_trial":false,"path_per_floor":["M","?","$","M","?","E","T","R","T","E","R","M","M","M","R","B",null,"M","?","M","M","$","E","M","?","T","R","?","M","$","?","R","B",null,"M","?","M","?","M","R","$","?","T","R","E","?","R","E"],"character_chosen":"DEFECT","items_purchased":["Storm","Ball Lightning","Mummified Hand","Machine Learning+1","Coolheaded","Defragment+1","Static Discharge+1"],"campfire_rested":1,"item_purchase_floors":[3,3,22,22,30,30,41],"current_hp_per_floor":[64,64,64,64,53,55,55,55,55,27,27,27,20,20,20,13,61,43,22,30,38,38,26,36,13,13,13,13,29,29,29,54,56,79,59,59,51,47,52,52,52,52,52,52,47,47,47,0,0],"gold":94,"neow_bonus":"THREE_ENEMY_KILL","is_daily":false,"chose_seed":false,"campfire_upgraded":6,"win_rate":0.0,"timestamp":1613569180,"path_taken":["M","?","$","?","?","E","?","R","T","E","R","M","?","M","R","BOSS","M","?","M","M","$","E","M","?","T","R","?","M","$","?","R","BOSS","M","?","?","?","M","R","$","?","T","R","E","?","R","E"],"items_purchased_type":["Card","Card","Relic","Card","Card","Card","Card"],"build_version":"2020-12-22","purchased_purges":2,"victory":false,"max_hp_per_floor":[71,71,71,71,71,73,73,73,73,75,75,75,75,77,77,77,77,77,77,77,77,77,79,79,84,84,84,84,84,84,84,84,86,86,86,86,86,86,88,88,88,88,88,88,90,90,90,90,90],"card_choices":[{"not_picked":["Go for the Eyes","Compile Driver"],"picked":"Fusion","floor":1.0},{"not_picked":["Steam","Melter"],"picked":"Barrage","floor":4.0},{"not_picked":["Meteor Strike","Redo","Turbo"],"picked":"Singing Bowl","floor":6.0},{"not_picked":["Streamline","Reprogram","Rip and Tear"],"picked":"Singing Bowl","floor":10.0},{"not_picked":["Compile Driver","Capacitor+1"],"picked":"Self Repair+1","floor":12.0},{"not_picked":["Barrage","Rebound"],"picked":"Storm+1","floor":13.0},{"not_picked":["Turbo","Streamline","Beam Cell"],"picked":"Singing Bowl","floor":14.0},{"not_picked":["All For One","Thunder Strike"],"picked":"Machine Learning+1","floor":16.0},{"not_picked":["Conserve Battery","Compile Driver"],"picked":"Cold Snap","floor":18.0},{"not_picked":["Chaos","Undo"],"picked":"Defragment+1","floor":20.0},{"not_picked":["Go for the Eyes+1","Sweeping Beam"],"picked":"Coolheaded","floor":21.0},{"not_picked":["Skim","Compile Driver+1","Sweeping Beam"],"picked":"Singing Bowl","floor":23.0},{"not_picked":["Gash","Aggregate"],"picked":"Conserve Battery","floor":24.0},{"not_picked":["Ball Lightning","Gash"],"picked":"Electrodynamics+1","floor":29.0},{"not_picked":["Hyperbeam","Fission","Biased Cognition+1"],"picked":"Singing Bowl","floor":33.0},{"not_picked":["Aggregate+1","Barrage"],"picked":"Conserve Battery+1","floor":35.0},{"not_picked":["Streamline+1","Ball Lightning"],"picked":"Conserve Battery+1","floor":37.0},{"not_picked":["Darkness+1","Double Energy"],"picked":"Sunder+1","floor":38.0},{"not_picked":["Auto Shields","Undo","Turbo"],"picked":"Singing Bowl","floor":39.0},{"not_picked":["PanicButton","Thinking Ahead"],"picked":"Master of Strategy","floor":42.0},{"not_picked":["Barrage+1","Conserve Battery","Scrape"],"picked":"Singing Bowl","floor":45.0}],"player_experience":360249,"relics_obtained":[{"floor":6.0,"key":"Frozen Egg 2"},{"floor":7.0,"key":"Bronze Scales"},{"floor":9.0,"key":"Turnip"},{"floor":10.0,"key":"WingedGreaves"},{"floor":19.0,"key":"Enchiridion"},{"floor":23.0,"key":"Meat on the Bone"},{"floor":26.0,"key":"Symbiotic Virus"},{"floor":38.0,"key":"Peace Pipe"},{"floor":43.0,"key":"Kunai"},{"floor":45.0,"key":"InkBottle"}],"event_choices":[{"damage_healed":0.0,"max_hp_gain":0.0,"max_hp_loss":0.0,"gold_gain":275.0,"event_name":"Golden Shrine","player_choice":"Desecrate","floor":2.0,"gold_loss":0.0,"damage_taken":0.0,"cards_obtained":["Regret"]},{"damage_healed":0.0,"max_hp_gain":0.0,"max_hp_loss":0.0,"gold_gain":0.0,"event_name":"Scrap Ooze","player_choice":"Success","floor":5.0,"gold_loss":0.0,"damage_taken":11.0,"relics_obtained":["Singing Bowl"]},{"damage_healed":0.0,"max_hp_gain":0.0,"max_hp_loss":0.0,"gold_gain":0.0,"event_name":"Cursed Tome","player_choice":"Obtained Book","floor":19.0,"gold_loss":0.0,"damage_taken":21.0},{"damage_healed":0.0,"max_hp_gain":5.0,"max_hp_loss":0.0,"gold_gain":0.0,"event_name":"Forgotten Altar","player_choice":"Shed Blood","floor":25.0,"gold_loss":0.0,"damage_taken":28.0},{"damage_healed":0.0,"max_hp_gain":0.0,"max_hp_loss":0.0,"gold_gain":0.0,"event_name":"Vampires","player_choice":"Ignored","floor":28.0,"gold_loss":0.0,"damage_taken":0.0},{"damage_healed":0.0,"max_hp_gain":0.0,"max_hp_loss":0.0,"gold_gain":0.0,"event_name":"The Mausoleum","player_choice":"Ignored","floor":31.0,"gold_loss":0.0,"damage_taken":0.0},{"damage_healed":0.0,"max_hp_gain":0.0,"max_hp_loss":0.0,"gold_gain":50.0,"event_name":"Golden Shrine","player_choice":"Pray","floor":36.0,"gold_loss":0.0,"damage_taken":0.0},{"damage_healed":0.0,"max_hp_gain":0.0,"max_hp_loss":0.0,"gold_gain":0.0,"event_name":"MindBloom","player_choice":"Fight","floor":38.0,"gold_loss":0.0,"damage_taken":0.0},{"damage_healed":0.0,"max_hp_gain":0.0,"max_hp_loss":0.0,"gold_gain":0.0,"event_name":"SensoryStone","player_choice":"Memory 1","floor":42.0,"gold_loss":0.0,"damage_taken":0.0},{"cards_removed":["Strike_B"],"damage_healed":0.0,"max_hp_gain":0.0,"max_hp_loss":0.0,"gold_gain":0.0,"event_name":"Falling","player_choice":"Removed Attack","floor":46.0,"gold_loss":0.0,"damage_taken":0.0}],"is_beta":false,"boss_relics":[{"not_picked":["Tiny House","Astrolabe"],"picked":"Runic Dome"},{"not_picked":["Busted Crown","SacredBark"],"picked":"Empty Cage"}],"items_purged_floors":[3,41],"is_endless":false,"potions_floor_spawned":[4,10,12,16,20,21,23,29,38,39,45],"killed_by":"Nemesis","ascension_level":15}}