{"host":"mhzgc0zma59jtmoj","time":1613544515,"event":{"mods":["BaseMod","BetterRewards","Custom Start","Glutton Mod","Ironclad Rager","Minty Spire (QoL Compilation)","Replay The Spire","Somnambulant","StSLib","The Cursed","The Hierophant","The Jungle","Treasure Hunter"],"gold_per_floor":[19,94,119,136,211,211,43,75,75,75,95,95,45,60,60,160,160,177,197,215,228,246,246,274,287,314,325,325,337,365,376,376,476,476,489,506,506,198,198,231,231,257,311,323,333,333,333,333,333,333,333,333,283,316,316,316],"floor_reached":55,"language":"ENG","playtime":2854,"items_purged":["Survivor","Looming Evil","Dodge and Roll","TH:DeckOfManyThings"],"score":991,"play_id":"0fddb9a0-b549-4719-932d-637bafe20619","local_time":"20210217014835","is_ascension_mode":true,"campfire_choices":[{"data":"Footwork","floor":6.0,"key":"SMITH"},{"data":"Sadistic Nature","floor":12.0,"key":"SMITH"},{"data":"Dodge and Roll","floor":15.0,"key":"SMITH"},{"data":"Envenom","floor":23.0,"key":"SMITH"},{"floor":32.0,"key":"REST"},{"data":"Dodge and Roll","floor":41.0,"key":"SMITH"},{"data":"Dodge and Roll","floor":47.0,"key":"SMITH"},{"floor":49.0,"key":"RECALL"},{"data":"Dodge and Roll","floor":52.0,"key":"SMITH"}],"circlet_count":0,"master_deck":["Neutralize","Poisoned Stab","Poisoned Stab","Poisoned Stab","Poisoned Stab","Dodge and Roll+1","Dodge and Roll+1","Dodge and Roll+1","Dodge and Roll+1","Footwork+1","Sadistic Nature+1","Backstab","Envenom+1","CurseOfTheBell","Sadistic Nature+1"],"relics":["Ring of the Snake","Turnip","ReplayTheSpireMod:CursedCoin","FossilizedHelix","Smiling Mask","Replay:Grab Bag","Sozu","Replay:Bronze Core","SlaversCollar","Centennial Puzzle","Mummified Hand","Calling Bell","Blue Doll","Gremlin Horn","Girya","Bottled Tornado","Boot","Happy Flower","ReplayTheSpireMod:TigerMarble","Mirror"],"acts_visited":["Exordium","TheCity","TheBeyond","TheEnding"],"potions_floor_usage":[],"damage_taken":[{"damage":0.0,"enemies":"Cultist","floor":1.0,"turns":3.0},{"damage":0.0,"enemies":"Small Slimes","floor":4.0,"turns":4.0},{"damage":9.0,"enemies":"Gremlin Nob","floor":8.0,"turns":3.0},{"damage":0.0,"enemies":"2 Louse","floor":11.0,"turns":3.0},{"damage":0.0,"enemies":"Exordium Thugs","floor":14.0,"turns":2.0},{"damage":0.0,"enemies":"Hexaghost","floor":16.0,"turns":6.0},{"damage":0.0,"enemies":"Spheric Guardian","floor":18.0,"turns":3.0},{"damage":0.0,"enemies":"Chosen","floor":19.0,"turns":6.0},{"damage":14.0,"enemies":"Snake Plant","floor":20.0,"turns":4.0},{"damage":0.0,"enemies":"Shelled Parasite and Fungi","floor":21.0,"turns":6.0},{"damage":19.0,"enemies":"Cultist and Chosen","floor":22.0,"turns":9.0},{"damage":13.0,"enemies":"Slavers","floor":24.0,"turns":4.0},{"damage":0.0,"enemies":"Snecko","floor":25.0,"turns":4.0},{"damage":0.0,"enemies":"Centurion and Healer","floor":27.0,"turns":7.0},{"damage":0.0,"enemies":"Cultist and Chosen","floor":29.0,"turns":6.0},{"damage":4.0,"enemies":"Gremlin Leader","floor":30.0,"turns":3.0},{"damage":0.0,"enemies":"Snake Plant","floor":31.0,"turns":4.0},{"damage":0.0,"enemies":"Collector","floor":33.0,"turns":6.0},{"damage":11.0,"enemies":"3 Darklings","floor":35.0,"turns":5.0},{"damage":9.0,"enemies":"Orb Walker","floor":36.0,"turns":5.0},{"damage":0.0,"enemies":"Reptomancer","floor":40.0,"turns":4.0},{"damage":1.0,"enemies":"Nemesis","floor":42.0,"turns":5.0},{"damage":0.0,"enemies":"4 Shapes","floor":44.0,"turns":3.0},{"damage":0.0,"enemies":"Maw","floor":45.0,"turns":5.0},{"damage":10.0,"enemies":"Awakened One","floor":50.0,"turns":8.0},{"damage":30.0,"enemies":"Shield and Spear","floor":54.0,"turns":6.0},{"damage":36,"enemies":"The Heart","floor":55,"turns":3}],"seed_played":"-8377372100807563956","potions_obtained":[{"floor":4.0,"key":"DuplicationPotion"},{"floor":11.0,"key":"Adrenaline Potion"}],"is_trial":false,"path_per_floor":["M","?","?","M","$","R","$","E","T","?","M","R","$","M","R","B",null,"M","M","M","M","M","R","E","M","T","M","?","M","E","M","R","B",null,"M","M","?","$","?","E","R","E","T","M","M","?","R","?","R","B",null,"R","$","E","B"],"character_chosen":"THE_SILENT","items_purchased":["ReplayTheSpireMod:CursedCoin","Sadistic Nature","Bottled Tornado"],"campfire_rested":1,"item_purchase_floors":[5,7,38],"current_hp_per_floor":[45,34,34,34,34,34,34,25,25,25,25,25,25,25,25,25,63,63,63,49,49,30,30,17,17,17,17,17,17,13,13,31,31,63,52,43,43,43,43,43,43,42,42,42,42,42,42,42,42,32,63,63,63,33,0,0],"gold":316,"neow_bonus":"SILENT_ASSASSIN","is_daily":false,"chose_seed":false,"campfire_upgraded":7,"win_rate":0.0,"timestamp":1613544515,"path_taken":["M","?","?","?","?","R","$","E","T","?","M","R","$","M","R","BOSS","M","M","?","M","M","R","E","M","T","M","?","M","E","M","R","BOSS","M","?","?","?","?","E","R","E","T","?","M","?","R","?","R","BOSS","R","$","E","BOSS"],"items_purchased_type":["Relic","Card","Relic"],"build_version":"2020-12-22","purchased_purges":4,"victory":false,"max_hp_per_floor":[63,63,63,63,63,63,63,63,63,63,63,63,63,63,63,63,63,63,63,63,63,63,63,63,63,63,63,63,63,63,63,63,63,63,63,63,63,63,63,63,63,63,63,63,63,63,63,63,63,63,63,63,63,63,63,63],"card_choices":[{"not_picked":["Eviscerate","Flying Knee","Backflip"],"picked":"SKIP","floor":1.0},{"not_picked":["Cloak And Dagger","Toxin Wave"],"picked":"Footwork","floor":3.0},{"not_picked":["Backflip","Outmaneuver","Prepared"],"picked":"SKIP","floor":4.0},{"not_picked":["TH:CopperCoins","TH:ArmorSpikes"],"picked":"SKIP","floor":8.0},{"not_picked":["Distraction","Bane","Dagger Spray"],"picked":"SKIP","floor":8.0},{"not_picked":["TH:ArmorSpikes","TH:CursedSword"],"picked":"SKIP","floor":9.0},{"not_picked":["Blade Dance","Acrobatics","Endless Agony"],"picked":"SKIP","floor":11.0},{"not_picked":["Cloak And Dagger","Crippling Poison"],"picked":"Backstab","floor":14.0},{"not_picked":["Phantasmal Killer","Malaise"],"picked":"Envenom","floor":16.0},{"not_picked":["Cloak And Dagger","Deflect","Toxin Wave+1"],"picked":"SKIP","floor":18.0},{"not_picked":["Slice","Dodge and Roll","ICR:Paralyse"],"picked":"SKIP","floor":19.0},{"not_picked":["Poisoned Stab+1","PiercingWail+1","ReplayTheSpireMod:Tripwire"],"picked":"SKIP","floor":20.0},{"not_picked":["Poisoned Stab","Backflip","Sneak Up"],"picked":"SKIP","floor":21.0},{"not_picked":["Backflip","Slice+1","Fluid Movement"],"picked":"SKIP","floor":22.0},{"not_picked":["TH:EnergyPotion","TH:Mimic"],"picked":"SKIP","floor":24.0},{"not_picked":["Masterful Stab","Sneak Up","Terror"],"picked":"SKIP","floor":24.0},{"not_picked":["Escape Plan+1","Burst","Poisoned Stab"],"picked":"SKIP","floor":25.0},{"not_picked":["TH:BikiniMail","TH:TreasureMap"],"picked":"SKIP","floor":26.0},{"not_picked":["Deadly Poison","All Out Attack","Crippling Poison+1"],"picked":"SKIP","floor":27.0},{"not_picked":["Slice","Acrobatics","PiercingWail"],"picked":"SKIP","floor":29.0},{"not_picked":["TH:ElvenBoots","TH:ArmorSpikes"],"picked":"SKIP","floor":30.0},{"not_picked":["ICR:Cloudkill","Unload","Poison Darts"],"picked":"SKIP","floor":30.0},{"not_picked":["Hidden Blade","Bane","Dagger Spray"],"picked":"SKIP","floor":31.0},{"not_picked":["ReplayTheSpireMod:The Works+1","Dagger Throw","PiercingWail"],"picked":"SKIP","floor":35.0},{"not_picked":["Leg Sweep","Setup","Dodge and Roll"],"picked":"SKIP","floor":36.0},{"not_picked":["TH:ElvenBoots","TH:EnergyPotion"],"picked":"SKIP","floor":40.0},{"not_picked":["ReplayTheSpireMod:The Works+1","Bane","ReplayTheSpireMod:Necrosis"],"picked":"SKIP","floor":40.0},{"not_picked":["TH:Mimic","TH:TreasureMap"],"picked":"SKIP","floor":42.0},{"not_picked":["Deflect","Replay:Poison Smokescreen+1","Fluid Movement"],"picked":"SKIP","floor":42.0},{"not_picked":["TH:CursedSword"],"picked":"TH:DeckOfManyThings","floor":43.0},{"not_picked":["Poisoned Stab+1","Backflip+1","Prepared+1"],"picked":"SKIP","floor":44.0},{"not_picked":["Underhanded Strike+1","Acrobatics+1","Crippling Poison"],"picked":"SKIP","floor":45.0},{"not_picked":["TH:ElvenBoots","TH:ArmorSpikes"],"picked":"SKIP","floor":54.0},{"not_picked":["Bullet Time","Slice+1","Bane"],"picked":"SKIP","floor":54.0}],"player_experience":291290,"relics_obtained":[{"floor":3.0,"key":"Turnip"},{"floor":8.0,"key":"FossilizedHelix"},{"floor":9.0,"key":"Smiling Mask"},{"floor":24.0,"key":"Centennial Puzzle"},{"floor":30.0,"key":"Mummified Hand"},{"floor":34.0,"key":"Blue Doll"},{"floor":34.0,"key":"Gremlin Horn"},{"floor":34.0,"key":"Girya"},{"floor":40.0,"key":"Boot"},{"floor":42.0,"key":"Happy Flower"},{"floor":43.0,"key":"ReplayTheSpireMod:TigerMarble"},{"floor":54.0,"key":"Mirror"}],"event_choices":[{"damage_healed":0.0,"max_hp_gain":0.0,"max_hp_loss":0.0,"gold_gain":75.0,"event_name":"World of Goop","player_choice":"Gather Gold","floor":2.0,"gold_loss":0.0,"damage_taken":11.0},{"damage_healed":0.0,"max_hp_gain":0.0,"max_hp_loss":0.0,"gold_gain":0.0,"event_name":"Match and Keep!","player_choice":"0 cards matched","floor":10.0,"gold_loss":0.0,"damage_taken":0.0,"cards_obtained":[]},{"damage_healed":0.0,"max_hp_gain":0.0,"max_hp_loss":0.0,"gold_gain":0.0,"event_name":"Lab","player_choice":"Got Potions","floor":28.0,"gold_loss":0.0,"damage_taken":0.0},{"damage_healed":0.0,"max_hp_gain":0.0,"max_hp_loss":0.0,"gold_gain":0.0,"event_name":"Duplicator","player_choice":"Copied","floor":37.0,"gold_loss":0.0,"damage_taken":0.0,"cards_obtained":["Sadistic Nature"]},{"cards_removed":["Overencumbered"],"damage_healed":0.0,"max_hp_gain":0.0,"max_hp_loss":0.0,"gold_gain":0.0,"event_name":"Fountain of Cleansing","player_choice":"Removed Curses","floor":39.0,"gold_loss":0.0,"damage_taken":0.0},{"cards_removed":["Poisoned Stab"],"damage_healed":0.0,"max_hp_gain":0.0,"max_hp_loss":0.0,"gold_gain":0.0,"event_name":"Falling","player_choice":"Removed Attack","floor":46.0,"gold_loss":0.0,"damage_taken":0.0},{"damage_healed":0.0,"max_hp_gain":0.0,"max_hp_loss":0.0,"gold_gain":0.0,"event_name":"Tomb of Lord Red Mask","player_choice":"Ignored","floor":48.0,"gold_loss":0.0,"damage_taken":0.0}],"is_beta":false,"boss_relics":[{"not_picked":["Replay:Ancient Bell","Snecko Scales"],"picked":"Replay:Grab Bag"},{"not_picked":["Replay:Cursed D8","Busted Crown"],"picked":"Sozu"},{"not_picked":["Fusion Hammer","Coffee Dripper"],"picked":"Replay:Bronze Core"},{"not_picked":["SacredBark","Pandora\u0027s Box"],"picked":"SlaversCollar"},{"not_picked":["WristBlade","Ring of the Serpent"],"picked":"Calling Bell"}],"items_purged_floors":[5,13,38,53],"is_endless":false,"potions_floor_spawned":[4,11,19,20,21,25,30,33,35,44],"killed_by":"The Heart","ascension_level":1}}