{"host":"bg8va46pgqgvtzim","time":1613560351,"event":{"mods":["BaseMod","Minty Spire (QoL Compilation)","Quick Restart","StSLib","SuperFastMode"],"gold_per_floor":[111,61,72,72,86,97,131,190,222,222,297,19,46,46,72,86,97,97,115,65,65,65,168,168,180,199,215,17,37,37,37,37,62,82,82,109,136,156,156,166,166,177,192,227,240,240,240,340,340,353,353,160,175,194,294,244,244,272,285,285,313,339,369,381,381,398,348,348,361,311,321,321,321,321,321,321,13,47,47],"floor_reached":80,"language":"ZHS","playtime":2003,"items_purged":["Defend_P","Strike_P","Strike_P","Strike_P","BattleHymn","CarveReality","Eruption+1","Indignation","Worship+1"],"score":1774,"play_id":"1e916249-bba1-4116-b128-e3ab5824fc73","local_time":"20210217191231","is_ascension_mode":true,"campfire_choices":[{"data":"Eruption","floor":14.0,"key":"SMITH"},{"floor":18.0,"key":"REST"},{"data":"Fasting2","floor":21.0,"key":"SMITH"},{"data":"Wallop","floor":22.0,"key":"SMITH"},{"data":"Adaptation","floor":32,"key":"SMITH"},{"data":"Scrawl","floor":39,"key":"SMITH"},{"data":"Prostrate","floor":46,"key":"SMITH"},{"data":"Tantrum","floor":47,"key":"SMITH"},{"data":"TalkToTheHand","floor":57,"key":"SMITH"},{"data":"Worship","floor":60,"key":"SMITH"},{"floor":72,"key":"RECALL"},{"data":"Pray","floor":73,"key":"SMITH"},{"data":"Finesse","floor":76,"key":"SMITH"}],"circlet_count":0,"master_deck":["Vigilance+1","Fasting2+1","Wallop+1","Tantrum+1","Scrawl+1","Prostrate+1","Pray+1","Adaptation+1","Pray+1","ClearTheMind+1","MentalFortress+1","Adaptation+1","DeusExMachina+1","TalkToTheHand+1","InnerPeace+1","Fasting2+1","Finesse+1","Trip"],"relics":["HolyWater","Smiling Mask","Lizard Tail","Strawberry","Vajra","TheAbacus","Odd Mushroom","Regal Pillow","OrangePellets","Torii","CaptainsWheel","TungstenRod","Empty Cage","Medical Kit","Pocketwatch","War Paint","Damaru","Whetstone","Mummified Hand","Pantograph"],"acts_visited":["Exordium","TheCity","TheBeyond","TheEnding"],"potions_floor_usage":[27,79,79],"damage_taken":[{"damage":0.0,"enemies":"2 Louse","floor":1.0,"turns":5.0},{"damage":0.0,"enemies":"Small Slimes","floor":3.0,"turns":2.0},{"damage":3.0,"enemies":"Jaw Worm","floor":5.0,"turns":3.0},{"damage":7.0,"enemies":"Blue Slaver","floor":6.0,"turns":2.0},{"damage":22.0,"enemies":"3 Sentries","floor":7.0,"turns":7.0},{"damage":22.0,"enemies":"Lagavulin Event","floor":8.0,"turns":5.0},{"damage":14.0,"enemies":"Lagavulin","floor":9.0,"turns":7.0},{"damage":0.0,"enemies":"The Mushroom Lair","floor":13.0,"turns":3.0},{"damage":0.0,"enemies":"Gremlin Nob","floor":15.0,"turns":2.0},{"damage":0.0,"enemies":"Looter","floor":16.0,"turns":4.0},{"damage":0.0,"enemies":"Large Slime","floor":17.0,"turns":3.0},{"damage":0.0,"enemies":"Exordium Thugs","floor":19.0,"turns":3.0},{"damage":1.0,"enemies":"The Guardian","floor":23.0,"turns":7.0},{"damage":3.0,"enemies":"3 Byrds","floor":25.0,"turns":4.0},{"damage":0.0,"enemies":"Spheric Guardian","floor":26.0,"turns":1.0},{"damage":1,"enemies":"Shelled Parasite and Fungi","floor":27,"turns":3},{"damage":0,"enemies":"Snake Plant","floor":29,"turns":2},{"damage":0,"enemies":"Gremlin Leader","floor":33,"turns":3},{"damage":2,"enemies":"Cultist and Chosen","floor":34,"turns":3},{"damage":7,"enemies":"Book of Stabbing","floor":36,"turns":2},{"damage":10,"enemies":"Shelled Parasite and Fungi","floor":38,"turns":3},{"damage":1,"enemies":"Snecko","floor":40,"turns":5},{"damage":9,"enemies":"Centurion and Healer","floor":42,"turns":4},{"damage":0,"enemies":"3 Cultists","floor":43,"turns":2},{"damage":0,"enemies":"Gremlin Leader","floor":44,"turns":3},{"damage":6,"enemies":"Snake Plant","floor":45,"turns":2},{"damage":10,"enemies":"Champ","floor":48,"turns":4},{"damage":0,"enemies":"Orb Walker","floor":50,"turns":2},{"damage":0,"enemies":"3 Shapes","floor":53,"turns":3},{"damage":0,"enemies":"3 Darklings","floor":54,"turns":2},{"damage":0,"enemies":"Giant Head","floor":58,"turns":2},{"damage":5,"enemies":"Writhing Mass","floor":59,"turns":2},{"damage":0,"enemies":"Nemesis","floor":61,"turns":3},{"damage":0,"enemies":"Giant Head","floor":63,"turns":3},{"damage":0,"enemies":"Spire Growth","floor":64,"turns":3},{"damage":2,"enemies":"4 Shapes","floor":66,"turns":3},{"damage":0,"enemies":"Maw","floor":69,"turns":2},{"damage":13,"enemies":"Transient","floor":71,"turns":2},{"damage":26,"enemies":"Donu and Deca","floor":74,"turns":3},{"damage":5,"enemies":"Shield and Spear","floor":78,"turns":2},{"damage":0,"enemies":"The Heart","floor":79,"turns":4}],"seed_played":"-7391554099995212825","potions_obtained":[{"floor":1.0,"key":"EssenceOfSteel"},{"floor":6.0,"key":"SkillPotion"},{"floor":7.0,"key":"Explosive Potion"},{"floor":9.0,"key":"Energy Potion"},{"floor":16.0,"key":"BottledMiracle"},{"floor":17.0,"key":"FearPotion"},{"floor":19.0,"key":"SneckoOil"},{"floor":23.0,"key":"StancePotion"},{"floor":27,"key":"Ancient Potion"},{"floor":33,"key":"BlessingOfTheForge"},{"floor":38,"key":"BottledMiracle"},{"floor":63,"key":"Ambrosia"}],"is_trial":false,"path_per_floor":["M","$","M","?","M","M","E","?","E","T","?","$","?","R","E","M","M","R","M","$","R","R","B",null,"M","M","M","$","M","?","$","R","E","M","?","E","T","M","R","M","?","M","M","E","M","R","R","B",null,"M","?","$","M","M","?","$","R","E","M","R","E","T","E","M","?","M","$","?","M","$","M","R","R","B",null,"R","$","E","B",null],"character_chosen":"WATCHER","items_purchased":["TheAbacus","Tantrum","OrangePellets","Medical Kit","Mummified Hand"],"campfire_rested":1,"item_purchase_floors":[12,12,28,52,77],"current_hp_per_floor":[72,72,72,77,74,67,45,30,16,16,5,5,5,5,5,5,5,45,45,45,45,45,44,84,81,81,80,80,80,80,80,80,80,78,78,71,71,61,61,60,60,51,51,51,45,45,45,35,84,84,80,80,80,80,80,80,80,80,75,75,75,75,75,75,75,73,73,64,64,64,51,51,51,25,80,80,80,75,80],"gold":47,"neow_bonus":"RANDOM_COMMON_RELIC","is_daily":false,"chose_seed":false,"campfire_upgraded":11,"win_rate":0.0,"timestamp":1613560351,"path_taken":["M","$","M","?","M","M","E","?","E","T","?","$","?","R","E","M","?","R","M","$","R","R","BOSS","M","M","M","$","M","?","$","R","E","M","?","E","T","M","R","M","?","M","M","E","M","R","R","BOSS","M","?","$","M","M","?","$","R","E","?","R","E","T","E","M","?","M","?","?","M","$","M","R","R","BOSS","R","$","E","BOSS"],"items_purchased_type":["Relic","Card","Relic","Relic","Relic"],"build_version":"2020-12-22","purchased_purges":9,"victory":true,"max_hp_per_floor":[72,72,72,77,77,77,77,84,84,84,84,84,84,84,84,84,84,84,84,84,84,84,84,84,84,84,84,84,84,84,84,84,84,84,84,84,84,84,84,84,84,84,84,84,84,84,84,84,84,84,80,80,80,80,80,80,80,80,80,80,80,80,80,80,80,80,80,80,80,80,80,80,80,80,80,80,80,80,80],"card_choices":[{"not_picked":["Vengeance","MentalFortress"],"picked":"CarveReality","floor":1.0},{"not_picked":["Protect","Halt"],"picked":"BattleHymn","floor":3.0},{"not_picked":["Protect","FollowUp","Weave"],"picked":"SKIP","floor":5.0},{"not_picked":["Crescendo","WaveOfTheHand"],"picked":"Fasting2","floor":6.0},{"not_picked":["FlyingSleeves","Prostrate"],"picked":"Indignation","floor":7.0},{"not_picked":["EmptyBody","ClearTheMind"],"picked":"Wallop","floor":8.0},{"not_picked":["ClearTheMind","ReachHeaven","FlyingSleeves"],"picked":"SKIP","floor":9.0},{"not_picked":["Brilliance","Crescendo","BowlingBash"],"picked":"SKIP","floor":15.0},{"not_picked":["Protect","EmptyBody","WheelKick"],"picked":"SKIP","floor":16.0},{"not_picked":["EmptyFist","SignatureMove","WindmillStrike"],"picked":"SKIP","floor":17.0},{"not_picked":["Evaluate","Alpha","Fasting2"],"picked":"SKIP","floor":19.0},{"not_picked":["Judgement","Devotion"],"picked":"Scrawl","floor":23.0},{"not_picked":["EmptyBody","CrushJoints","Consecrate"],"picked":"SKIP","floor":25.0},{"not_picked":["Evaluate","Halt"],"picked":"Prostrate","floor":26},{"not_picked":["Crescendo","CrushJoints+1"],"picked":"Pray+1","floor":27},{"not_picked":["SandsOfTime+1","CarveReality","BowlingBash+1"],"picked":"SKIP","floor":29},{"not_picked":["SashWhip","Halt"],"picked":"Pray","floor":33},{"not_picked":["Evaluate","JustLucky","Vengeance"],"picked":"SKIP","floor":34},{"not_picked":["EmptyBody+1","Alpha","BowlingBash"],"picked":"SKIP","floor":36},{"not_picked":["Fasting2","CrushJoints","EmptyFist"],"picked":"SKIP","floor":38},{"not_picked":["Crescendo","PathToVictory"],"picked":"ClearTheMind+1","floor":40},{"not_picked":["Crescendo+1","ClearTheMind","Perseverance"],"picked":"SKIP","floor":42},{"not_picked":["Worship+1","EmptyFist"],"picked":"MentalFortress+1","floor":43},{"not_picked":["Vengeance","WreathOfFlame","ThirdEye+1"],"picked":"SKIP","floor":44},{"not_picked":["Consecrate+1","DeceiveReality"],"picked":"Adaptation+1","floor":45},{"not_picked":["Scrawl","Judgement"],"picked":"DeusExMachina","floor":48},{"not_picked":["FollowUp+1","ForeignInfluence+1","CutThroughFate"],"picked":"SKIP","floor":50},{"not_picked":["SashWhip","Worship","ClearTheMind"],"picked":"SKIP","floor":53},{"not_picked":["Nirvana+1","PathToVictory"],"picked":"TalkToTheHand","floor":54},{"not_picked":["Crescendo","CarveReality"],"picked":"InnerPeace+1","floor":58},{"not_picked":["WindmillStrike","EmptyFist+1","SandsOfTime+1"],"picked":"SKIP","floor":59},{"not_picked":["JustLucky+1","Vengeance+1","ThirdEye+1"],"picked":"SKIP","floor":61},{"not_picked":["SashWhip","FlyingSleeves+1","EmptyBody+1"],"picked":"SKIP","floor":63},{"not_picked":["Meditate+1","JustLucky+1"],"picked":"Fasting2+1","floor":64},{"not_picked":["FearNoEvil","Fasting2+1","FollowUp+1"],"picked":"SKIP","floor":66},{"not_picked":["Flash of Steel","Enlightenment"],"picked":"Finesse","floor":68},{"not_picked":["Master of Strategy","Enlightenment"],"picked":"Trip","floor":68},{"not_picked":["Adaptation","SashWhip+1","Halt+1"],"picked":"SKIP","floor":69},{"not_picked":["WindmillStrike","DeceiveReality","CrushJoints"],"picked":"SKIP","floor":71},{"not_picked":["Brilliance","Protect+1","Prostrate+1"],"picked":"SKIP","floor":78}],"player_experience":2481002,"relics_obtained":[{"floor":7.0,"key":"Lizard Tail"},{"floor":8.0,"key":"Strawberry"},{"floor":10.0,"key":"Vajra"},{"floor":13.0,"key":"Odd Mushroom"},{"floor":15.0,"key":"Regal Pillow"},{"floor":33,"key":"Torii"},{"floor":36,"key":"CaptainsWheel"},{"floor":44,"key":"TungstenRod"},{"floor":58,"key":"Pocketwatch"},{"floor":61,"key":"War Paint"},{"floor":62,"key":"Damaru"},{"floor":63,"key":"Whetstone"},{"floor":78,"key":"Pantograph"}],"event_choices":[{"damage_healed":0.0,"max_hp_gain":5.0,"max_hp_loss":0.0,"gold_gain":0.0,"event_name":"Big Fish","player_choice":"Donut","floor":4.0,"gold_loss":0.0,"damage_taken":0.0},{"damage_healed":0.0,"max_hp_gain":0.0,"max_hp_loss":0.0,"gold_gain":0.0,"event_name":"Dead Adventurer","player_choice":"Searched \u00271\u0027 times","floor":8.0,"gold_loss":0.0,"damage_taken":0.0},{"damage_healed":0.0,"max_hp_gain":0.0,"max_hp_loss":0.0,"gold_gain":75.0,"event_name":"World of Goop","player_choice":"Gather Gold","floor":11.0,"gold_loss":0.0,"damage_taken":11.0},{"damage_healed":0.0,"max_hp_gain":0.0,"max_hp_loss":0.0,"gold_gain":0.0,"event_name":"Mushrooms","player_choice":"Fought Mushrooms","floor":13.0,"gold_loss":0.0,"damage_taken":0.0},{"damage_healed":0,"gold_gain":0,"player_choice":"Read","damage_taken":0,"max_hp_gain":0,"max_hp_loss":0,"event_name":"The Library","floor":30,"gold_loss":0,"cards_obtained":["Adaptation"]},{"cards_removed":["Defend_P"],"damage_healed":0,"gold_gain":0,"player_choice":"Elegance","damage_taken":0,"max_hp_gain":0,"max_hp_loss":0,"event_name":"Back to Basics","floor":35,"gold_loss":0},{"damage_healed":0,"gold_gain":0,"cards_transformed":["Strike_P","Defend_P"],"player_choice":"Became Test Subject","damage_taken":0,"max_hp_gain":0,"max_hp_loss":0,"event_name":"Drug Dealer","floor":41,"gold_loss":0,"cards_obtained":["Worship","Wallop"]},{"damage_healed":0,"gold_gain":0,"player_choice":"Max HP","damage_taken":0,"max_hp_gain":0,"max_hp_loss":4,"event_name":"Winding Halls","floor":51,"gold_loss":0},{"damage_healed":0,"gold_gain":100,"player_choice":"Pray","damage_taken":0,"max_hp_gain":0,"max_hp_loss":0,"event_name":"Golden Shrine","floor":55,"gold_loss":0},{"damage_healed":0,"gold_gain":0,"player_choice":"Got Potions","damage_taken":0,"max_hp_gain":0,"max_hp_loss":0,"event_name":"Lab","floor":65,"gold_loss":0},{"damage_healed":0,"gold_gain":0,"player_choice":"Memory 3","damage_taken":10,"max_hp_gain":0,"max_hp_loss":0,"event_name":"SensoryStone","floor":68,"gold_loss":0}],"is_beta":false,"boss_relics":[{"not_picked":["Velvet Choker","VioletLotus"],"picked":"HolyWater"},{"not_picked":["Busted Crown","Coffee Dripper"],"picked":"Empty Cage"}],"items_purged_floors":[2,12,20,28,52,56,67,70,77],"is_endless":false,"potions_floor_spawned":[1,6,7,9,16,17,19,23,26,27,33,38,40,44,48,58,61,63,64,69],"ascension_level":1}}