{"host":"1ertv6sefge3tobl","time":1613554447,"event":{"mods":["BaseMod","Downfall","Minty Spire (QoL Compilation)","StSLib"],"gold_per_floor":[99,115,134,146,205,231,256,256,431,442,460,360,23,39,49,150,150,150,165,165,50,50,60,60,60,77,91,144,154,167,167,186,186,186,186],"floor_reached":33,"language":"ZHS","playtime":3885,"items_purged":["Doubt","Slimebound:Defend_Slimebound","Slimebound:Strike_Slimebound"],"score":253,"play_id":"ca50bec3-7656-441d-9cfa-baa112f5ed96","local_time":"20210217173407","is_ascension_mode":false,"campfire_choices":[{"floor":1.0,"key":"RECALL"},{"floor":12.0,"key":"REST"},{"data":"Slimebound:Split","floor":18.0,"key":"SMITH"},{"floor":25.0,"key":"REST"}],"circlet_count":0,"master_deck":["Slimebound:Strike_Slimebound+1","Slimebound:Strike_Slimebound+1","Slimebound:Defend_Slimebound","Slimebound:Defend_Slimebound","Slimebound:Split+1","Slimebound:CorrosiveSpit","Slimebound:GrowthPunch","Slimebound:SplitBruiser","Slimebound:RejuvenatingLick","Slimebound:AcidTongue","Slimebound:LeechingTouch","Slimebound:Overexert","Slimebound:ProtectTheBoss","Slimebound:Gluttony","Slimebound:MegaLick","Slimebound:Equalize","Slimebound:SelfFormingGoo"],"relics":["Slimebound:AbsorbEndCombat","Toy Ornithopter","Anchor","Whetstone","PreservedInsect","downfall:HeartBlessingRed","Letter Opener","Runic Pyramid","Centennial Puzzle","Slimebound:AggressiveSlimeRelic","Oddly Smooth Stone"],"acts_visited":["Exordium","TheCity"],"potions_floor_usage":[],"damage_taken":[{"damage":2.0,"enemies":"Jaw Worm","floor":2.0,"turns":6.0},{"damage":2.0,"enemies":"2 Louse","floor":3.0,"turns":4.0},{"damage":0.0,"enemies":"Small Slimes","floor":4.0,"turns":3.0},{"damage":23.0,"enemies":"Lagavulin Event","floor":5.0,"turns":6.0},{"damage":24.0,"enemies":"Lagavulin","floor":6.0,"turns":7.0},{"damage":0.0,"enemies":"3 Louse","floor":10.0,"turns":3.0},{"damage":1.0,"enemies":"Large Slime","floor":11.0,"turns":4.0},{"damage":4.0,"enemies":"downfall:FleeingMerchant","floor":13.0,"turns":4.0},{"damage":0.0,"enemies":"downfall:LooterAlt","floor":14.0,"turns":2.0},{"damage":2.0,"enemies":"Blue Slaver","floor":15.0,"turns":2.0},{"damage":64.0,"enemies":"WA_ARCHETYPE_RETAIN","floor":16.0,"turns":9.0},{"damage":17.0,"enemies":"downfall:LooterAlt2","floor":19.0,"turns":4.0},{"damage":6.0,"enemies":"downfall:FleeingMerchant","floor":21.0,"turns":4.0},{"damage":22.0,"enemies":"3 Byrds","floor":23.0,"turns":4.0},{"damage":15.0,"enemies":"Snecko","floor":26.0,"turns":6.0},{"damage":11.0,"enemies":"Centurion and Healer","floor":27.0,"turns":6.0},{"damage":9.0,"enemies":"downfall:FleeingMerchant","floor":28.0,"turns":4.0},{"damage":19.0,"enemies":"Snake Plant","floor":29.0,"turns":3.0},{"damage":24.0,"enemies":"3 Cultists","floor":30.0,"turns":7.0},{"damage":12.0,"enemies":"3 Cultists","floor":31.0,"turns":5.0},{"damage":9.0,"enemies":"Shelled Parasite and Fungi","floor":32.0,"turns":6.0},{"damage":48,"enemies":"SI_MIRROR_ARCHETYPE","floor":33,"turns":8}],"seed_played":"1830977246125546482","potions_obtained":[{"floor":4.0,"key":"Dexterity Potion"},{"floor":5.0,"key":"BlessingOfTheForge"},{"floor":6.0,"key":"Fire Potion"},{"floor":19.0,"key":"PowerPotion"}],"is_trial":false,"path_per_floor":["R","M","M","M","?","E","T","?","?","M","M","R","$","M","M","B",null,"R","M","?","$","?","M","T","R","M","M","$","M","M","?","M","B"],"character_chosen":"SLIMEBOUND","items_purchased":["Letter Opener","Oddly Smooth Stone"],"campfire_rested":2,"item_purchase_floors":[13,28],"current_hp_per_floor":[65,65,63,65,48,32,32,32,32,36,39,58,60,64,64,5,65,65,50,39,41,41,25,25,46,39,36,33,27,11,27,34,0,0,0],"gold":186,"neow_bonus":"RANDOM_COMMON_RELIC","is_daily":false,"chose_seed":false,"campfire_upgraded":1,"win_rate":0.0,"timestamp":1613554447,"path_taken":["R","M","M","M","?","E","T","?","?","M","M","R","$","M","M","BOSS","R","M","?","$","?","M","T","R","M","M","$","M","M","?","M","BOSS"],"items_purchased_type":["Relic","Relic"],"build_version":"2020-12-22","purchased_purges":3,"victory":false,"max_hp_per_floor":[65,65,65,65,65,65,65,65,65,65,65,65,65,65,65,65,65,65,65,70,70,70,70,70,70,70,70,70,70,70,70,70,70,70,70],"card_choices":[{"not_picked":["Slimebound:LeechingTouch","Slimebound:SlimeBarrage"],"picked":"Slimebound:GrowthPunch","floor":2.0},{"not_picked":["Slimebound:Nibble","Slimebound:MegaLick"],"picked":"Slimebound:SplitBruiser","floor":3.0},{"not_picked":["Slimebound:Repurpose","Slimebound:DisruptingSlam"],"picked":"Slimebound:RejuvenatingLick","floor":4.0},{"not_picked":["Slimebound:ComboTackle","Slimebound:SpikyOuterGoop"],"picked":"Slimebound:AcidTongue","floor":5.0},{"not_picked":["Slimebound:PrepareCrush","Slimebound:PressTheAttack"],"picked":"Slimebound:LeechingTouch","floor":6.0},{"not_picked":["Slimebound:LeechEnergy","Slimebound:GoopSpray","Slimebound:SlimeSpikes"],"picked":"SKIP","floor":10.0},{"not_picked":["Slimebound:SlimeBarrage","Slimebound:HauntingLick","Slimebound:GoopTackle"],"picked":"SKIP","floor":11.0},{"not_picked":["Slimebound:SlimeBarrage","Slimebound:Chomp","Slimebound:Grow"],"picked":"SKIP","floor":13.0},{"not_picked":["Slimebound:PressTheAttack","Slimebound:SamplingLick","Slimebound:Repurpose"],"picked":"SKIP","floor":14.0},{"not_picked":["Slimebound:RainOfGoop","Slimebound:ViciousTackle","Slimebound:SlimeSpikes"],"picked":"SKIP","floor":15.0},{"not_picked":["Slimebound:WasteNot","Slimebound:SelfFormingGoo"],"picked":"Slimebound:Overexert","floor":16.0},{"not_picked":["Slimebound:Equalize","Slimebound:BestDefense"],"picked":"Slimebound:ProtectTheBoss","floor":19.0},{"not_picked":["Slimebound:SamplingLick","Slimebound:Nibble"],"picked":"Slimebound:Gluttony","floor":21.0},{"not_picked":["Slimebound:Schlurp","Slimebound:HauntingLick","Slimebound:LeechEnergy"],"picked":"SKIP","floor":23.0},{"not_picked":["Slimebound:RollThrough","Slimebound:SlimeSpikes","Slimebound:CheckThePlaybook"],"picked":"SKIP","floor":26.0},{"not_picked":["Slimebound:LeechingTouch+1","Slimebound:ItLooksTasty"],"picked":"Slimebound:MegaLick","floor":27.0},{"not_picked":["Slimebound:SlimeSpikes","Slimebound:AcidTongue"],"picked":"Slimebound:Equalize","floor":28.0},{"not_picked":["Slimebound:Prepare","Slimebound:ServeAndProtect","Slimebound:HauntingLick"],"picked":"SKIP","floor":29.0},{"not_picked":["Slimebound:Chomp+1","Slimebound:GoopTackle","Slimebound:SlimeSpikes"],"picked":"SKIP","floor":30.0},{"not_picked":["Slimebound:SplitAcid","Slimebound:Repurpose"],"picked":"Slimebound:SelfFormingGoo","floor":32.0}],"player_experience":305666,"relics_obtained":[{"floor":6.0,"key":"Whetstone"},{"floor":7.0,"key":"PreservedInsect"},{"floor":24.0,"key":"Slimebound:AggressiveSlimeRelic"}],"event_choices":[{"cards_removed":["Slimebound:Defend_Slimebound"],"damage_healed":0.0,"max_hp_gain":0.0,"max_hp_loss":0.0,"gold_gain":0.0,"event_name":"The Cleric","player_choice":"Card Removal","floor":8.0,"gold_loss":0.0,"damage_taken":0.0},{"damage_healed":0.0,"max_hp_gain":0.0,"max_hp_loss":0.0,"gold_gain":0.0,"event_name":"Addict","player_choice":"Stole Relic","floor":22.0,"gold_loss":0.0,"damage_taken":0.0,"relics_obtained":["Centennial Puzzle"],"cards_obtained":["Pride"]}],"is_beta":false,"boss_relics":[{"not_picked":["Philosopher\u0027s Stone","bronze:MakeshiftBattery"],"picked":"Runic Pyramid"}],"items_purged_floors":[13,21,28],"is_endless":false,"potions_floor_spawned":[4,5,6,15,19,23,31],"killed_by":"SI_MIRROR_ARCHETYPE","ascension_level":0}}