{"host":"2cc5p8abrq83pe05","time":1613602955,"event":{"mods":["AchievementEnabler","BaseMod","Colored Map","Colored Powertips","DeckTracker","Downfall","Googly Eyes","Minty Spire (QoL Compilation)","Quick Restart","StSLib","everything is the same but u backflip on backflip"],"gold_per_floor":[99,116,134,42,117,148,148,163,163,188,198,254,286,298,315,315,315,315],"floor_reached":16,"language":"ENG","playtime":1210,"items_purged":[],"score":112,"play_id":"a8e50f6c-a4fa-4011-a797-7acffb39ccc2","local_time":"20210217160235","is_ascension_mode":false,"campfire_choices":[{"data":"Slimebound:Tackle","floor":1,"key":"SMITH"},{"data":"Slimebound:DuplicatedForm","floor":9,"key":"SMITH"}],"circlet_count":0,"master_deck":["Slimebound:Strike_Slimebound","Slimebound:Strike_Slimebound","Slimebound:Strike_Slimebound","Slimebound:Tackle+1","Slimebound:Defend_Slimebound","Slimebound:Defend_Slimebound","Slimebound:Defend_Slimebound","Slimebound:Defend_Slimebound","Slimebound:Split","Slimebound:CorrosiveSpit","Slimebound:GoopSpray","Slimebound:SplitBruiser","Slimebound:PressTheAttack","Slimebound:Repurpose","Slimebound:DuplicatedForm+1","Slimebound:SplitAcid","Slimebound:RollThrough","Slimebound:Schlurp","Slimebound:SplitMire","Slimebound:Dissolve","Slimebound:LeadByExample","Slimebound:LeechEnergy"],"relics":["Slimebound:AbsorbEndCombat","Blue Candle","Darkstone Periapt","Odd Mushroom","Omamori","Mummified Hand"],"acts_visited":["Exordium"],"potions_floor_usage":[13,13,13,14,16],"damage_taken":[{"damage":2,"enemies":"Small Slimes","floor":2,"turns":4},{"damage":0,"enemies":"Jaw Worm","floor":3,"turns":5},{"damage":3,"enemies":"downfall:FleeingMerchant","floor":4,"turns":4},{"damage":15,"enemies":"3 Sentries","floor":6,"turns":8},{"damage":2,"enemies":"2 Louse","floor":8,"turns":2},{"damage":43,"enemies":"The Mushroom Lair","floor":10,"turns":4},{"damage":0,"enemies":"Exordium Wildlife","floor":11,"turns":2},{"damage":37,"enemies":"Lagavulin Event","floor":12,"turns":6},{"damage":3,"enemies":"Lagavulin","floor":13,"turns":4},{"damage":4,"enemies":"Lots of Slimes","floor":14,"turns":3},{"damage":1,"enemies":"3 Louse","floor":15,"turns":2},{"damage":24,"enemies":"DF_ARCHETYPE_STREAMLINE","floor":16,"turns":3}],"seed_played":"4531718659709006623","potions_obtained":[{"floor":10,"key":"EntropicBrew"},{"floor":12,"key":"champ:CounterPotion"},{"floor":13,"key":"EssenceOfSteel"},{"floor":15,"key":"bronze:BurnAndBuffPotion"}],"is_trial":false,"path_per_floor":["R","M","M","$","?","E","T","M","R","?","M","?","E","M","M","B"],"character_chosen":"SLIMEBOUND","items_purchased":["Slimebound:Repurpose"],"campfire_rested":0,"item_purchase_floors":[4],"current_hp_per_floor":[71,71,71,71,71,64,64,64,64,36,38,9,14,14,13,0,0,0],"gold":315,"neow_bonus":"TEN_PERCENT_HP_BONUS","is_daily":false,"chose_seed":false,"campfire_upgraded":2,"win_rate":0.0,"timestamp":1613602955,"path_taken":["R","M","M","$","?","E","T","M","R","?","M","?","E","?","M","BOSS"],"items_purchased_type":["Card"],"build_version":"2020-12-22","purchased_purges":0,"victory":false,"max_hp_per_floor":[71,71,71,71,71,71,71,71,71,71,71,71,71,71,71,71,71,71],"card_choices":[{"not_picked":["Slimebound:PressTheAttack","Slimebound:Grow"],"picked":"Slimebound:GoopSpray","floor":2},{"not_picked":["Slimebound:SlimeBrawl","Slimebound:LeechEnergy"],"picked":"Slimebound:SplitBruiser","floor":3},{"not_picked":["Slimebound:ProtectTheBoss","Slimebound:HauntingLick"],"picked":"Slimebound:PressTheAttack","floor":4},{"not_picked":["Slimebound:GoopTackle","Slimebound:Nibble"],"picked":"Slimebound:DuplicatedForm","floor":6},{"not_picked":["Slimebound:LeechingTouch","Slimebound:SplitBruiser"],"picked":"Slimebound:SplitAcid","floor":8},{"not_picked":["Slimebound:SplitLeeching","Slimebound:PressTheAttack"],"picked":"Slimebound:RollThrough","floor":10},{"not_picked":["Slimebound:ProtectTheBoss","Slimebound:BestDefense"],"picked":"Slimebound:Schlurp","floor":11},{"not_picked":["Slimebound:SlimeSlap","Slimebound:TongueLash"],"picked":"Slimebound:SplitMire","floor":12},{"not_picked":["Slimebound:RejuvenatingLick","Slimebound:ComboTackle"],"picked":"Slimebound:Dissolve","floor":13},{"not_picked":["Slimebound:SplitBruiser","Slimebound:SlimeBrawl"],"picked":"Slimebound:LeadByExample","floor":14},{"not_picked":["Slimebound:RainOfGoop","Slimebound:ComboTackle"],"picked":"Slimebound:LeechEnergy","floor":15}],"player_experience":143299,"relics_obtained":[{"floor":6,"key":"Blue Candle"},{"floor":7,"key":"Darkstone Periapt"},{"floor":10,"key":"Odd Mushroom"},{"floor":13,"key":"Mummified Hand"}],"event_choices":[{"damage_healed":0,"gold_gain":0,"player_choice":"Fought Mushrooms","damage_taken":0,"max_hp_gain":0,"max_hp_loss":0,"event_name":"Mushrooms","floor":10,"gold_loss":0}],"is_beta":false,"boss_relics":[],"items_purged_floors":[],"is_endless":false,"potions_floor_spawned":[10,12,13,15],"killed_by":"DF_ARCHETYPE_STREAMLINE","ascension_level":0}}