{"host":"o5jvvi5yapo90aia","time":1613571144,"event":{"mods":["BaseMod","CapriCore","Minty Spire (QoL Compilation)","MostiFishMod","Prisma Mod","Spicy Shops","StSLib","TestMod","The Immortal","Yakumo Yukari mod","【人物mod】游戏王New YuGiOh mod","【功能Mod】Neow奖励"],"gold_per_floor":[115,115,115,115,130,157,157,175,175,175,217,217,288,368,368,466,466,492,542,592,656,681,681,721,41,41,66,110,110,126,164,164,268,268,294,366,480,530,605,643,643,686,686,732,752,779,806,830,830,835,844,844,844,123,174,186],"floor_reached":57,"language":"ZHS","playtime":9396,"items_purged":[],"score":3795,"play_id":"68010cdd-3ce0-4f91-aae3-55bf868cca55","local_time":"20210217221224","is_ascension_mode":true,"campfire_choices":[{"data":"Defend_P","floor":12.0,"key":"PURGE"},{"data":"Eruption","floor":15.0,"key":"SMITH"},{"data":"Defend_P","floor":23.0,"key":"PURGE"},{"data":"Strike_P","floor":29.0,"key":"PURGE"},{"data":"Strike_P","floor":32,"key":"PURGE"},{"floor":41,"key":"RECALL"},{"data":"Strike_P","floor":49,"key":"PURGE"},{"data":"Strike_P","floor":53,"key":"PURGE"}],"circlet_count":0,"master_deck":["AscendersBane","Defend_P","Eruption+1","Vigilance","BowlingBash","Adaptation","Vault","FearNoEvil","MostiFishMod:Speedup","MentalFortress","MostiFishMod:Opportunism","Burning Pact"],"relics":["DaveBox","testmod-TestBox","testmod-DeterminationOfClimber","HereWithMe","testmod-PortableAltar","SynthV:TestCard","Kunai","Golden Idol","Ice Cream","SsserpentHead","Happy Flower","Art of War","TimeKeys","Pen Nib","FossilizedHelix","PrismaticShard","Potion Belt","TeardropLocket","Lantern","Bottled Flame","SlaversCollar","testmod-Muramasa","SynthV:C4","Regal Pillow","OriginationStaff","Gremlin Horn","Sundial","SynthV","OrangePellets","Boot"],"acts_visited":["Exordium","TheCity","TheBeyond","TheEnding"],"potions_floor_usage":[56,56,56,56,56],"damage_taken":[{"damage":21.0,"enemies":"Jaw Worm","floor":1.0,"turns":2.0},{"damage":1.0,"enemies":"Cultist","floor":5.0,"turns":2.0},{"damage":17.0,"enemies":"Gremlin Nob","floor":6.0,"turns":3.0},{"damage":0.0,"enemies":"2 Louse","floor":8.0,"turns":1.0},{"damage":1.0,"enemies":"Lagavulin","floor":11.0,"turns":3.0},{"damage":0.0,"enemies":"Looter","floor":13.0,"turns":2.0},{"damage":2.0,"enemies":"Hexaghost","floor":16.0,"turns":5.0},{"damage":2.0,"enemies":"3 Byrds","floor":18.0,"turns":2.0},{"damage":5.0,"enemies":"Spheric Guardian","floor":21.0,"turns":3.0},{"damage":0.0,"enemies":"Chosen and Byrds","floor":22.0,"turns":3.0},{"damage":0.0,"enemies":"Slavers","floor":24.0,"turns":3.0},{"damage":0.0,"enemies":"Centurion and Healer","floor":27.0,"turns":3.0},{"damage":0.0,"enemies":"Gremlin Leader","floor":28.0,"turns":3.0},{"damage":0.0,"enemies":"Snake Plant","floor":30.0,"turns":4.0},{"damage":0.0,"enemies":"Slavers","floor":31.0,"turns":4.0},{"damage":0,"enemies":"Collector","floor":33,"turns":3},{"damage":0,"enemies":"Orb Walker","floor":35,"turns":2},{"damage":0,"enemies":"3 Shapes","floor":36,"turns":3},{"damage":0,"enemies":"2 Orb Walkers","floor":37,"turns":4},{"damage":0,"enemies":"Reptomancer","floor":40,"turns":2},{"damage":0,"enemies":"Giant Head","floor":42,"turns":2},{"damage":0,"enemies":"Nemesis","floor":44,"turns":4},{"damage":0,"enemies":"Transient","floor":45,"turns":2},{"damage":0,"enemies":"Sphere and 2 Shapes","floor":46,"turns":2},{"damage":0,"enemies":"Jaw Worm Horde","floor":47,"turns":2},{"damage":0,"enemies":"Writhing Mass","floor":48,"turns":2},{"damage":0,"enemies":"Awakened One","floor":50,"turns":3},{"damage":0,"enemies":"Time Eater","floor":51,"turns":5},{"damage":0,"enemies":"Shield and Spear","floor":55,"turns":2},{"damage":14,"enemies":"The Heart","floor":56,"turns":6}],"seed_played":"368627865761445586","potions_obtained":[{"floor":1.0,"key":"LiquidMemories"},{"floor":6.0,"key":"Fruit Juice"},{"floor":11.0,"key":"SpeedPotion"},{"floor":13.0,"key":"Fruit Juice"},{"floor":18.0,"key":"SkillPotion"},{"floor":31,"key":"FearPotion"},{"floor":33,"key":"SteroidPotion"},{"floor":46,"key":"testmod-TestPotion"}],"is_trial":false,"path_per_floor":["M","$","?","$","M","E","?","M","T","?","E","R","M","?","R","B",null,"M","?","?","M","M","R","E","$","T","M","E","R","M","E","R","B",null,"M","M","?","?","T","E","R","E","T","E","M","M","M","M","R","B","B",null,"R","$","E","B",null],"character_chosen":"WATCHER","items_purchased":["FossilizedHelix","PrismaticShard","Potion Belt","Sundial","SynthV","OrangePellets","AttackPotion"],"campfire_rested":0,"item_purchase_floors":[25,25,25,54,54,54,54],"current_hp_per_floor":[41,41,41,41,43,28,7,13,13,13,14,14,16,16,16,18,47,52,52,52,48,50,50,52,52,52,51,50,49,48,47,46,45,44,43,42,41,40,39,38,37,36,35,34,33,32,31,30,29,28,27,26,25,24,23,10],"gold":186,"neow_bonus":"BOSS_RELIC","is_daily":false,"chose_seed":false,"campfire_upgraded":1,"win_rate":0.0,"timestamp":1613571144,"path_taken":["M","$","?","$","?","E","?","M","T","?","E","R","?","?","R","BOSS","M","?","?","?","M","R","E","$","T","M","E","R","M","E","R","BOSS","M","?","?","?","?","E","R","E","T","E","M","M","M","M","R","BOSS","BOSS","R","$","E","BOSS"],"items_purchased_type":["Relic","Relic","Relic","Relic","Relic","Relic","Potion"],"build_version":"2020-12-22","purchased_purges":0,"victory":true,"max_hp_per_floor":[67,66,65,64,63,62,61,65,64,63,62,61,60,59,58,57,56,60,59,58,57,56,55,54,53,52,51,50,49,48,47,46,45,44,43,42,41,40,39,38,37,36,35,34,33,32,31,30,29,28,27,26,25,24,23,22],"card_choices":[{"not_picked":["EmptyMind","Crescendo","Evaluate"],"picked":"SKIP","floor":1.0},{"not_picked":["Consecrate","SashWhip","LikeWater","CutThroughFate"],"picked":"BowlingBash","floor":5.0},{"not_picked":["ThirdEye","EmptyFist","MostiFishMod:LegendTransform","Meditate","Prostrate"],"picked":"SKIP","floor":6.0},{"not_picked":["CrushJoints","CutThroughFate","Evaluate","Protect","EmptyBody"],"picked":"SKIP","floor":8.0},{"not_picked":["MostiFishMod:Speedup","Sanctity","SashWhip","ClearTheMind"],"picked":"Adaptation","floor":11.0},{"not_picked":["EmptyFist","JustLucky","WaveOfTheHand","Evaluate","EmptyBody"],"picked":"SKIP","floor":13.0},{"not_picked":["MasterReality","MostiFishMod:DisColor","MostiFishMod:Minus","MostiFishMod:Moonprays"],"picked":"Vault","floor":16.0},{"not_picked":["Evaluate","ClearTheMind+1","Consecrate","FollowUp"],"picked":"FearNoEvil","floor":18.0},{"not_picked":["Halt","Wallop","PathToVictory","MostiFishMod:Nomercy"],"picked":"MostiFishMod:Speedup","floor":20.0},{"not_picked":["EmptyMind","WreathOfFlame","PathToVictory","Halt"],"picked":"MentalFortress","floor":20.0},{"not_picked":["Consecrate","PathToVictory","FollowUp","LikeWater+1","SashWhip"],"picked":"SKIP","floor":21.0},{"not_picked":["JustLucky","LikeWater","Protect+1","FollowUp","EmptyMind+1"],"picked":"SKIP","floor":22.0},{"not_picked":["Halt","MostiFishMod:Nomercy","Sanctity","Crescendo","Pray"],"picked":"SKIP","floor":24.0},{"not_picked":["Quick Slash","Storm","Vengeance","PrismaMod:IllyaBlindPoisonToss","MokouMod:FlareStarter"],"picked":"SKIP","floor":27.0},{"not_picked":["Hyperbeam","Tempest","PrismaMod:MiyuEvokeCheapAttack+1","PrismaMod:IllyaBride","Wild Strike"],"picked":"SKIP","floor":28.0},{"not_picked":["Charmbait_purple","MostiFishMod:PathToVictory","Heavy Blade","Hologram","Sweeping Beam"],"picked":"SKIP","floor":30.0},{"not_picked":["PrismaMod:MiyuCheapStrBuff","Deflect","MagicAmplify","MostiFishMod:Mania","ManaFloor"],"picked":"SKIP","floor":31},{"not_picked":["testmod-Reverberation","Reboot","HandOfGreed","testmod-SunMoon"],"picked":"MostiFishMod:Opportunism","floor":33},{"not_picked":["Realm_recovery_purpleEX","Study","Deadly Poison+1","Deflect","Armaments"],"picked":"SKIP","floor":35},{"not_picked":["PrismaMod:ChloeDiscardRecovery","PrismaMod:MiyuCheapChannelWeak","PrismaMod:IllyaCommonEvoke","PrismaMod:MiyuEvokeBuffStr+1","MokouMod:AdaptivePyromancy"],"picked":"SKIP","floor":36},{"not_picked":["PrismaMod:ChloeDiscardRecovery","PrismaMod:MiyuCheapChannelWeak","PrismaMod:IllyaCommonEvoke","PrismaMod:MiyuEvokeBuffStr+1","MokouMod:AdaptivePyromancy"],"picked":"SKIP","floor":36},{"not_picked":["PrismaMod:ChloeMordred+1","WingOfChimera_purple","PrismaMod:MiyuUberAttack","DragonMage","MokouMod:ResonatingAura"],"picked":"SKIP","floor":40},{"not_picked":["EndlessPalace","DownHell","WheelKick","Dagger Spray","EmptyFist"],"picked":"SKIP","floor":42},{"not_picked":["Lockon+1","Ball Lightning","DragonAnger","MoonlightDragon+1","PrismaMod:MiyuEvokeBuffDex"],"picked":"SKIP","floor":44},{"not_picked":["PiercingWail","PrismaMod:MiyuCheapAttack2","CrushJoints","Hello World","PrismaMod:MiyuCheapStrBuff+1"],"picked":"SKIP","floor":45},{"not_picked":["Shallow_ocean_purpleEX","PrismaMod:IllyaBride","Armaments","Bane","MokouMod:BlazingComet"],"picked":"SKIP","floor":46},{"not_picked":["Leap","Clothesline","PrismaMod:IllyaBoysLove","ForeignInfluence"],"picked":"Burning Pact","floor":47},{"not_picked":["Fire Breathing","Boundary_DynamicStaticEquilibrium_purple+1","PrismaMod:IllyaInstallForeigner","SideChaos","SoundFromHell+1"],"picked":"SKIP","floor":48},{"not_picked":["Gash+1","PrismaMod:IllyaHassanGift","Clash","Choke+1","Underhanded Strike"],"picked":"SKIP","floor":55}],"player_experience":1569347,"relics_obtained":[{"floor":1.0,"key":"SynthV:TestCard"},{"floor":6.0,"key":"Kunai"},{"floor":9.0,"key":"Ice Cream"},{"floor":11.0,"key":"Happy Flower"},{"floor":24.0,"key":"Pen Nib"},{"floor":26.0,"key":"TeardropLocket"},{"floor":28.0,"key":"Lantern"},{"floor":31,"key":"Bottled Flame"},{"floor":37,"key":"testmod-Muramasa"},{"floor":39,"key":"SynthV:C4"},{"floor":40,"key":"Regal Pillow"},{"floor":42,"key":"OriginationStaff"},{"floor":44,"key":"Gremlin Horn"},{"floor":55,"key":"Boot"}],"event_choices":[{"cards_removed":["Defend_P"],"damage_healed":0.0,"max_hp_gain":0.0,"max_hp_loss":0.0,"gold_gain":0.0,"event_name":"Purifier","player_choice":"Purged","floor":3.0,"gold_loss":0.0,"damage_taken":0.0},{"damage_healed":0.0,"max_hp_gain":0.0,"max_hp_loss":0.0,"gold_gain":0.0,"event_name":"Golden Idol","player_choice":"Take Damage","floor":7.0,"gold_loss":0.0,"damage_taken":21.0,"relics_obtained":["Golden Idol"]},{"damage_healed":0.0,"max_hp_gain":0.0,"max_hp_loss":0.0,"gold_gain":0.0,"event_name":"FaceTrader","player_choice":"Trade","floor":10.0,"gold_loss":0.0,"damage_taken":0.0,"relics_obtained":["SsserpentHead"]},{"damage_healed":0.0,"max_hp_gain":0.0,"max_hp_loss":0.0,"gold_gain":30.0,"event_name":"Dead Adventurer","player_choice":"Searched \u00273\u0027 times","floor":14.0,"gold_loss":0.0,"damage_taken":0.0,"relics_obtained":["Art of War"]},{"damage_healed":0.0,"max_hp_gain":0.0,"max_hp_loss":0.0,"gold_gain":0.0,"event_name":"Ghosts","player_choice":"Ignored","floor":19.0,"gold_loss":0.0,"damage_taken":0.0},{"damage_healed":0.0,"max_hp_gain":0.0,"max_hp_loss":0.0,"gold_gain":0.0,"event_name":"给自己的盒子","player_choice":"Swap Relic","floor":20.0,"relics_lost":["Orrery"],"gold_loss":0.0,"damage_taken":0.0,"relics_obtained":["Orrery"]},{"damage_healed":0,"gold_gain":0,"player_choice":"Fight","damage_taken":0,"max_hp_gain":0,"max_hp_loss":0,"event_name":"Mysterious Sphere","floor":37,"gold_loss":0},{"damage_healed":0,"gold_gain":0,"player_choice":"Ignored","damage_taken":0,"max_hp_gain":0,"max_hp_loss":0,"event_name":"Tomb of Lord Red Mask","floor":38,"gold_loss":0}],"is_beta":false,"boss_relics":[{"not_picked":["testmod-Temperance","GreenFoldingFan"],"picked":"TimeKeys"},{"not_picked":["OneHitWonderSystem","Velvet Choker"],"picked":"SlaversCollar"}],"items_purged_floors":[],"is_endless":false,"potions_floor_spawned":[1,6,11,13,18,24,31,33,37,42,46,48],"ascension_level":20}}