{"host":"d02vqrhhew441p6s","time":1613585723,"event":{"mods":["BaseMod","Duelist Mod","Halation","Hubris","Infinite Spire","Minty Spire (QoL Compilation)","StSLib","The Jungle"],"gold_per_floor":[139,153,153,8,8,8,35,35,35,35,35,35],"floor_reached":11,"language":"ENG","playtime":517,"items_purged":["theDuelist:ToonWorld+1"],"score":104,"play_id":"131eb859-77ba-459b-ba1b-defb9eb62fb1","local_time":"20210217191523","is_ascension_mode":true,"campfire_choices":[{"data":"theDuelist:ToonKingdom","floor":6,"key":"SMITH"},{"floor":10,"key":"REST"}],"circlet_count":0,"master_deck":["theDuelist:ToonMermaid","AscendersBane","theDuelist:CastleWalls","theDuelist:CastleWalls","theDuelist:MangaRyuRan","theDuelist:Sparks","theDuelist:Sparks","theDuelist:ToonAncientGear","theDuelist:ToonMermaid","theDuelist:ToonSummonedSkull","theDuelist:HeartUnderdog","theDuelist:ToonKingdom+1","theDuelist:ComicHand","theDuelist:LightningDarts","theDuelist:CurseArmaments"],"relics":["theDuelist:MillenniumPuzzle","theDuelist:CardPoolRelic","theDuelist:CardPoolBasicRelic","theDuelist:BoosterPackPoolRelic","theDuelist:CardPoolAddRelic","theDuelist:CardPoolMinusRelic","theDuelist:CardPoolSaveRelic","theDuelist:CardPoolOptionsRelic","halation:StarCompass","hubris:DisguiseKit","theDuelist:MillenniumRod","Smiling Mask"],"acts_visited":["Exordium"],"potions_floor_usage":[],"damage_taken":[{"damage":10,"enemies":"Cultist","floor":1,"turns":3},{"damage":16,"enemies":"Small Slimes","floor":2,"turns":4},{"damage":33,"enemies":"Gremlin Nob","floor":7,"turns":4},{"damage":38,"enemies":"Lagavulin","floor":11,"turns":4}],"seed_played":"718025556564509122","potions_obtained":[{"floor":1,"key":"theDuelist:VoidBottle"}],"is_trial":false,"path_per_floor":["M","M","?","$","?","R","E","?","T","R","E"],"character_chosen":"THE_DUELIST","items_purchased":["theDuelist:ComicHand"],"campfire_rested":1,"item_purchase_floors":[4],"current_hp_per_floor":[62,46,46,46,46,46,13,13,13,37,0,0],"gold":35,"neow_bonus":"UPGRADE_CARD","is_daily":false,"chose_seed":false,"campfire_upgraded":1,"win_rate":0.0,"timestamp":1613585723,"path_taken":["M","?","?","$","?","R","E","?","T","R","E"],"items_purchased_type":["Card"],"build_version":"2020-12-22","purchased_purges":1,"victory":false,"max_hp_per_floor":[80,80,80,80,80,80,80,80,80,80,80,80],"card_choices":[{"not_picked":["theDuelist:FeatherShot","theDuelist:SwordsConcealing"],"picked":"theDuelist:HeartUnderdog","floor":1},{"not_picked":["theDuelist:SpellShatteringArrow","theDuelist:ShadowToon","theDuelist:ToonWorld","theDuelist:ToonTable"],"picked":"theDuelist:ToonKingdom","floor":2},{"not_picked":["theDuelist:DestroyerGolem","theDuelist:MudGolem","theDuelist:LightningVortex","theDuelist:WormWarlord"],"picked":"theDuelist:LightningDarts","floor":7}],"player_experience":557771,"relics_obtained":[{"floor":7,"key":"hubris:DisguiseKit"},{"floor":9,"key":"Smiling Mask"}],"event_choices":[{"damage_healed":0,"gold_gain":0,"player_choice":"Traded Sparks for Toon Mermaid","duelist":true,"damage_taken":0,"max_hp_gain":0,"max_hp_loss":0,"event_name":"Card Trader","floor":5,"gold_loss":0},{"damage_healed":0,"gold_gain":0,"player_choice":"Took item - Received: Millennium Rod","duelist":true,"damage_taken":0,"max_hp_gain":0,"max_hp_loss":0,"event_name":"Millennium Items","floor":8,"gold_loss":0}],"is_beta":false,"boss_relics":[],"items_purged_floors":[4],"is_endless":false,"potions_floor_spawned":[1],"killed_by":"Lagavulin","ascension_level":10}}