{"host":"hb254truj5uxpodn","time":1613539171,"event":{"mods":["2.2 Compatiblity","AchievementEnabler","Aspiration","BaseMod","Bestiary","Better Altar","Better Match","Better Note","Better Sensory Stone","Better Skull","Better Third Choice","Better Vampires","BetterRewards","CapriCore","Colored Map","Colored Powertips","Conspire","Downfall","Energized Spire","Friendly Minions","FutureSeer","GifTheSpireLib","Highlight Path","Hubris","Infinite Spire","Minty Spire (QoL Compilation)","Permanent Neow","Practice Mode","Quick Restart","Relic Stats","Replay The Spire","Shop Mod","Spicy Shops","StSLib","SuperFastMode","Uncapped"],"gold_per_floor":[121,147,147,169,186,186,224,224,224,224,224,149,169,169,169,154,182,282,298,308,323,323,340,367,367,367,367,267,285,285,306,306,306,330,355,355,392,420,445,445,395,270,286,307,307,423,423,443,476,507,507,507,540,540,573,573,573,573,603,603,624,633,747,797,820,820,847,901,901,901],"floor_reached":69,"language":"ENG","playtime":5082,"items_purged":["Future_Strike","Future_Strike","Future_Strike","Future_Defend"],"score":702,"play_id":"a577ac1e-0180-40c0-b0fa-4f02bc1b4a56","local_time":"20210216211931","is_ascension_mode":false,"campfire_choices":[{"floor":6.0,"key":"RECALL"},{"data":"Future_Hunt","floor":8.0,"key":"SMITH"},{"data":"Future_Death_Mark","floor":10.0,"key":"SMITH"},{"data":"Future_Double_Trouble","floor":22.0,"key":"SMITH"},{"data":"Future_Time_Contraction","floor":26.0,"key":"SMITH"},{"data":"Future_Infinite_Pain","floor":36.0,"key":"SMITH"},{"data":"Future_Delay","floor":40.0,"key":"SMITH"},{"floor":45.0,"key":"REST"},{"data":"Future_Push_Time","floor":60.0,"key":"SMITH"}],"circlet_count":0,"master_deck":["Future_Future_Strike","Future_Future_Defend","Future_Delay+1","Future_Brainstorm","Future_Lie","Future_Death_Mark+1","Future_Hunt+1","Future_Time_Contraction+1","Future_Counter_Strike","Future_Double_Trouble+1","Future_Meteor+1","Future_Infinite_Pain+1","Future_Time_Bomb","Future_ToolBox","Future_Overdraft","Future_Print","Future_Halflife_Period","Future_Time_Capsule+1","Future_Solid_Time+1","Future_Push_Time+1","Future_Lie","Future_Borrow+1","Future_Lie"],"relics":["FutureRelic","Frozen Eye","Replay:Bottled Steam","Ice Cream","CeramicFish","Bag of Preparation","Coffee Dripper","conspire:Boomerang","Gremlin Food","Akabeko","hubris:Icosahedron","NlothsMask","Tiny House"],"acts_visited":["Exordium","Exordium","Exordium","TheCity","TheBeyond"],"potions_floor_usage":[],"damage_taken":[{"damage":25.0,"enemies":"infinitespire:Voidling","floor":1.0,"turns":5.0},{"damage":1.0,"enemies":"2 Louse","floor":2.0,"turns":5.0},{"damage":6.0,"enemies":"Cultist","floor":4.0,"turns":4.0},{"damage":12.0,"enemies":"Blue Slaver","floor":5.0,"turns":5.0},{"damage":26.0,"enemies":"Lagavulin","floor":7.0,"turns":10.0},{"damage":15.0,"enemies":"Exordium Thugs","floor":13.0,"turns":9.0},{"damage":2.0,"enemies":"Small Slimes","floor":17.0,"turns":5.0},{"damage":8.0,"enemies":"2 Louse","floor":19.0,"turns":7.0},{"damage":6.0,"enemies":"Jaw Worm","floor":20.0,"turns":4.0},{"damage":13.0,"enemies":"Red Slaver","floor":21.0,"turns":5.0},{"damage":17.0,"enemies":"Gremlin Gang","floor":23.0,"turns":8.0},{"damage":0.0,"enemies":"Looter","floor":24.0,"turns":5.0},{"damage":20.0,"enemies":"3 Louse","floor":29.0,"turns":4.0},{"damage":5.0,"enemies":"Small Slimes","floor":31.0,"turns":7.0},{"damage":0.0,"enemies":"Cultist","floor":34.0,"turns":4.0},{"damage":25.0,"enemies":"Jaw Worm","floor":37.0,"turns":4.0},{"damage":16.0,"enemies":"Exordium Wildlife","floor":38.0,"turns":5.0},{"damage":22.0,"enemies":"Exordium Thugs","floor":43.0,"turns":5.0},{"damage":3.0,"enemies":"Looter","floor":44.0,"turns":4.0},{"damage":41.0,"enemies":"The Guardian","floor":46.0,"turns":8.0},{"damage":0.0,"enemies":"conspire:FuzzyDice","floor":48.0,"turns":9.0},{"damage":19.0,"enemies":"2 Thieves","floor":49.0,"turns":4.0},{"damage":8.0,"enemies":"Snecko","floor":50.0,"turns":4.0},{"damage":27.0,"enemies":"Replay:Snechameleon","floor":53.0,"turns":6.0},{"damage":21.0,"enemies":"Snake Plant","floor":55.0,"turns":5.0},{"damage":20.0,"enemies":"Cultist and Chosen","floor":59.0,"turns":7.0},{"damage":16,"enemies":"Centurion and Healer","floor":61,"turns":7},{"damage":39,"enemies":"conspire:MysteriousRune","floor":63,"turns":12},{"damage":51,"enemies":"Orb Walker","floor":65,"turns":5},{"damage":11,"enemies":"3 Shapes","floor":67,"turns":2},{"damage":35,"enemies":"Mind Bloom Boss Battle","floor":68,"turns":6},{"damage":119,"enemies":"Writhing Mass","floor":69,"turns":5}],"seed_played":"-7785741664154656065","potions_obtained":[{"floor":0.0,"key":"infinitespire:BlackPotion"},{"floor":0.0,"key":"FairyPotion"},{"floor":0.0,"key":"Adrenaline Potion"},{"floor":30.0,"key":"FairyPotion"},{"floor":63,"key":"SkillPotion"},{"floor":64,"key":"SneckoOil"}],"is_trial":false,"path_per_floor":["M","M","?","M","M","R","E","R","T","R","?","$","M","PTL","PTL","M","M","?","M","M","M","R","M","M","T","R","?","$","M","M","M","?","?","M","T","R","M","M","T","R","?","$","M","M","R","B",null,"M","M","M","AVR","?","E","?","M","T","?","?","M","R","M","R_BF","B",null,"M","?","M","?","M"],"character_chosen":"FUTURESEER","items_purchased":[],"campfire_rested":1,"item_purchase_floors":[],"current_hp_per_floor":[58,65,65,63,55,55,33,33,33,33,33,33,18,18,18,65,65,65,68,62,53,53,36,44,44,44,44,44,32,72,79,79,79,79,79,79,70,62,62,62,62,62,44,45,68,38,86,86,71,67,67,67,44,44,27,27,27,27,11,11,29,29,18,91,44,44,37,36,0,0],"gold":901,"neow_bonus":"THREE_SMALL_POTIONS","is_daily":false,"chose_seed":false,"campfire_upgraded":7,"win_rate":0.0,"timestamp":1613539171,"path_taken":["M","?","?","M","?","R","E","R","T","R","?","$","M","PTL","PTL","?","M","?","?","M","?","R","M","M","T","R","?","$","M","M","M","?","?","M","?","R","M","M","T","R","?","$","M","M","R","BOSS","M","M","M","AVR","?","E","?","?","T","?","?","M","R","M","R_BF","BOSS","M","?","?","?","M"],"items_purchased_type":[],"build_version":"2020-12-22","purchased_purges":4,"victory":false,"max_hp_per_floor":[65,65,65,65,65,65,65,65,65,65,65,65,65,65,65,65,65,65,72,72,72,72,72,72,72,72,72,72,72,72,79,79,79,79,79,79,79,79,79,79,79,79,79,79,79,86,86,86,86,86,86,86,86,86,86,86,86,86,86,86,86,86,86,91,91,91,91,98,98,98],"relic_stats":{"counters":[34,185],"CeramicFish":90,"Bag of Preparation":[30],"obtain_stats":[{"Ice Cream":25,"Gremlin Food":53,"Tiny House":64,"CeramicFish":35,"FutureRelic":0,"Bag of Preparation":39,"conspire:Boomerang":51,"Akabeko":56,"Frozen Eye":0,"Lizard Tail":68,"hubris:Icosahedron":57,"Coffee Dripper":47,"Replay:Bottled Steam":7,"NlothsMask":58},{"Ice Cream":13,"Gremlin Food":26,"Tiny House":30,"CeramicFish":17,"FutureRelic":0,"Bag of Preparation":19,"conspire:Boomerang":25,"Akabeko":27,"Frozen Eye":0,"Lizard Tail":33,"hubris:Icosahedron":27,"Coffee Dripper":22,"Replay:Bottled Steam":5,"NlothsMask":27},{"Ice Cream":73,"Gremlin Food":139,"Tiny House":169,"CeramicFish":92,"FutureRelic":0,"Bag of Preparation":101,"conspire:Boomerang":133,"Akabeko":144,"Frozen Eye":0,"Lizard Tail":180,"hubris:Icosahedron":144,"Coffee Dripper":117,"Replay:Bottled Steam":28,"NlothsMask":144}]},"card_choices":[{"not_picked":["Future_Bounty","Future_Charge"],"picked":"Future_Delay","floor":1.0},{"not_picked":["Future_Doom","Future_Lie"],"picked":"Future_Brainstorm","floor":2.0},{"not_picked":["Future_Bounty","Future_Taste_Blood"],"picked":"Future_Death_Mark","floor":4.0},{"not_picked":["Future_Accurate_Predict","Future_Brainstorm"],"picked":"Future_Hunt","floor":5.0},{"not_picked":["Future_Confident_Turn","Future_Doom","Future_Charge"],"picked":"SKIP","floor":7.0},{"not_picked":["Future_Retry","Future_Time_Bomb"],"picked":"Future_Time_Contraction","floor":13.0},{"not_picked":["Future_Doom","Future_Solid_Time"],"picked":"Future_Counter_Strike","floor":17.0},{"not_picked":["Future_Hat_Trick","Future_Hunt"],"picked":"Future_Double_Trouble","floor":19.0},{"not_picked":["Future_Bounty","Future_Brainstorm","Future_Time_Contraction"],"picked":"SKIP","floor":20.0},{"not_picked":["Future_Counter_Strike","Future_Future_Defend","Future_Future_Strike"],"picked":"SKIP","floor":21.0},{"not_picked":["Future_Accurate_Predict","Future_Time_Contraction","Future_Doom"],"picked":"SKIP","floor":23.0},{"not_picked":["Future_Counter_Strike","Future_Probing_Attack"],"picked":"Future_Meteor","floor":24.0},{"not_picked":["Future_Probing_Attack","Future_Death_Mark","Future_Counter_Strike"],"picked":"SKIP","floor":29.0},{"not_picked":["Future_Brainstorm","Future_Counter_Strike"],"picked":"Future_Infinite_Pain","floor":31.0},{"not_picked":["Future_Probing_Attack","Future_Retry"],"picked":"Future_Time_Bomb","floor":34.0},{"not_picked":["Future_Charge","Future_Accurate_Predict"],"picked":"Future_ToolBox","floor":37.0},{"not_picked":["Future_Time_Bomb","Future_Accurate_Predict"],"picked":"Future_Overdraft","floor":38.0},{"not_picked":["Future_Double_Trouble","Future_Explosive_Armor","Future_Future_Strike"],"picked":"SKIP","floor":43.0},{"not_picked":["Future_ToolBox","Future_Time_Contraction","Future_Meteor"],"picked":"SKIP","floor":44.0},{"not_picked":["Future_Predestined","Future_Absolute_Defense"],"picked":"Future_Print","floor":46.0},{"not_picked":["Future_ToolBox","Future_Future_Strike+1","Future_Time_Contraction"],"picked":"SKIP","floor":48.0},{"not_picked":["Future_Future_Defend","Future_Time_Bomb"],"picked":"Future_Halflife_Period","floor":49.0},{"not_picked":["Future_Meteor","Future_Halflife_Period"],"picked":"Future_Time_Capsule+1","floor":50.0},{"not_picked":["Future_Time_Capsule","Future_Bounty+1","Future_ToolBox"],"picked":"SKIP","floor":53.0},{"not_picked":["Future_Time_Contraction","Future_Meteor"],"picked":"Future_Solid_Time+1","floor":55.0},{"not_picked":["Future_Solid_Time","Future_Brainstorm+1"],"picked":"Future_Push_Time","floor":59.0},{"not_picked":["Future_Push_Time","Future_Print","Future_Doom+1"],"picked":"SKIP","floor":61},{"not_picked":["Future_Double_Trouble","Future_Overhead"],"picked":"Future_Borrow","floor":63},{"not_picked":["Future_Death_Mark+1","Future_Doom+1","Future_Thrifty+1"],"picked":"SKIP","floor":65},{"not_picked":["Future_Brainstorm","Future_Future_Strike+1"],"picked":"Future_Lie","floor":67}],"player_experience":1106187,"relics_obtained":[{"floor":7.0,"key":"Replay:Bottled Steam"},{"floor":25.0,"key":"Ice Cream"},{"floor":35.0,"key":"CeramicFish"},{"floor":39.0,"key":"Bag of Preparation"},{"floor":53.0,"key":"Gremlin Food"},{"floor":56.0,"key":"Akabeko"},{"floor":68,"key":"Lizard Tail"}],"event_choices":[{"damage_healed":0.0,"max_hp_gain":0.0,"max_hp_loss":0.0,"gold_gain":0.0,"cards_transformed":["Future_Strike"],"event_name":"Transmorgrifier","player_choice":"Transformed","floor":3.0,"gold_loss":0.0,"damage_taken":0.0,"cards_obtained":["Future_Lie"]},{"cards_removed":["Future_Defend"],"damage_healed":0.0,"max_hp_gain":0.0,"max_hp_loss":0.0,"gold_gain":0.0,"event_name":"Purifier","player_choice":"Purged","floor":11.0,"gold_loss":0.0,"damage_taken":0.0},{"damage_healed":0.0,"max_hp_gain":0.0,"max_hp_loss":0.0,"gold_gain":100.0,"event_name":"Golden Shrine","player_choice":"Pray","floor":18.0,"gold_loss":0.0,"damage_taken":0.0},{"cards_removed":["Future_Defend"],"damage_healed":0.0,"max_hp_gain":0.0,"max_hp_loss":0.0,"gold_gain":0.0,"event_name":"Bonfire Elementals","player_choice":"Offered Basic","floor":27.0,"gold_loss":0.0,"damage_taken":0.0},{"damage_healed":0.0,"max_hp_gain":0.0,"max_hp_loss":0.0,"gold_gain":0.0,"event_name":"betterThird:BetterSerpent","player_choice":"Ignored","floor":32.0,"gold_loss":0.0,"damage_taken":306.0},{"cards_removed":["Future_Defend"],"damage_healed":0.0,"max_hp_gain":0.0,"max_hp_loss":0.0,"gold_gain":0.0,"event_name":"The Cleric","player_choice":"Card Removal","floor":41.0,"gold_loss":50.0,"damage_taken":0.0},{"cards_removed":["Future_Delay"],"damage_healed":0.0,"max_hp_gain":0.0,"max_hp_loss":0.0,"gold_gain":0.0,"event_name":"betterNote:BetterNote","player_choice":"Give","floor":52.0,"gold_loss":0.0,"damage_taken":0.0,"cards_obtained":["None"]},{"damage_healed":0.0,"max_hp_gain":0.0,"max_hp_loss":0.0,"gold_gain":0.0,"event_name":"The Woman in Blue","player_choice":"Bought 0 Potions","floor":54.0,"gold_loss":0.0,"damage_taken":0.0},{"damage_healed":0.0,"max_hp_gain":0.0,"max_hp_loss":0.0,"gold_gain":0.0,"event_name":"FaceTrader","player_choice":"Trade","floor":58.0,"gold_loss":0.0,"damage_taken":0.0,"relics_obtained":["NlothsMask"]},{"damage_healed":0,"gold_gain":0,"player_choice":"Copied","damage_taken":0,"max_hp_gain":0,"max_hp_loss":0,"event_name":"Duplicator","floor":62,"gold_loss":0,"cards_obtained":["Future_Lie"]},{"damage_healed":0,"gold_gain":0,"player_choice":"Upgraded","damage_taken":0,"max_hp_gain":0,"max_hp_loss":0,"event_name":"Upgrade Shrine","floor":66,"gold_loss":0,"cards_upgraded":["Future_Borrow"]},{"damage_healed":0,"gold_gain":0,"player_choice":"Fight","damage_taken":0,"max_hp_gain":0,"max_hp_loss":0,"event_name":"MindBloom","floor":68,"gold_loss":0}],"is_beta":false,"boss_relics":[{"not_picked":["hubris:RunicObelisk","hubris:GrandSneckoEye"],"picked":"Coffee Dripper"},{"not_picked":["Astrolabe","aspiration:WatcherSkillbook"],"picked":"Tiny House"}],"items_purged_floors":[12,28,42,51],"is_endless":false,"potions_floor_spawned":[1,7,13,17,20,29,37,43,44,46,53,59,61,63,65,68],"killed_by":"Writhing Mass","ascension_level":0}}