{"host":"xp27heuvanyklt0b","time":1613569278,"event":{"mods":["100% Spire Juice","BaseMod","CapriCore","Koishi","Lobotomy","Minty Spire (QoL Compilation)","StSLib","The Immortal"],"gold_per_floor":[218,229,229,246,64,64,93,93,170,180,213,213,213,15,15,144,207,231,252,268,291,390,390,390,411,438,438,5,5,5],"floor_reached":29,"language":"KOR","playtime":1158,"items_purged":[],"score":260,"play_id":"6f7053dd-c11e-4d78-b672-d71b03b70922","local_time":"20210217224117","is_ascension_mode":false,"campfire_choices":[{"data":"PathToVictory","floor":6,"key":"SMITH"},{"data":"Conclude","floor":8,"key":"SMITH"},{"floor":15,"key":"REST"},{"data":"LessonLearned","floor":23,"key":"SMITH"}],"circlet_count":0,"master_deck":["Strike_P","Strike_P","Strike_P+1","Strike_P","Defend_P","Defend_P+1","Defend_P","Defend_P","Eruption+1","Vigilance","JustLucky","PathToVictory+1","CutThroughFate","ThirdEye","EmptyBody","Wireheading","Conclude+1","CutThroughFate","Vengeance","ClearTheMind","LessonLearned+1","BowlingBash","FollowUp+1","LikeWater","SashWhip+1","EmptyFist","Tantrum+1","Bandage Up","SignatureMove+1"],"relics":["PureWater","Happy Flower","White Beast Statue","Mummified Hand","Golden Idol","HandDrill","Tiny House","Membership Card","Molten Egg 2","MealTicket"],"acts_visited":["Exordium","TheCity"],"potions_floor_usage":[7,20,20,20,25,27],"damage_taken":[{"damage":0,"enemies":"Jaw Worm","floor":1,"turns":4},{"damage":0,"enemies":"Cultist","floor":2,"turns":2},{"damage":0,"enemies":"2 Louse","floor":4,"turns":2},{"damage":0,"enemies":"Gremlin Nob","floor":7,"turns":2},{"damage":14,"enemies":"Lots of Slimes","floor":10,"turns":3},{"damage":31,"enemies":"Lagavulin","floor":11,"turns":7},{"damage":9,"enemies":"Slime Boss","floor":16,"turns":5},{"damage":0,"enemies":"Chosen","floor":18,"turns":4},{"damage":10,"enemies":"Shell Parasite","floor":19,"turns":7},{"damage":32,"enemies":"Snecko","floor":20,"turns":5},{"damage":15,"enemies":"Centurion and Healer","floor":21,"turns":4},{"damage":20,"enemies":"Cultist and Chosen","floor":25,"turns":7},{"damage":12,"enemies":"Snake Plant","floor":27,"turns":3},{"damage":14,"enemies":"Slavers","floor":29,"turns":1}],"seed_played":"-2209461993563508543","potions_obtained":[{"floor":1,"key":"LiquidMemories"},{"floor":4,"key":"FearPotion"},{"floor":10,"key":"Strength Potion"},{"floor":11,"key":"Fire Potion"},{"floor":16,"key":"AttackPotion"},{"floor":20,"key":"EssenceOfSteel"},{"floor":21,"key":"LiquidMemories"},{"floor":25,"key":"Ancient Potion"}],"is_trial":false,"path_per_floor":["M","M","?","M","$","R","E","R","T","M","E","?","?","$","R","B",null,"M","M","M","M","?","R","?","M","T","M","$","E"],"character_chosen":"WATCHER","items_purchased":["ThirdEye","EmptyBody","Wireheading","Fire Potion","HandDrill","ClearTheMind","Membership Card","Molten Egg 2","MealTicket","Bandage Up","SignatureMove+1"],"campfire_rested":1,"item_purchase_floors":[5,5,5,5,14,14,28,28,28,28,28],"current_hp_per_floor":[72,72,72,72,72,72,72,72,72,58,27,9,9,9,30,21,77,77,67,35,20,20,20,45,25,25,13,13,0,0],"gold":5,"neow_bonus":"HUNDRED_GOLD","is_daily":false,"chose_seed":false,"campfire_upgraded":3,"win_rate":0.0,"timestamp":1613569277,"path_taken":["M","M","?","M","$","R","E","R","T","?","E","?","?","$","R","BOSS","M","M","M","?","?","R","?","M","T","M","$","E"],"items_purchased_type":["Card","Card","Card","Potion","Relic","Card","Relic","Relic","Relic","Card","Card"],"build_version":"2020-12-22","purchased_purges":0,"victory":false,"max_hp_per_floor":[72,72,72,72,72,72,72,72,72,72,72,72,72,72,72,72,77,77,77,77,77,77,77,77,77,77,77,77,77,77],"card_choices":[{"not_picked":["ReachHeaven","Prostrate"],"picked":"JustLucky","floor":1},{"not_picked":["CrushJoints","MentalFortress"],"picked":"PathToVictory","floor":2},{"not_picked":["WindmillStrike","PathToVictory"],"picked":"CutThroughFate","floor":4},{"not_picked":["InnerPeace","BattleHymn"],"picked":"Conclude","floor":7},{"not_picked":["TalkToTheHand","FlurryOfBlows"],"picked":"CutThroughFate","floor":10},{"not_picked":["Brilliance","Meditate"],"picked":"Vengeance","floor":11},{"not_picked":["DeusExMachina","Wish"],"picked":"LessonLearned","floor":16},{"not_picked":["Prostrate","JustLucky"],"picked":"BowlingBash","floor":17},{"not_picked":["MentalFortress","ReachHeaven"],"picked":"FollowUp","floor":18},{"not_picked":["MentalFortress","FollowUp+1"],"picked":"LikeWater","floor":19},{"not_picked":["Collect","CrushJoints+1"],"picked":"SashWhip+1","floor":20},{"not_picked":["Conclude","MentalFortress"],"picked":"EmptyFist","floor":21},{"not_picked":["EmptyFist","Prostrate+1"],"picked":"Tantrum+1","floor":25},{"not_picked":["Crescendo+1","Fasting2","Halt"],"picked":"SKIP","floor":27}],"player_experience":321443,"relics_obtained":[{"floor":7,"key":"Happy Flower"},{"floor":9,"key":"White Beast Statue"},{"floor":11,"key":"Mummified Hand"}],"event_choices":[{"damage_healed":0,"gold_gain":0,"player_choice":"Upgraded","damage_taken":0,"max_hp_gain":0,"max_hp_loss":0,"event_name":"Upgrade Shrine","floor":3,"gold_loss":0,"cards_upgraded":["Eruption"]},{"damage_healed":0,"gold_gain":0,"player_choice":"Take Damage","damage_taken":18,"relics_obtained":["Golden Idol"],"max_hp_gain":0,"max_hp_loss":0,"event_name":"Golden Idol","floor":12,"gold_loss":0},{"damage_healed":0,"gold_gain":0,"player_choice":"Ignored","damage_taken":0,"max_hp_gain":0,"max_hp_loss":0,"event_name":"NoteForYourself","floor":13,"gold_loss":0},{"damage_healed":0,"gold_gain":99,"player_choice":"Stole From Cult","damage_taken":0,"max_hp_gain":0,"max_hp_loss":0,"event_name":"Nest","floor":22,"gold_loss":0},{"damage_healed":25,"gold_gain":0,"player_choice":"Heal","damage_taken":0,"max_hp_gain":0,"max_hp_loss":0,"event_name":"The Library","floor":24,"gold_loss":0}],"is_beta":false,"boss_relics":[{"not_picked":["Busted Crown","Snecko Eye"],"picked":"Tiny House"}],"items_purged_floors":[],"is_endless":false,"potions_floor_spawned":[1,4,10,11,16,18,19,20,21,25,27],"killed_by":"Slavers","ascension_level":0}}