{"host":"s924z949m5wc23z2","time":1613561943,"event":{"mods":["100% Spire Juice","ATMod(∞¢Ë™Mod)","Act Like it!","Arknights","Ascension Reborn","BaseMod","Colored Map","Colored Powertips","Conspire","Downfall","Infinite Spire","Lobotomy","LobotomyExtend","Luminous","Marisa£®ÏF”Í°°ƒß¿Ì…≥£©","Minty Spire (QoL Compilation)","Reimu£®≤©¿ˆ¡È√Œ£©","Reliquary","Replay The Spire","StSLib","WarShipGirlsR/’ΩΩ¢…Ÿ≈ÆR mod","Youmu£®ªÍ∆«—˝√Œ£©","Yuyuko","noobMod"],"gold_per_floor":[114,389,399,415,415,415,415,415,415,18,54,71,71,97,97,196,196,212,212,212,212,212,225,225,250,250,281,306,374,528,528,584,42,42,199,199,247,357,500,500,617,695,733,733],"floor_reached":43,"language":"ZHS","playtime":8404,"items_purged":["WhiteNight","Regret"],"score":796,"play_id":"080c857e-99bc-4633-9051-30a5252de451","local_time":"20210217203903","is_ascension_mode":true,"campfire_choices":[{"data":"AT_EssenceShift","floor":6,"key":"SMITH"},{"data":"infinitespire:NeuralNetwork","floor":13,"key":"SMITH"},{"floor":15,"key":"REST"},{"data":"ReplayTheSpireMod:Limb From Limb","floor":31,"key":"SMITH"},{"data":"ReplayTheSpireMod:Limb From Limb","floor":34,"key":"SMITH"}],"circlet_count":0,"master_deck":["Strike_R+1","Strike_R+1","Strike_R+1","Strike_R+1","Strike_R+1","Defend_R+1","Defend_R+1","Defend_R+1","Defend_R+1","Bash","AT_EssenceShift+1","ShyLook","Thunderclap","CrumblingArmor","AT_ManFootWork+1","QueenOfHatred","Inflame+1","infinitespire:NeuralNetwork+1","AT_BodySlamDance","Body Slam","Twin Strike","AT_FamilyPortrait","ReplayTheSpireMod:Private Reserves","Mayhem","SpiderBud","Replay:Undeath\u0027s Touch","Laetitia","ReplayTheSpireMod:Muscle Training","MHz","Hemogenesis","Defy Death","Scorched","AT_Dispersion","DreamingCurrent","infinitespire:OneForAll+1","LittlePrince","Thunderclap","CherryBlossoms","AT_GerminateFire+1","ReplayTheSpireMod:Limb From Limb+1","LittleHelper","Flex","Woodsman","Pommel Strike+1","WallGazer","AT_DrawKnifeCut+1","Evolve","ReplayTheSpireMod:Limb From Limb+1","Warcry","ReplayTheSpireMod:Muscle Training","SingingMachine","Brutality","QueenBee","ReplayReversal+1","BlackArmy","Armaments","LongBird","Sword Boomerang+1","infinitespire:Collect","BigBird","Warcry","Alriune","Rage"],"relics":["Burning Blood","AT_ATBox","ice","CogitoBucket","RabbitCall","LetterFromLob","reliquary:Sod","Moonlight_r","conspire:DecoderRing","ReplayTheSpireMod:ShopPack","reliquary:RoseTintedGlasses","Dream Catcher","Runic Cube","AdjustmentMirror","InkBottle","AT_Kusabimaru","Replay:Bandana","AT_MibuBalloonWealth","reliquary:Spinner","ResearcherNote","Blue Doll","Pet Ghost","Snecko Eye","ChangeAnything","Replay:Accelerometer"],"acts_visited":["Exordium","TheCity","TheBeyond"],"potions_floor_usage":[],"damage_taken":[{"damage":4,"enemies":"conspire:RoseBush","floor":1,"turns":3},{"damage":2,"enemies":"Jaw Worm","floor":3,"turns":5},{"damage":23,"enemies":"infinitespire:Voidling","floor":4,"turns":4},{"damage":14,"enemies":"Exordium Wildlife","floor":11,"turns":4},{"damage":1,"enemies":"Blue Slaver","floor":12,"turns":2},{"damage":0,"enemies":"Replay:BlueRogue","floor":14,"turns":3},{"damage":1,"enemies":"Slime Boss","floor":16,"turns":3},{"damage":0,"enemies":"Chosen","floor":18,"turns":2},{"damage":80,"enemies":"Spheric Guardian","floor":23,"turns":4},{"damage":24,"enemies":"conspire:SneckoGhost","floor":25,"turns":5},{"damage":18,"enemies":"Book of Stabbing","floor":27,"turns":4},{"damage":77,"enemies":"Replay:Snechameleon","floor":29,"turns":6},{"damage":224,"enemies":"conspire:HollyBat","floor":30,"turns":8},{"damage":20,"enemies":"Snake Plant","floor":32,"turns":2},{"damage":6,"enemies":"Champ","floor":35,"turns":3},{"damage":1,"enemies":"Orb Walker","floor":37,"turns":1},{"damage":16,"enemies":"3 Shapes","floor":38,"turns":2},{"damage":3,"enemies":"3 Darklings","floor":39,"turns":3},{"damage":7,"enemies":"Jaw Worm Horde","floor":41,"turns":2},{"damage":8,"enemies":"Giant Head","floor":42,"turns":3},{"damage":49,"enemies":"Transient","floor":43,"turns":2}],"seed_played":"835899085567367500","potions_obtained":[{"floor":3,"key":"FearPotion"},{"floor":14,"key":"Swift Potion"},{"floor":16,"key":"Strength Potion"},{"floor":18,"key":"Languid Potion"},{"floor":23,"key":"GrandPatriotsElixir:ReiMu"},{"floor":32,"key":"PowerPotion"}],"is_trial":false,"path_per_floor":["M","?","M","M","T","R","E","?","T","$","M","M","R","E","R_BF","B",null,"M","?","?","PTL","PTL","M","T","E","?","E","T","E","M","R","M","$","R","B",null,"M","M","M","AVR","M","E","M"],"character_chosen":"IRONCLAD","items_purchased":["ReplayTheSpireMod:ShopPack","reliquary:RoseTintedGlasses","AT_BodySlamDance","Body Slam","Twin Strike","Blue Doll","Pet Ghost","ReplayTheSpireMod:Limb From Limb","Warcry","ReplayTheSpireMod:Muscle Training"],"campfire_rested":1,"item_purchase_floors":[10,10,10,10,10,33,33,33,33,33],"current_hp_per_floor":[80,80,80,63,63,63,153,117,117,117,109,114,114,126,158,158,158,159,159,159,159,159,92,92,104,104,134,134,118,209,209,207,207,207,213,213,213,218,222,222,223,223,182,182],"gold":733,"neow_bonus":"","is_daily":false,"chose_seed":false,"campfire_upgraded":4,"win_rate":0.0,"timestamp":1613561943,"path_taken":["M","?","?","?","?","R","E","?","T","$","M","M","R","E","R_BF","BOSS","M","?","?","PTL","PTL","M","?","E","?","E","T","E","M","R","M","$","R","BOSS","M","M","M","AVR","M","E","M"],"items_purchased_type":["Relic","Relic","Card","Card","Card","Relic","Relic","Card","Card","Card"],"build_version":"2020-12-22","purchased_purges":2,"victory":false,"max_hp_per_floor":[80,80,80,80,80,80,153,153,153,153,157,158,158,158,158,158,158,159,159,159,159,159,162,162,165,165,169,169,188,209,209,212,212,212,213,213,213,218,222,222,223,223,224,224],"card_choices":[{"not_picked":["MeatLantern","Bloodbath"],"picked":"ShyLook","floor":1},{"not_picked":["Ghostly Armor","AT_ManFootWork"],"picked":"Thunderclap","floor":1},{"not_picked":["Scorched","QueenBee"],"picked":"CrumblingArmor","floor":3},{"not_picked":["Clothesline","Wild Strike"],"picked":"AT_ManFootWork","floor":3},{"not_picked":["Scorched","WallGazer"],"picked":"QueenOfHatred","floor":4},{"not_picked":["Twin Strike","Headbutt"],"picked":"Inflame","floor":4},{"not_picked":["infinitespire:Punishment","ReplayTheSpireMod:Black Plague"],"picked":"infinitespire:NeuralNetwork","floor":8},{"not_picked":["Sadistic Nature","Replay:Dark Deal"],"picked":"AT_FamilyPortrait","floor":10},{"not_picked":["Replay:Sssssssssstrike","Finesse"],"picked":"ReplayTheSpireMod:Private Reserves","floor":10},{"not_picked":["ReplayTheSpireMod:Trickstab","Magnetism"],"picked":"Mayhem","floor":10},{"not_picked":["OldLady","Wellcheers"],"picked":"SpiderBud","floor":11},{"not_picked":["Power Through","Sword Boomerang"],"picked":"Replay:Undeath\u0027s Touch","floor":11},{"not_picked":["BigBird","CherryBlossoms"],"picked":"Laetitia","floor":12},{"not_picked":["Carnage","Clash"],"picked":"ReplayTheSpireMod:Muscle Training","floor":12},{"not_picked":["MeatLantern","VoidDream"],"picked":"MHz","floor":14},{"not_picked":["ReplayTheSpireMod:LeadingStrike","Iron Wave"],"picked":"Hemogenesis","floor":14},{"not_picked":["Carnage","Flex"],"picked":"Defy Death","floor":15},{"not_picked":["Murderer","FieryBird","OldLady"],"picked":"Singing Bowl","floor":16},{"not_picked":["BeautyBeast","Murderer"],"picked":"Scorched","floor":16},{"not_picked":["Eclipse","Demonic Infusion"],"picked":"AT_Dispersion","floor":16},{"not_picked":["MeatLantern","Alriune"],"picked":"DreamingCurrent","floor":18},{"not_picked":["Perfected Strike","Wild Strike"],"picked":"infinitespire:OneForAll+1","floor":18},{"not_picked":["BlackSwan","Murderer"],"picked":"LittlePrince","floor":23},{"not_picked":["Body Slam","Clothesline"],"picked":"Thunderclap","floor":23},{"not_picked":["UniverseFragment","FairyFestival","BigBadWolf"],"picked":"Singing Bowl","floor":25},{"not_picked":["SnowQueen","FairyFestival"],"picked":"CherryBlossoms","floor":25},{"not_picked":["Thunderclap","Evolve+1"],"picked":"AT_GerminateFire+1","floor":25},{"not_picked":["BeautyBeast","Freischutz"],"picked":"LittleHelper","floor":27},{"not_picked":["Run Through+1","Warcry"],"picked":"Flex","floor":27},{"not_picked":["NothingThere","MeatLantern","DespairKnight"],"picked":"Singing Bowl","floor":29},{"not_picked":["Scarecrow","FairyFestival"],"picked":"Woodsman","floor":29},{"not_picked":["Spot Weakness","Clothesline"],"picked":"Pommel Strike+1","floor":29},{"not_picked":["Bloodbath","Yin"],"picked":"WallGazer","floor":30},{"not_picked":["Pommel Strike","Spot Weakness"],"picked":"AT_DrawKnifeCut+1","floor":30},{"not_picked":["WhitesApple","BigBadWolf"],"picked":"WhiteNight","floor":32},{"not_picked":["Combust","Thunderclap"],"picked":"Evolve","floor":32},{"not_picked":["SnowQueen","BeautyBeast"],"picked":"SingingMachine","floor":35},{"not_picked":["conspire:Purge","Impervious"],"picked":"Brutality","floor":35},{"not_picked":["Murderer","BeautyBeast"],"picked":"QueenBee","floor":37},{"not_picked":["Fire Breathing","Headbutt"],"picked":"ReplayReversal+1","floor":37},{"not_picked":["NakedNest","BeautyBeast"],"picked":"BlackArmy","floor":38},{"not_picked":["Ghostly Armor","Cleave"],"picked":"Armaments","floor":38},{"not_picked":["SnowQueen","HappyTeddy"],"picked":"LongBird","floor":39},{"not_picked":["conspire:ExplosiveBarrier+1","True Grit+1"],"picked":"Sword Boomerang+1","floor":39},{"not_picked":["FairyFestival","SnowQueen"],"picked":"BigBird","floor":41},{"not_picked":["Clash","Perfected Strike+1"],"picked":"Warcry","floor":41},{"not_picked":["Mercenary","LaLuna"],"picked":"Alriune","floor":42},{"not_picked":["Headbutt+1","AT_Dispersion"],"picked":"Rage","floor":42}],"player_experience":284165,"relics_obtained":[{"floor":1,"key":"LetterFromLob"},{"floor":5,"key":"reliquary:Sod"},{"floor":9,"key":"conspire:DecoderRing"},{"floor":14,"key":"Dream Catcher"},{"floor":24,"key":"InkBottle"},{"floor":25,"key":"AT_Kusabimaru"},{"floor":27,"key":"Replay:Bandana"},{"floor":28,"key":"AT_MibuBalloonWealth"},{"floor":29,"key":"reliquary:Spinner"},{"floor":42,"key":"Replay:Accelerometer"}],"event_choices":[{"damage_healed":0,"gold_gain":275,"player_choice":"Desecrate","damage_taken":0,"max_hp_gain":0,"max_hp_loss":0,"event_name":"Golden Shrine","floor":2,"gold_loss":0,"cards_obtained":["Regret"]},{"damage_healed":0,"gold_gain":0,"player_choice":"Simplicity","damage_taken":0,"max_hp_gain":0,"max_hp_loss":0,"event_name":"Back to Basics","floor":19,"gold_loss":0,"cards_upgraded":["Strike_R","Strike_R","Strike_R","Strike_R","Strike_R","Defend_R","Defend_R","Defend_R","Defend_R"]},{"damage_healed":0,"gold_gain":0,"player_choice":"Ignored","damage_taken":0,"max_hp_gain":0,"max_hp_loss":0,"event_name":"Beggar","floor":20,"gold_loss":0},{"damage_healed":0,"gold_gain":0,"player_choice":"Read","damage_taken":0,"max_hp_gain":0,"max_hp_loss":0,"event_name":"The Library","floor":26,"gold_loss":0,"cards_obtained":["ReplayTheSpireMod:Limb From Limb"]}],"is_beta":false,"boss_relics":[{"not_picked":["reliquary:Ember","Runic Dome"],"picked":"Runic Cube"},{"not_picked":["reliquary:RustamsPendant","Fusion Hammer"],"picked":"Snecko Eye"}],"items_purged_floors":[33,40],"is_endless":false,"potions_floor_spawned":[3,14,16,18,23,27,32,41,42],"killed_by":"Transient","ascension_level":1}}