{"host":"ffqn1azj9urswy62","time":1613580080,"event":{"mods":["BaseMod","Better Third Choice","Conspire","Googly Eyes","Hubris","Minty Spire (QoL Compilation)","Replay The Spire","StSLib","Wandering Minibosses","slay the spire mod where everything is the same but ironclad has a cowboy hat"],"gold_per_floor":[113,113,131,131,147,188,188,188,188,212,242,1,1,15,15,138,147,165,285,36,136,136,136],"floor_reached":22,"language":"ENG","playtime":1576,"items_purged":["Strike_B","Strike_B"],"score":221,"play_id":"9becf635-abf6-4a0d-b757-0750b2df8d02","local_time":"20210217114120","is_ascension_mode":true,"campfire_choices":[{"data":"Gash","floor":8.0,"key":"SMITH"},{"data":"Apotheosis","floor":13.0,"key":"SMITH"},{"floor":15.0,"key":"REST"}],"circlet_count":0,"master_deck":["Strike_B","Strike_B","Defend_B","Defend_B","Defend_B","Defend_B","Zap","Dualcast","Hologram","ReplayGash","hubris:Ukulele","Apotheosis+1","hubris:NaturalOne","hubris:DoWhile","hubris:DuctTapeCard","Gash+1","Gash+1"],"relics":["Cracked Core","NeowsBlessing","hubris:Icosahedron","CeramicFish","hubris:Towel","Replay:Bottled Eggs","hubris:Backtick","hubris:DuctTape","Blood Vial"],"acts_visited":["Exordium","TheCity"],"potions_floor_usage":[],"damage_taken":[{"damage":0.0,"enemies":"Small Slimes","floor":1.0,"turns":1.0},{"damage":0.0,"enemies":"Jaw Worm","floor":3.0,"turns":1.0},{"damage":0.0,"enemies":"Cultist","floor":5.0,"turns":1.0},{"damage":34.0,"enemies":"Gremlin Nob","floor":6.0,"turns":4.0},{"damage":20.0,"enemies":"Large Slime","floor":10.0,"turns":5.0},{"damage":34.0,"enemies":"Lagavulin","floor":11.0,"turns":6.0},{"damage":0.0,"enemies":"2 Fungi Beasts","floor":14.0,"turns":2.0},{"damage":10.0,"enemies":"Slime Boss","floor":16.0,"turns":7.0},{"damage":32,"enemies":"Shell Parasite","floor":18,"turns":7},{"damage":27,"enemies":"Chosen","floor":22,"turns":4}],"seed_played":"3929157320020156553","potions_obtained":[{"floor":4.0,"key":"Regen Potion"},{"floor":4.0,"key":"Adrenaline Potion"},{"floor":4.0,"key":"PowerPotion"},{"floor":6.0,"key":"Milkshake"},{"floor":10.0,"key":"LiquidMemories"}],"is_trial":false,"path_per_floor":["M","?","M","?","M","E","?","R","T","M","E","$","R","M","R","B",null,"M","?","$","?","M"],"character_chosen":"DEFECT","items_purchased":["Apotheosis","Blood Vial"],"campfire_rested":1,"item_purchase_floors":[12,20],"current_hp_per_floor":[75,75,75,75,75,41,41,41,41,21,2,2,2,2,24,14,75,43,13,13,13,0,0],"gold":136,"neow_bonus":"THREE_ENEMY_KILL","is_daily":false,"chose_seed":false,"campfire_upgraded":2,"win_rate":0.0,"timestamp":1613580080,"path_taken":["M","?","M","?","?","E","?","R","T","M","E","$","R","M","R","BOSS","M","?","$","?","M"],"items_purchased_type":["Card","Relic"],"build_version":"2020-12-22","purchased_purges":2,"victory":false,"max_hp_per_floor":[75,75,75,75,75,75,75,75,75,75,75,75,75,75,75,75,75,75,75,75,75,75,75],"card_choices":[{"not_picked":["Turbo","ReplaySolidLightProjector"],"picked":"Hologram","floor":1.0},{"not_picked":["Stack","Static Discharge"],"picked":"Gash","floor":3.0},{"not_picked":["Hologram","Turbo"],"picked":"Go for the Eyes","floor":5.0},{"not_picked":["Panic Button","Ball Lightning"],"picked":"ReplayGash","floor":6.0},{"not_picked":["Static Discharge","Melter"],"picked":"hubris:Ukulele","floor":10.0},{"not_picked":["Panic Button","Compile Driver","Chill"],"picked":"SKIP","floor":11.0},{"not_picked":["Steam","Barrage","Sunder"],"picked":"SKIP","floor":14.0},{"not_picked":["All For One","Rainbow"],"picked":"hubris:DoWhile","floor":16.0},{"not_picked":["Streamline","Ball Lightning+1","Lockon"],"picked":"SKIP","floor":18},{"not_picked":["Go for the Eyes","Cold Snap"],"picked":"Gash","floor":19},{"not_picked":["Conserve Battery","ReplayTheSpireMod:Calculation Training"],"picked":"Gash","floor":19}],"player_experience":687812,"relics_obtained":[{"floor":6.0,"key":"CeramicFish"},{"floor":11.0,"key":"Replay:Bottled Eggs"}],"event_choices":[{"damage_healed":0.0,"max_hp_gain":0.0,"max_hp_loss":0.0,"gold_gain":0.0,"event_name":"Lab","player_choice":"Got Potions","floor":4.0,"gold_loss":0.0,"damage_taken":0.0},{"damage_healed":0,"gold_gain":100,"player_choice":"Pray","damage_taken":0,"max_hp_gain":0,"max_hp_loss":0,"event_name":"Golden Shrine","floor":21,"gold_loss":0}],"is_beta":false,"boss_relics":[{"not_picked":["conspire:SpecialSausage","Inserter"],"picked":"hubris:Backtick"}],"items_purged_floors":[12,20],"is_endless":false,"potions_floor_spawned":[6,10],"killed_by":"Chosen","ascension_level":3}}