{"host":"od06gsur5w60l0yz","time":1613591475,"event":{"mods":["BaseMod","Better Match","Better Third Choice","Colored Map","Dio Mod","Downfall","GifTheSpireLib","Googly Eyes","Hermit","Hubris","Minty Spire (QoL Compilation)","Reliquary","Replay The Spire","StSLib","The Cursed","The Forsaken","The Hierophant","The Necromancer","The Saiyan","The Senshi"],"gold_per_floor":[99,112,124,124,124,140,140,125,138,150,160,190,90,90,101,198,198,180,197,197,256,314,370,397,8,26,26,26,101,1,62,127,270,270,270,326,326,426,484,554,577,589,652,575,575,633,689,758,812,852,852,924,305,305,345,345,345,345],"floor_reached":56,"language":"ENG","playtime":9423,"items_purged":[],"score":1060,"play_id":"152dd0cd-cf3d-470e-8aa4-8d728aba4846","local_time":"20210217175115","is_ascension_mode":false,"campfire_choices":[{"floor":1.0,"key":"RECALL"},{"data":"hexamod:PhantomCloak","floor":13.0,"key":"SMITH"},{"data":"hexamod:ShieldOfDarkness","floor":30.0,"key":"SMITH"},{"data":"hexamod:PhantomCloak","floor":35.0,"key":"SMITH"},{"data":"hexamod:WildfireWeapon","floor":42.0,"key":"SMITH"},{"data":"Secret Weapon","floor":54.0,"key":"SMITH"},{"data":"hexamod:ThermalTransfer","floor":54.0,"key":"SMITH"}],"circlet_count":0,"master_deck":["hexamod:Strike","hexamod:Strike","hexamod:Strike+1","hexamod:Strike+1","hexamod:Defend","hexamod:Defend","hexamod:Defend+1","hexamod:Sear","hexamod:Float","hexamod:HeatMetal+1","hexamod:PhantomCloak+1","hexamod:SearingWound","hexamod:PhantomFireball","hexamod:SwordOfDarkness","hexamod:ExtraCrispy","hexamod:HexaLevel+1","hexamod:Firestarter+1","hexamod:ShieldOfDarkness+1","hexamod:WildfireWeapon+1","hexamod:RetreatToShadows+1","hexamod:ExtraCrispy+1","hexamod:ShieldOfDarkness+1","hexamod:PhantomCloak+1","hexamod:AdvancingGuard+1","hexamod:TimeOfNeed","CurseOfTheBell","hexamod:RadiantFlame","hexamod:ThermalTransfer+1","hexamod:Firestarter+1","expansioncontent:DashGenerateEvil","Replay:SS_hec_1","hexamod:HeatShield+1","hexamod:SwordOfDarkness+1","hexamod:SoulSteal","hexamod:BurningTouch+1","hexamod:GhostflameInferno","expansioncontent:AwakenDeath","Secret Weapon+1"],"relics":["hexamod:SpiritBrand","downfall:ShatteredFragment","reliquary:ExpiredCoupon","downfall:HeartBlessingGreen","Coffee Dripper","downfall:HeartBlessingRed","downfall:KnowingSkull","reliquary:WeakTea","Replay:Rubber Ducky","Shuriken","Replay:Ringing Soul","hubris:BottledHeart","Bag of Preparation","downfall:HeartBlessingBlue","hexamod:TheBrokenSeal","Calling Bell","Toy Ornithopter","White Beast Statue","hexamod:SoulConsumer","Calipers","MawBank","Replay:Arrowhead","Potion Belt","reliquary:RoseTintedGlasses","Bronze Scales"],"acts_visited":["Exordium","TheCity","TheBeyond","TheEnding"],"potions_floor_usage":[56,56,56,56],"damage_taken":[{"damage":0.0,"enemies":"Cultist","floor":2.0,"turns":3.0},{"damage":0.0,"enemies":"Small Slimes","floor":3.0,"turns":3.0},{"damage":1.0,"enemies":"2 Louse","floor":6.0,"turns":2.0},{"damage":5.0,"enemies":"downfall:FleeingMerchant","floor":8.0,"turns":4.0},{"damage":2.0,"enemies":"Exordium Wildlife","floor":9.0,"turns":3.0},{"damage":3.0,"enemies":"Red Slaver","floor":10.0,"turns":3.0},{"damage":0.0,"enemies":"2 Fungi Beasts","floor":11.0,"turns":3.0},{"damage":9.0,"enemies":"Replay:BlueRogue","floor":12.0,"turns":4.0},{"damage":0.0,"enemies":"Large Slime","floor":15.0,"turns":3.0},{"damage":12.0,"enemies":"SI_SHIV_ARCHETYPE","floor":16.0,"turns":6.0},{"damage":18.0,"enemies":"downfall:LooterAlt2","floor":19.0,"turns":4.0},{"damage":3.0,"enemies":"Chosen","floor":21.0,"turns":4.0},{"damage":30.0,"enemies":"Centurion and Healer","floor":22.0,"turns":5.0},{"damage":20.0,"enemies":"Sentry and Sphere","floor":23.0,"turns":8.0},{"damage":12.0,"enemies":"downfall:FleeingMerchant","floor":25.0,"turns":4.0},{"damage":3.0,"enemies":"Shelled Parasite and Fungi","floor":26.0,"turns":5.0},{"damage":0.0,"enemies":"Book of Stabbing","floor":29.0,"turns":5.0},{"damage":0.0,"enemies":"Centurion and Healer","floor":31.0,"turns":6.0},{"damage":0.0,"enemies":"Snake Plant","floor":32.0,"turns":6.0},{"damage":0.0,"enemies":"IC_MUSHROOM_ARCHETYPE","floor":33.0,"turns":7.0},{"damage":0.0,"enemies":"3 Darklings","floor":36.0,"turns":4.0},{"damage":0.0,"enemies":"3 Shapes","floor":39.0,"turns":3.0},{"damage":0.0,"enemies":"Nemesis","floor":40.0,"turns":7.0},{"damage":0.0,"enemies":"Sphere and 2 Shapes","floor":43.0,"turns":6.0},{"damage":0.0,"enemies":"downfall:FleeingMerchant","floor":44.0,"turns":4.0},{"damage":0.0,"enemies":"Maw","floor":46.0,"turns":6.0},{"damage":0.0,"enemies":"Transient","floor":47.0,"turns":5.0},{"damage":0.0,"enemies":"Giant Head","floor":48.0,"turns":9.0},{"damage":0.0,"enemies":"3 Darklings","floor":49.0,"turns":4.0},{"damage":0.0,"enemies":"DF_ARCHETYPE_ORBS","floor":50.0,"turns":10.0},{"damage":0.0,"enemies":"downfall:CharBossMerchant","floor":52.0,"turns":8.0},{"damage":0.0,"enemies":"downfall:NeowBoss","floor":55.0,"turns":19.0},{"damage":41,"enemies":"downfall:NeowBossFinal","floor":56,"turns":11}],"seed_played":"8743506827482180624","potions_obtained":[{"floor":2.0,"key":"LifebloodPotion"},{"floor":9.0,"key":"Fire Potion"},{"floor":16.0,"key":"FearPotion"},{"floor":19.0,"key":"EssenceOfSteel"},{"floor":23.0,"key":"DistilledChaos"},{"floor":25.0,"key":"hexamod:SoulburnPotion"},{"floor":29.0,"key":"hexamod:DoubleChargePotion"},{"floor":31.0,"key":"Fruit Juice"},{"floor":32.0,"key":"LiquidBronze"},{"floor":32.0,"key":"Strength Potion"},{"floor":36.0,"key":"BlessingOfTheForge"},{"floor":39.0,"key":"Milkshake"},{"floor":40.0,"key":"Energy Potion"},{"floor":43.0,"key":"EssenceOfSteel"},{"floor":44.0,"key":"sneckomod:MuddlingPotion"},{"floor":46.0,"key":"Explosive Potion"},{"floor":47.0,"key":"Weak Potion"},{"floor":48.0,"key":"ColorlessPotion"},{"floor":49.0,"key":"SpeedPotion"},{"floor":52.0,"key":"LifebloodPotion"}],"is_trial":false,"path_per_floor":["R_BF","M","M","?","?","M","T","$","M","M","M","E","R","?","M","B",null,"R_BF","M","?","M","M","M","T","$","M","T","?","E","R","M","M","B",null,"R","M","?","?","M","E","T","R","M","$","?","M","M","E","M","B",null,"E","$","R","B","B"],"character_chosen":"THE_SPIRIT","items_purchased":["Replay:Rubber Ducky","Shuriken","expansioncontent:DashGenerateEvil","Replay:Arrowhead","hexamod:GhostflameInferno","expansioncontent:AwakenDeath","Bronze Scales","Secret Weapon","SkillPotion"],"campfire_rested":0,"item_purchase_floors":[25,25,44,44,53,53,53,53,53],"current_hp_per_floor":[77,77,77,56,56,55,55,50,48,45,45,36,36,29,29,17,77,77,66,59,63,40,27,27,22,26,26,1,1,1,1,1,1,1,1,1,1,1,1,1,1,1,1,1,1,1,1,1,1,1,1,1,1,1,1,0,0,0],"gold":345,"neow_bonus":"TEN_PERCENT_HP_BONUS","is_daily":false,"chose_seed":false,"campfire_upgraded":6,"win_rate":0.0,"timestamp":1613591475,"path_taken":["R_BF","M","?","?","?","M","T","$","?","M","M","E","R","?","M","BOSS","R_BF","M","?","?","M","M","T","$","M","?","?","E","R","M","M","BOSS","R","M","?","?","?","E","T","R","M","$","?","M","M","E","M","BOSS","E","$","R","BOSS","BOSS"],"items_purchased_type":["Relic","Relic","Card","Relic","Card","Card","Relic","Card","Potion"],"build_version":"2020-12-22","purchased_purges":0,"victory":false,"max_hp_per_floor":[77,77,77,77,77,77,77,77,77,77,77,77,77,77,77,77,77,77,77,77,77,77,77,77,77,77,77,1,1,1,1,1,1,1,1,1,1,1,1,1,1,1,1,1,1,1,1,1,1,1,1,1,1,1,1,1,1,1],"card_choices":[{"not_picked":["hexamod:RadiantFlame","hexamod:Incineration","hexamod:AdvancingGuard"],"picked":"SKIP","floor":2.0},{"not_picked":["hexamod:BacktrackSmack","hexamod:NecessarySacrifice"],"picked":"hexamod:HeatMetal","floor":3.0},{"not_picked":["hexamod:FastForward","hexamod:GhostLash"],"picked":"hexamod:PhantomCloak","floor":6.0},{"not_picked":["hexamod:Hexaguard","hexamod:HauntingEcho"],"picked":"hexamod:SearingWound","floor":8.0},{"not_picked":["hexamod:Hexaguard","hexamod:SpectersWail"],"picked":"hexamod:PhantomFireball","floor":9.0},{"not_picked":["hexamod:FastForward","hexamod:HauntingEcho"],"picked":"hexamod:SwordOfDarkness","floor":10.0},{"not_picked":["hexamod:EtherealExpedition","hexamod:RadiantFlame"],"picked":"hexamod:ExtraCrispy","floor":11.0},{"not_picked":["hexamod:SpectersWail","hexamod:HeatMetal"],"picked":"hexamod:HexaLevel","floor":12.0},{"not_picked":["hexamod:InspiringFlames","hexamod:Firestarter","hexamod:HeatMetal"],"picked":"SKIP","floor":15.0},{"not_picked":["hexamod:SearingWound","hexamod:TimeOfNeed"],"picked":"hexamod:FifthSeal","floor":16.0},{"not_picked":["hexamod:FirstSeal","hexamod:FourthSeal"],"picked":"hexamod:SecondSeal","floor":19.0},{"not_picked":["hexamod:SoulSteal","hexamod:Hexaguard"],"picked":"hexamod:Firestarter+1","floor":19.0},{"not_picked":["hexamod:ThirdSeal","hexamod:SecondSeal"],"picked":"hexamod:SixthSeal","floor":21.0},{"not_picked":["hexamod:EtherealExpedition","hexamod:HeatShield"],"picked":"hexamod:ShieldOfDarkness","floor":21.0},{"not_picked":["hexamod:FirstSeal","hexamod:SecondSeal"],"picked":"hexamod:FourthSeal","floor":22.0},{"not_picked":["hexamod:SoulSteal","hexamod:NightmareStrike","hexamod:InspiringFlames"],"picked":"SKIP","floor":22.0},{"not_picked":["hexamod:Hexaguard","hexamod:HeatMetal"],"picked":"hexamod:WildfireWeapon","floor":23.0},{"not_picked":["hexamod:NightmareGuise","hexamod:GhostShield+1"],"picked":"hexamod:RetreatToShadows+1","floor":25.0},{"not_picked":["hexamod:NightmareGuise","hexamod:HauntingEcho"],"picked":"hexamod:ExtraCrispy+1","floor":26.0},{"not_picked":["hexamod:FirstSeal","hexamod:SixthSeal"],"picked":"hexamod:ThirdSeal","floor":29.0},{"not_picked":["hexamod:GhostOfSpireFuture+1","hexamod:DynamicBlow+1"],"picked":"hexamod:ShieldOfDarkness+1","floor":29.0},{"not_picked":["hexamod:SpectralAdrenaline","hexamod:SwordOfDarkness"],"picked":"hexamod:PhantomCloak","floor":31.0},{"not_picked":["hexamod:GhostShield+1","hexamod:SpectralAdrenaline+1","hexamod:Again"],"picked":"SKIP","floor":31.0},{"not_picked":["hexamod:BacktrackSmack","hexamod:EtherealExpedition"],"picked":"hexamod:AdvancingGuard+1","floor":32.0},{"not_picked":["hexamod:TimeWarp","hexamod:VolcanoVisage"],"picked":"hexamod:TimeOfNeed","floor":33.0},{"not_picked":["hexamod:SpectersWail+1","hexamod:SwordOfDarkness","hexamod:GhostLash"],"picked":"SKIP","floor":36.0},{"not_picked":["hexamod:SecondSeal","hexamod:AdvancingGuard","hexamod:ChargedBarrage+1"],"picked":"SKIP","floor":39.0},{"not_picked":["hexamod:ThirdSeal","hexamod:BacktrackSmack+1"],"picked":"hexamod:RadiantFlame","floor":40.0},{"not_picked":["hexamod:Firestarter","hexamod:CatchUp+1"],"picked":"hexamod:ThermalTransfer","floor":43.0},{"not_picked":["hexamod:Incineration","hexamod:GhostLash"],"picked":"hexamod:Firestarter+1","floor":44.0},{"not_picked":["expansioncontent:LastStand","expansioncontent:PrepareCrush"],"picked":"Replay:SS_hec_1","floor":45.0},{"not_picked":["hexamod:NightmareStrike+1","hexamod:HeatMetal+1"],"picked":"hexamod:HeatShield+1","floor":46.0},{"not_picked":["hexamod:SpectersWail","hexamod:RadiantFlame"],"picked":"hexamod:SwordOfDarkness+1","floor":47.0},{"not_picked":["hexamod:FourthSeal","hexamod:ThermalTransfer"],"picked":"hexamod:SoulSteal","floor":48.0},{"not_picked":["hexamod:NightmareStrike+1","hexamod:ParanormalForm","hexamod:ThermalTransfer"],"picked":"SKIP","floor":49.0},{"not_picked":["hexamod:BacktrackSmack+1","hexamod:RecurringNightmare"],"picked":"hexamod:BurningTouch+1","floor":52.0}],"player_experience":243873,"relics_obtained":[{"floor":12.0,"key":"reliquary:ExpiredCoupon"},{"floor":24.0,"key":"reliquary:WeakTea"},{"floor":27.0,"key":"Replay:Ringing Soul"},{"floor":29.0,"key":"Bag of Preparation"},{"floor":34.0,"key":"Toy Ornithopter"},{"floor":34.0,"key":"White Beast Statue"},{"floor":34.0,"key":"hexamod:SoulConsumer"},{"floor":40.0,"key":"Calipers"},{"floor":41.0,"key":"MawBank"},{"floor":48.0,"key":"Potion Belt"},{"floor":52.0,"key":"reliquary:RoseTintedGlasses"}],"event_choices":[{"cards_removed":["hexamod:Defend"],"damage_healed":0.0,"max_hp_gain":0.0,"max_hp_loss":0.0,"gold_gain":0.0,"event_name":"Bonfire Elementals","player_choice":"Offered Basic","floor":5.0,"gold_loss":0.0,"damage_taken":0.0}],"is_beta":false,"boss_relics":[{"not_picked":["bronze:MakeshiftBattery","hubris:TerracottaHorce"],"picked":"Coffee Dripper"},{"not_picked":["hubris:HollowSoul","theSenshi:MoonKaleidoScopeRelic"],"picked":"Calling Bell"}],"items_purged_floors":[],"is_endless":false,"potions_floor_spawned":[2,9,16,19,26,29,32,36,39,40,43,44,46,47,48,49,52],"killed_by":"downfall:NeowBossFinal","ascension_level":0}}