{"host":"jqkewjmybebgw3gd","time":1613568447,"event":{"mods":["AchievementEnabler","BaseMod","Colored Map","DeckTracker","Keyboard Shortcuts","Minty Spire (QoL Compilation)","StSLib","SuperFastMode"],"gold_per_floor":[109,34,34,48,59,59,94,109,109,120,147,147,177,192,192,290,290,300,52,52,52,70,101,101,134,134,134,146,156,156,156],"floor_reached":30,"language":"KOR","playtime":1810,"items_purged":["Strike_R","Strike_R"],"score":357,"play_id":"f85daea5-1a86-4da2-869f-6fdf4a904838","local_time":"20210217222727","is_ascension_mode":true,"campfire_choices":[{"data":"Entrench","floor":6.0,"key":"SMITH"},{"data":"Body Slam","floor":12.0,"key":"SMITH"},{"data":"Entrench","floor":15.0,"key":"SMITH"},{"data":"PanicButton","floor":24.0,"key":"SMITH"},{"floor":27.0,"key":"REST"}],"circlet_count":0,"master_deck":["Strike_R+1","Strike_R","Strike_R+1","Defend_R","Defend_R","Defend_R","Defend_R","Bash","PanicButton+1","Shrug It Off","Body Slam+1","Entrench+1","Battle Trance","Entrench+1","Thunderclap","Berserk","Evolve","Entrench+1","Reaper"],"relics":["Burning Blood","Pocketwatch","Matryoshka","Pantograph","Potion Belt","Runic Cube","ClockworkSouvenir","Vajra","Whetstone","Nunchaku","InkBottle"],"acts_visited":["Exordium","TheCity"],"potions_floor_usage":[30],"damage_taken":[{"damage":0.0,"enemies":"Small Slimes","floor":1.0,"turns":4.0},{"damage":2.0,"enemies":"Cultist","floor":4.0,"turns":4.0},{"damage":3.0,"enemies":"2 Louse","floor":5.0,"turns":3.0},{"damage":0.0,"enemies":"Gremlin Nob","floor":7.0,"turns":2.0},{"damage":2.0,"enemies":"2 Fungi Beasts","floor":8.0,"turns":3.0},{"damage":15.0,"enemies":"Looter","floor":10.0,"turns":3.0},{"damage":15.0,"enemies":"Lagavulin","floor":11.0,"turns":7.0},{"damage":21.0,"enemies":"3 Sentries","floor":13.0,"turns":10.0},{"damage":12.0,"enemies":"Exordium Thugs","floor":14.0,"turns":3.0},{"damage":56.0,"enemies":"Hexaghost","floor":16.0,"turns":11.0},{"damage":15.0,"enemies":"3 Byrds","floor":18.0,"turns":7.0},{"damage":7.0,"enemies":"Shell Parasite","floor":22.0,"turns":2.0},{"damage":21.0,"enemies":"Book of Stabbing","floor":23.0,"turns":7.0},{"damage":54.0,"enemies":"Slavers","floor":25.0,"turns":7.0},{"damage":21,"enemies":"Snake Plant","floor":28,"turns":5},{"damage":0,"enemies":"Snecko","floor":29,"turns":2},{"damage":27,"enemies":"Gremlin Leader","floor":30,"turns":4}],"seed_played":"7660105073840229156","potions_obtained":[{"floor":1.0,"key":"AttackPotion"},{"floor":3.0,"key":"Regen Potion"},{"floor":3.0,"key":"Explosive Potion"},{"floor":3.0,"key":"Strength Potion"},{"floor":11.0,"key":"Energy Potion"},{"floor":14.0,"key":"Swift Potion"},{"floor":22.0,"key":"Ancient Potion"},{"floor":23.0,"key":"SteroidPotion"},{"floor":29,"key":"Fire Potion"}],"is_trial":false,"path_per_floor":["M","$","?","M","M","R","E","M","T","M","E","R","E","M","R","B",null,"M","$","?","?","M","E","R","E","T","R","M","M","E"],"character_chosen":"IRONCLAD","items_purchased":["ClockworkSouvenir"],"campfire_rested":1,"item_purchase_floors":[19],"current_hp_per_floor":[80,80,80,80,80,80,80,80,80,71,62,62,47,41,41,16,80,71,71,71,71,70,55,55,7,7,31,16,22,0,0],"gold":156,"neow_bonus":"RANDOM_COLORLESS","is_daily":false,"chose_seed":false,"campfire_upgraded":4,"win_rate":0.0,"timestamp":1613568447,"path_taken":["M","$","?","M","?","R","E","M","T","M","E","R","E","M","R","BOSS","M","$","?","?","M","E","R","E","T","R","M","M","E"],"items_purchased_type":["Relic"],"build_version":"2020-12-22","purchased_purges":2,"victory":false,"max_hp_per_floor":[80,80,80,80,80,80,80,80,80,80,80,80,80,80,80,80,80,80,80,80,80,80,80,80,80,80,80,80,80,80,80],"card_choices":[{"not_picked":["Dramatic Entrance","Purity"],"picked":"PanicButton","floor":0.0},{"not_picked":["Heavy Blade","Dual Wield"],"picked":"Shrug It Off","floor":1.0},{"not_picked":["Intimidate","Flex"],"picked":"Body Slam","floor":4.0},{"not_picked":["Heavy Blade","Rage"],"picked":"Entrench","floor":5.0},{"not_picked":["Rage","Brutality"],"picked":"Battle Trance","floor":7.0},{"not_picked":["Thunderclap","Cleave","Clothesline"],"picked":"SKIP","floor":8.0},{"not_picked":["Twin Strike","Headbutt"],"picked":"Entrench","floor":10.0},{"not_picked":["Blood for Blood","Clash","Headbutt"],"picked":"SKIP","floor":11.0},{"not_picked":["Sword Boomerang","Pummel"],"picked":"Thunderclap","floor":13.0},{"not_picked":["Blood for Blood","Headbutt","Anger"],"picked":"SKIP","floor":14.0},{"not_picked":["Exhume","Demon Form"],"picked":"Berserk","floor":16.0},{"not_picked":["Iron Wave+1","Body Slam","Entrench"],"picked":"SKIP","floor":18.0},{"not_picked":["Anger","Twin Strike"],"picked":"Evolve","floor":22.0},{"not_picked":["Rupture","Dark Embrace","Carnage"],"picked":"SKIP","floor":23.0},{"not_picked":["Headbutt+1","Power Through"],"picked":"Entrench+1","floor":25.0},{"not_picked":["Reckless Charge","Iron Wave","Pummel"],"picked":"SKIP","floor":28},{"not_picked":["Sword Boomerang","Pummel+1"],"picked":"Reaper","floor":29}],"player_experience":546867,"relics_obtained":[{"floor":7.0,"key":"Pocketwatch"},{"floor":9.0,"key":"Matryoshka"},{"floor":11.0,"key":"Pantograph"},{"floor":13.0,"key":"Potion Belt"},{"floor":23.0,"key":"Vajra"},{"floor":25.0,"key":"Whetstone"},{"floor":26.0,"key":"Nunchaku"},{"floor":26.0,"key":"InkBottle"}],"event_choices":[{"damage_healed":0.0,"max_hp_gain":0.0,"max_hp_loss":0.0,"gold_gain":0.0,"event_name":"Lab","player_choice":"Got Potions","floor":3.0,"gold_loss":0.0,"damage_taken":0.0},{"damage_healed":0.0,"max_hp_gain":0.0,"max_hp_loss":0.0,"gold_gain":0.0,"event_name":"Ghosts","player_choice":"Ignored","floor":20.0,"gold_loss":0.0,"damage_taken":0.0}],"is_beta":false,"boss_relics":[{"not_picked":["Runic Dome","Fusion Hammer"],"picked":"Runic Cube"}],"items_purged_floors":[2,19],"is_endless":false,"potions_floor_spawned":[1,11,14,22,23,29],"killed_by":"Gremlin Leader","ascension_level":1}}