{"host":"8jwrv7sn1174lfer","time":1613526012,"event":{"mods":["BaseMod","Colored Map","Colored Powertips","Downfall","Highlight Path","Minty Spire (QoL Compilation)","StSLib"],"gold_per_floor":[99,116,131,144,154,154,200,231,242,242,571,571,587,587,604,604,604,604],"floor_reached":16,"language":"ENG","playtime":666,"items_purged":[],"score":125,"play_id":"d3cc6a27-d356-4615-a90b-3a8fa744ca98","local_time":"20210216204012","is_ascension_mode":true,"campfire_choices":[{"data":"bronze:Goto","floor":1.0,"key":"SMITH"},{"data":"bronze:Iterate","floor":6,"key":"SMITH"},{"data":"bronze:Iterate","floor":10,"key":"SMITH"},{"data":"bronze:ClassDefault","floor":12,"key":"SMITH"}],"circlet_count":0,"master_deck":["bronze:Strike","bronze:Strike","bronze:Strike","bronze:Strike","bronze:Defend","bronze:Defend","bronze:Defend","bronze:Defend+1","bronze:Replicate","bronze:Goto+1","bronze:Iterate+1","bronze:Shield+1","bronze:MaxOutput","bronze:Iterate+1","bronze:ClassDefault+1","bronze:Terminator","bronze:SpaghettiCode","Parasite","bronze:Shell"],"relics":["Sozu","Bag of Marbles","War Paint","Old Coin"],"acts_visited":["Exordium"],"potions_floor_usage":[],"damage_taken":[{"damage":2,"enemies":"Jaw Worm","floor":2,"turns":4},{"damage":0,"enemies":"Cultist","floor":3,"turns":2},{"damage":5,"enemies":"Small Slimes","floor":4,"turns":3},{"damage":6,"enemies":"downfall:LooterAlt","floor":5,"turns":3},{"damage":21,"enemies":"Gremlin Nob","floor":8,"turns":5},{"damage":0,"enemies":"Red Slaver","floor":9,"turns":3},{"damage":8,"enemies":"3 Sentries","floor":11,"turns":7},{"damage":18,"enemies":"2 Fungi Beasts","floor":13,"turns":3},{"damage":0,"enemies":"downfall:LooterAlt","floor":15,"turns":1},{"damage":30,"enemies":"DF_ARCHETYPE_STREAMLINE","floor":16,"turns":4}],"seed_played":"-5089882075787781939","potions_obtained":[],"is_trial":false,"path_per_floor":["R","M","M","M","M","R","T","E","M","R","E","R","M","?","M","B"],"character_chosen":"THE_AUTOMATON","items_purchased":[],"campfire_rested":0,"item_purchase_floors":[],"current_hp_per_floor":[70,68,68,63,57,57,57,36,36,36,28,28,10,27,27,0,0,0],"gold":604,"neow_bonus":"BOSS_RELIC","is_daily":false,"chose_seed":false,"campfire_upgraded":4,"win_rate":0.0,"timestamp":1613526012,"path_taken":["R","M","M","M","M","R","T","E","M","R","E","R","M","?","M","BOSS"],"items_purchased_type":[],"build_version":"2020-12-22","purchased_purges":0,"victory":false,"max_hp_per_floor":[70,70,70,70,70,70,70,70,70,70,70,70,70,70,70,70,70,70],"card_choices":[{"not_picked":["bronze:Shield","bronze:CutThrough"],"picked":"bronze:Iterate","floor":2},{"not_picked":["bronze:BuggyMess","bronze:WildBeam"],"picked":"bronze:Shield","floor":3},{"not_picked":["bronze:WildBeam","bronze:BuggyMess","bronze:DelayedGuard"],"picked":"SKIP","floor":4},{"not_picked":["bronze:BitShift","bronze:Invalidate"],"picked":"bronze:MaxOutput","floor":5},{"not_picked":["bronze:Allocate","bronze:Deprecate"],"picked":"bronze:Iterate","floor":8},{"not_picked":["bronze:Overload","bronze:Constructor"],"picked":"bronze:ClassDefault","floor":9},{"not_picked":["bronze:CloningBeam","bronze:BugBarrage"],"picked":"bronze:Terminator","floor":11},{"not_picked":["bronze:Allocate","bronze:Separator"],"picked":"bronze:SpaghettiCode","floor":13},{"not_picked":["bronze:CloningBeam","bronze:Frontload"],"picked":"bronze:Shell","floor":15}],"player_experience":790506,"relics_obtained":[{"floor":7,"key":"Bag of Marbles"},{"floor":8,"key":"War Paint"},{"floor":11,"key":"Old Coin"}],"event_choices":[{"damage_healed":17,"gold_gain":0,"player_choice":"Healed and dodged fight","damage_taken":0,"max_hp_gain":0,"max_hp_loss":0,"event_name":"Mushrooms","floor":14,"gold_loss":0,"cards_obtained":["Parasite"]}],"is_beta":false,"boss_relics":[],"items_purged_floors":[],"is_endless":false,"potions_floor_spawned":[4,5,9,13,15],"killed_by":"DF_ARCHETYPE_STREAMLINE","ascension_level":2}}