{"host":"soyfmymeou4emntr","time":1613580498,"event":{"mods":["BaseMod","Minty Spire (QoL Compilation)","Permanent Neow","Relic Sorter","Relic Stats","StSLib"],"gold_per_floor":[118,118,16,45,74,74,74],"floor_reached":6,"language":"ENG","playtime":280,"items_purged":[],"score":72,"play_id":"871923b3-a0db-4eae-a2b8-4f0b2046d673","local_time":"20210217094818","is_ascension_mode":true,"campfire_choices":[],"circlet_count":0,"master_deck":["AscendersBane","Strike_B","Strike_B","Strike_B","Strike_B+1","Defend_B","Defend_B","Defend_B","Defend_B","Zap","Dualcast+1","Coolheaded","Self Repair","Redo"],"relics":["Cracked Core","CeramicFish","Dream Catcher"],"acts_visited":["Exordium"],"potions_floor_usage":[6],"damage_taken":[{"damage":0,"enemies":"Small Slimes","floor":1,"turns":2},{"damage":0,"enemies":"2 Louse","floor":4,"turns":2},{"damage":0,"enemies":"Cultist","floor":5,"turns":4},{"damage":63,"enemies":"Gremlin Nob","floor":6,"turns":4}],"seed_played":"2716158315043874877","potions_obtained":[{"floor":5,"key":"Explosive Potion"}],"is_trial":false,"path_per_floor":["M","?","?","M","M","E"],"character_chosen":"DEFECT","items_purchased":[],"campfire_rested":0,"item_purchase_floors":[],"current_hp_per_floor":[64,43,43,43,50,0,0],"gold":74,"neow_bonus":"RANDOM_COMMON_RELIC","is_daily":false,"chose_seed":false,"campfire_upgraded":0,"win_rate":0.0,"timestamp":1613580498,"path_taken":["M","?","?","M","?","E"],"items_purchased_type":[],"build_version":"2020-12-22","purchased_purges":0,"victory":false,"max_hp_per_floor":[71,71,71,71,71,71,71],"relic_stats":{"Dream Catcher":0,"counters":[4,12],"CeramicFish":27,"obtain_stats":[{"Dream Catcher":3,"CeramicFish":0,"Cracked Core":0},{"Dream Catcher":1,"CeramicFish":0,"Cracked Core":0},{"Dream Catcher":2,"CeramicFish":0,"Cracked Core":0}]},"card_choices":[{"not_picked":["Chaos","Fusion"],"picked":"Coolheaded","floor":1},{"not_picked":["Hologram","BootSequence"],"picked":"Self Repair","floor":4},{"not_picked":["Go for the Eyes","Recycle"],"picked":"Redo","floor":5}],"player_experience":3369677,"relics_obtained":[],"event_choices":[{"damage_healed":0,"gold_gain":0,"player_choice":"Entered Light","damage_taken":21,"max_hp_gain":0,"max_hp_loss":0,"event_name":"Shining Light","floor":2,"gold_loss":0,"cards_upgraded":["Strike_B","Dualcast"]},{"damage_healed":0,"gold_gain":0,"player_choice":"Paid Gold","damage_taken":0,"relics_obtained":["Dream Catcher"],"max_hp_gain":0,"max_hp_loss":0,"event_name":"WeMeetAgain","floor":3,"gold_loss":102}],"is_beta":false,"boss_relics":[],"items_purged_floors":[],"is_endless":false,"potions_floor_spawned":[5],"killed_by":"Gremlin Nob","ascension_level":20}}