{"host":"6ggzka4dag2kvku2","time":1613573240,"event":{"mods":["AchievementEnabler","BaseMod","DeckTracker","Minty Spire (QoL Compilation)","Permanent Neow","Quick Restart","SuperFastMode"],"gold_per_floor":[114,114,129,143,156,156,156,174,226,241,241,295,325,500,500,500,500],"floor_reached":16,"language":"KOR","playtime":362,"items_purged":[],"score":102,"play_id":"3a22d4fb-531b-45ab-b391-e5e35c108971","local_time":"20210217234720","is_ascension_mode":false,"campfire_choices":[{"data":"Body Slam","floor":6.0,"key":"SMITH"},{"floor":11.0,"key":"REST"},{"floor":15.0,"key":"REST"}],"circlet_count":0,"master_deck":["Strike_R","Strike_R","Strike_R","Strike_R","Strike_R+1","Defend_R","Defend_R+1","Defend_R","Defend_R","Bash","Barricade+1","Evolve","Disarm","Body Slam+1","Power Through","Doubt","Burning Pact"],"relics":["Burning Blood","Dream Catcher","Potion Belt","White Beast Statue"],"acts_visited":["Exordium"],"potions_floor_usage":[],"damage_taken":[{"damage":8.0,"enemies":"Small Slimes","floor":1.0,"turns":4.0},{"damage":7.0,"enemies":"Jaw Worm","floor":3.0,"turns":5.0},{"damage":9.0,"enemies":"2 Louse","floor":4.0,"turns":3.0},{"damage":23.0,"enemies":"2 Fungi Beasts","floor":5.0,"turns":6.0},{"damage":13.0,"enemies":"Lots of Slimes","floor":8.0,"turns":7.0},{"damage":20.0,"enemies":"Large Slime","floor":10.0,"turns":8.0},{"damage":10.0,"enemies":"Gremlin Nob","floor":13.0,"turns":4.0},{"damage":0,"enemies":"Hexaghost","floor":16,"turns":1}],"seed_played":"7001604864389210916","potions_obtained":[{"floor":1.0,"key":"Regen Potion"},{"floor":5.0,"key":"SteroidPotion"},{"floor":13.0,"key":"SteroidPotion"}],"is_trial":false,"path_per_floor":["M","?","M","M","M","R","?","M","T","M","R","T","E","?","R","B"],"character_chosen":"IRONCLAD","items_purchased":[],"campfire_rested":2,"item_purchase_floors":[],"current_hp_per_floor":[54,54,53,50,33,33,17,25,25,11,35,35,31,31,55,55,55],"gold":500,"neow_bonus":"THREE_RARE_CARDS","is_daily":false,"chose_seed":false,"campfire_upgraded":1,"win_rate":0.0,"timestamp":1613573240,"path_taken":["M","?","M","M","M","R","?","M","T","M","R","?","E","?","R","BOSS"],"items_purchased_type":[],"build_version":"2020-12-22","purchased_purges":0,"victory":false,"max_hp_per_floor":[80,80,80,80,80,80,80,80,80,80,80,80,80,80,80,80,80],"card_choices":[{"not_picked":["Offering","Corruption"],"picked":"Barricade","floor":0.0},{"not_picked":["Sword Boomerang","Armaments"],"picked":"Evolve","floor":1.0},{"not_picked":["Pommel Strike","Warcry"],"picked":"Disarm","floor":3.0},{"not_picked":["Armaments","Heavy Blade","Limit Break"],"picked":"SKIP","floor":4.0},{"not_picked":["Armaments","Twin Strike"],"picked":"Body Slam","floor":5.0},{"not_picked":["Warcry","Pommel Strike","Anger"],"picked":"SKIP","floor":8.0},{"not_picked":["Perfected Strike","Feed","Reckless Charge"],"picked":"SKIP","floor":10.0},{"not_picked":["Battle Trance","Ghostly Armor"],"picked":"Power Through","floor":11.0},{"not_picked":["Havoc","Clothesline","Sever Soul"],"picked":"SKIP","floor":13.0},{"not_picked":["Warcry","Sever Soul"],"picked":"Burning Pact","floor":15.0}],"player_experience":67501,"relics_obtained":[{"floor":9.0,"key":"Dream Catcher"},{"floor":12.0,"key":"Potion Belt"},{"floor":13.0,"key":"White Beast Statue"}],"event_choices":[{"damage_healed":0.0,"max_hp_gain":0.0,"max_hp_loss":0.0,"gold_gain":0.0,"event_name":"Living Wall","player_choice":"Grow","floor":2.0,"gold_loss":0.0,"damage_taken":0.0,"cards_upgraded":["Barricade"]},{"damage_healed":0.0,"max_hp_gain":0.0,"max_hp_loss":0.0,"gold_gain":0.0,"event_name":"Shining Light","player_choice":"Entered Light","floor":7.0,"gold_loss":0.0,"damage_taken":16.0,"cards_upgraded":["Defend_R","Strike_R"]},{"damage_healed":0.0,"max_hp_gain":0.0,"max_hp_loss":0.0,"gold_gain":175.0,"event_name":"Liars Game","player_choice":"AGREE","floor":14.0,"gold_loss":0.0,"damage_taken":0.0,"cards_obtained":["Doubt"]}],"is_beta":false,"boss_relics":[],"items_purged_floors":[],"is_endless":false,"potions_floor_spawned":[1,5,13],"killed_by":"Hexaghost","ascension_level":0}}