{"host":"4ml9yfuv9l3eue62","time":1613526378,"event":{"mods":["AchievementEnabler","BaseMod","Colored Map","Colored Powertips","Hermit","Lobotomy","Marisa£¨Ùöéë¡¡Øª×âÞÞ£©","Minty Spire (QoL Compilation)","StSLib","The Cursed","The Hierophant"],"gold_per_floor":[117,131,159,179,140,140,140,140,140,140,153,167,167,167],"floor_reached":13,"language":"KOR","playtime":417,"items_purged":[],"score":77,"play_id":"b9f097f1-f293-47a1-bf81-52a153c9ec4d","local_time":"20210217104618","is_ascension_mode":false,"campfire_choices":[{"floor":6,"key":"REST"},{"floor":10,"key":"RECALL"}],"circlet_count":0,"master_deck":["hermit:Strike_Hermit","hermit:Strike_Hermit","hermit:Strike_Hermit","hermit:Strike_Hermit","hermit:Defend_Hermit","hermit:Defend_Hermit","hermit:Defend_Hermit","hermit:Defend_Hermit","hermit:Snapshot","hermit:Covet","hermit:HighNoon+1","hermit:LowProfile","hermit:DeadOrAlive","hermit:HighCaliber","hermit:Malice","hermit:SprayPray","hermit:Brawl+1"],"relics":["hermit:Momento","Frozen Egg 2"],"acts_visited":["Exordium"],"potions_floor_usage":[13],"damage_taken":[{"damage":0,"enemies":"2 Louse","floor":1,"turns":3},{"damage":4,"enemies":"Small Slimes","floor":2,"turns":4},{"damage":0,"enemies":"Cultist","floor":3,"turns":3},{"damage":34,"enemies":"3 Louse","floor":4,"turns":5},{"damage":14,"enemies":"Large Slime","floor":11,"turns":7},{"damage":14,"enemies":"Blue Slaver","floor":12,"turns":3},{"damage":35,"enemies":"Lagavulin","floor":13,"turns":3}],"seed_played":"8920328941926270880","potions_obtained":[{"floor":2,"key":"ColorlessPotion"},{"floor":11,"key":"Dexterity Potion"}],"is_trial":false,"path_per_floor":["M","M","M","M","?","R","?","?","T","R","M","M","E"],"character_chosen":"HERMIT","items_purchased":[],"campfire_rested":1,"item_purchase_floors":[],"current_hp_per_floor":[75,71,71,37,37,59,59,52,52,52,38,24,0,0],"gold":167,"neow_bonus":"ONE_RANDOM_RARE_CARD","is_daily":false,"chose_seed":false,"campfire_upgraded":0,"win_rate":0.0,"timestamp":1613526378,"path_taken":["M","M","M","M","?","R","?","?","T","R","?","M","E"],"items_purchased_type":[],"build_version":"2020-12-22","purchased_purges":0,"victory":false,"max_hp_per_floor":[75,75,75,75,75,75,75,75,75,75,75,75,75,75],"card_choices":[{"not_picked":["hermit:ItchyTrigger","hermit:Desperado"],"picked":"hermit:LowProfile","floor":1},{"not_picked":["hermit:Quickdraw","hermit:EyeOfTheStorm"],"picked":"hermit:DeadOrAlive","floor":2},{"not_picked":["hermit:Manifest","hermit:Desperado"],"picked":"hermit:HighCaliber","floor":3},{"not_picked":["hermit:FlashPowder","hermit:Ricochet"],"picked":"hermit:Malice","floor":4},{"not_picked":["hermit:Misfire","hermit:HoleUp"],"picked":"hermit:SprayPray","floor":11},{"not_picked":["hermit:Quickdraw","hermit:Enervate"],"picked":"hermit:Brawl+1","floor":12}],"player_experience":71541,"relics_obtained":[{"floor":9,"key":"Frozen Egg 2"}],"event_choices":[{"damage_healed":0,"gold_gain":0,"player_choice":"Left Gold","damage_taken":0,"max_hp_gain":0,"max_hp_loss":0,"event_name":"World of Goop","floor":5,"gold_loss":39},{"damage_healed":0,"gold_gain":0,"player_choice":"Grow","damage_taken":0,"max_hp_gain":0,"max_hp_loss":0,"event_name":"Living Wall","floor":7,"gold_loss":0,"cards_upgraded":["hermit:HighNoon"]},{"damage_healed":0,"gold_gain":0,"player_choice":"Damaged","damage_taken":7,"max_hp_gain":0,"max_hp_loss":0,"event_name":"Wheel of Change","floor":8,"gold_loss":0}],"is_beta":false,"boss_relics":[],"items_purged_floors":[],"is_endless":false,"potions_floor_spawned":[2,11],"killed_by":"Lagavulin","ascension_level":0}}