{"host":"j8yovnv8bf7xtkrl","time":1613575746,"event":{"mods":["BaseMod","Colored Powertips","Energized Spire","Minty Spire (QoL Compilation)","Replay The Spire","StSLib","The Construct","The Cursed","The Gatherer","The Hierophant","残留之物","篝火指南"],"gold_per_floor":[115,128,53,53,63,92,92,117,117,17,37,47,47,62,62,166,166,155,171,25,100,112,143,157,175,175,210,222,222,253,168,13,112,112,130,143,143,143,162,86,115,26,26,26,44,57,57,91,91,91,91,91,40,73,73],"floor_reached":56,"language":"ZHS","playtime":5389,"items_purged":["PlaceholderMod:BaseStrike","PlaceholderMod:BaseStrike"],"score":1079,"play_id":"5fe0f890-aea9-4aee-824e-43d65635feb2","local_time":"20210217232906","is_ascension_mode":false,"campfire_choices":[{"floor":7.0,"key":"RECALL"},{"floor":13.0,"key":"REST"},{"floor":15.0,"key":"REST"},{"data":"PlaceholderMod:Crystallization","floor":29.0,"key":"SMITH"},{"floor":47.0,"key":"REST"},{"data":"ReplayTheSpireMod:Brewmster","floor":49,"key":"SMITH"},{"data":"PlaceholderMod:Crystallization","floor":52,"key":"SMITH"}],"circlet_count":0,"master_deck":["PlaceholderMod:BaseStrike","PlaceholderMod:BaseStrike","PlaceholderMod:BaseDefend+1","PlaceholderMod:BaseDefend","PlaceholderMod:BaseDefend","PlaceholderMod:Crystal","PlaceholderMod:PoisonWhip","PlaceholderMod:CycleAttack","PlaceholderMod:RadicalHit","PlaceholderMod:Stable","PlaceholderMod:HardStinger+1","PlaceholderMod:TriggerStrike","PlaceholderMod:ThreeBenzyolStart","PlaceholderMod:HealingAttack","PlaceholderMod:Stratification","PlaceholderMod:AbsorbTouch","PlaceholderMod:ParasiteChange+1","PlaceholderMod:StrongAcid","PlaceholderMod:Assimilation","PlaceholderMod:HardStrike+1","PlaceholderMod:Corrosion","PlaceholderMod:Crystallization+1","PlaceholderMod:HighConcentration+1","PlaceholderMod:Inner","PlaceholderMod:Break+1","ReplayTheSpireMod:Brewmster+1","Parasite","PlaceholderMod:PoisonBlast","PlaceholderMod:Crystallization+1","ReplayTheSpireMod:Private Reserves","PlaceholderMod:Stable+1"],"relics":["PlaceholderMod:Tancle","Ice Cream","Du-Vu Doll","Empty Cage","ClockworkSouvenir","Singing Bowl","Anchor","PlaceholderMod:DaolothFragment","Replay:WaspNest","Counterbalance","Bronze Scales","Replay:Grab Bag","energizedSpire:SpiderWeb","SlaversCollar","construct:WeddingRing","Ring of Searing","Akabeko","Pen Nib","BranchBurnRelic","War Paint"],"acts_visited":["Exordium","TheCity","TheBeyond","TheEnding"],"potions_floor_usage":[50,50,54,54,55],"damage_taken":[{"damage":4.0,"enemies":"2 Louse","floor":1.0,"turns":3.0},{"damage":5.0,"enemies":"Cultist","floor":2.0,"turns":4.0},{"damage":5.0,"enemies":"Small Slimes","floor":5.0,"turns":4.0},{"damage":21.0,"enemies":"Lagavulin","floor":6.0,"turns":8.0},{"damage":40.0,"enemies":"3 Sentries","floor":8.0,"turns":8.0},{"damage":1.0,"enemies":"Exordium Wildlife","floor":11.0,"turns":3.0},{"damage":1.0,"enemies":"3 Louse","floor":12.0,"turns":3.0},{"damage":5.0,"enemies":"2 Fungi Beasts","floor":14.0,"turns":4.0},{"damage":62.0,"enemies":"Fading Forest","floor":16.0,"turns":11.0},{"damage":25.0,"enemies":"2 Thieves","floor":18.0,"turns":4.0},{"damage":15.0,"enemies":"Shell Parasite","floor":19.0,"turns":6.0},{"damage":6.0,"enemies":"3 Cultists","floor":22.0,"turns":6.0},{"damage":34.0,"enemies":"Gremlin Leader","floor":23.0,"turns":7.0},{"damage":13.0,"enemies":"Shelled Parasite and Fungi","floor":24.0,"turns":6.0},{"damage":7.0,"enemies":"Snake Plant","floor":25.0,"turns":4.0},{"damage":0.0,"enemies":"Replay:Snechameleon","floor":27.0,"turns":6.0},{"damage":4.0,"enemies":"Cultist and Chosen","floor":28.0,"turns":6.0},{"damage":23.0,"enemies":"Gremlin Leader","floor":30.0,"turns":6.0},{"damage":43.0,"enemies":"Collector","floor":33.0,"turns":8.0},{"damage":23.0,"enemies":"3 Darklings","floor":35.0,"turns":4.0},{"damage":0.0,"enemies":"Orb Walker","floor":36.0,"turns":3.0},{"damage":22.0,"enemies":"Writhing Mass","floor":39.0,"turns":6.0},{"damage":38.0,"enemies":"Nemesis","floor":41.0,"turns":5.0},{"damage":15.0,"enemies":"3 Darklings","floor":45.0,"turns":6.0},{"damage":35.0,"enemies":"Jaw Worm Horde","floor":46.0,"turns":3.0},{"damage":20,"enemies":"Reptomancer","floor":48,"turns":5},{"damage":9,"enemies":"Replay:Hell Engine","floor":50,"turns":7},{"damage":43,"enemies":"Shield and Spear","floor":54,"turns":4},{"damage":70,"enemies":"The Heart","floor":55,"turns":5}],"seed_played":"99643355225241672","potions_obtained":[{"floor":6.0,"key":"SneckoOil"},{"floor":8.0,"key":"Explosive Potion"},{"floor":12.0,"key":"Venom Potion"},{"floor":22.0,"key":"SpeedPotion"},{"floor":23.0,"key":"Fruit Juice"},{"floor":24.0,"key":"Flashbang"},{"floor":28.0,"key":"SpeedPotion"},{"floor":30.0,"key":"Fire Potion"},{"floor":39.0,"key":"ColorlessPotion"}],"is_trial":false,"path_per_floor":["M","M","$","?","M","E","R","E","T","$","M","M","R","M","R","B",null,"M","M","$","?","M","E","M","M","T","E","M","R","E","?","R","B",null,"M","M","?","?","M","R","E","$","T","?","M","M","R","E","R","B",null,"R","$","E","B",null],"character_chosen":"THE_PLACEHOLDER","items_purchased":["ClockworkSouvenir","Bronze Scales","PlaceholderMod:PoisonBlast","ReplayTheSpireMod:Private Reserves","PlaceholderMod:Stable+1"],"campfire_rested":3,"item_purchase_floors":[20,32,40,42,53],"current_hp_per_floor":[81,76,76,76,71,50,50,10,10,10,9,8,33,38,63,21,85,69,64,64,56,60,33,38,35,35,48,57,57,45,45,45,16,108,90,92,92,92,82,82,53,53,53,53,50,21,57,47,47,72,126,126,126,96,36],"gold":73,"neow_bonus":"TEN_PERCENT_HP_BONUS","is_daily":false,"chose_seed":false,"campfire_upgraded":3,"win_rate":0.0,"timestamp":1613575746,"path_taken":["M","M","$","?","M","E","R","E","T","$","?","M","R","M","R","BOSS","M","M","$","?","M","E","M","?","T","E","M","R","E","?","R","BOSS","M","M","?","?","M","R","E","$","T","?","M","M","R","E","R","BOSS","R","$","E","BOSS"],"items_purchased_type":["Relic","Relic","Card","Card","Card"],"build_version":"2020-12-22","purchased_purges":2,"victory":true,"max_hp_per_floor":[85,85,85,85,85,85,85,85,85,85,85,85,85,85,85,85,85,85,85,85,85,85,85,94,94,94,98,102,102,104,104,104,108,108,108,110,110,110,112,112,112,112,112,112,114,120,120,126,126,126,126,126,126,132,132],"card_choices":[{"not_picked":["PlaceholderMod:StressReaction","PlaceholderMod:ProliferateStrike"],"picked":"PlaceholderMod:CycleAttack","floor":1.0},{"not_picked":["PlaceholderMod:Turn","PlaceholderMod:AngryAttack"],"picked":"PlaceholderMod:RadicalHit","floor":2.0},{"not_picked":["PlaceholderMod:HornyCollision","PlaceholderMod:ParasiteChange"],"picked":"PlaceholderMod:Stable","floor":5.0},{"not_picked":["PlaceholderMod:Polyp","PlaceholderMod:PoisonAbsorb"],"picked":"PlaceholderMod:HardStinger","floor":6.0},{"not_picked":["PlaceholderMod:CycleAttack","PlaceholderMod:ContinueSpray"],"picked":"PlaceholderMod:TriggerStrike","floor":8.0},{"not_picked":["PlaceholderMod:PoisonExcitation","PlaceholderMod:OHStrongAttack"],"picked":"PlaceholderMod:ThreeBenzyolStart","floor":11.0},{"not_picked":["PlaceholderMod:EnergyAbsorb","PlaceholderMod:AttackAsDefend"],"picked":"PlaceholderMod:HealingAttack","floor":12.0},{"not_picked":["PlaceholderMod:TriggerStrike","PlaceholderMod:AttackAsDefend"],"picked":"PlaceholderMod:Stratification","floor":14.0},{"not_picked":["PlaceholderMod:CorePoison","PlaceholderMod:MultiReaction"],"picked":"PlaceholderMod:AbsorbTouch","floor":16.0},{"not_picked":["PlaceholderMod:StressReaction","PlaceholderMod:Turn"],"picked":"PlaceholderMod:ParasiteChange+1","floor":18.0},{"not_picked":["PlaceholderMod:ProliferateStrike","PlaceholderMod:RadicalHit"],"picked":"PlaceholderMod:StrongAcid","floor":19.0},{"not_picked":["PlaceholderMod:SprayAttack","PlaceholderMod:SpinBlade","PlaceholderMod:Turn"],"picked":"SKIP","floor":22.0},{"not_picked":["PlaceholderMod:ParasiteChange+1","PlaceholderMod:Polyp+1"],"picked":"PlaceholderMod:Assimilation","floor":23.0},{"not_picked":["PlaceholderMod:PoisonBlast","PlaceholderMod:SelectReaction"],"picked":"PlaceholderMod:HardStrike+1","floor":24.0},{"not_picked":["PlaceholderMod:ChainPoly","PlaceholderMod:OHStrongAttack"],"picked":"PlaceholderMod:Corrosion","floor":25.0},{"not_picked":["PlaceholderMod:HornyBlast","PlaceholderMod:HealingAttack"],"picked":"PlaceholderMod:Crystallization","floor":27.0},{"not_picked":["PlaceholderMod:ConsolidateHit+1","PlaceholderMod:StrongAcid"],"picked":"PlaceholderMod:HighConcentration+1","floor":28.0},{"not_picked":["PlaceholderMod:SpinBlade","PlaceholderMod:Colorful","PlaceholderMod:HardStrike+1"],"picked":"Singing Bowl","floor":30.0},{"not_picked":["PlaceholderMod:DoublePoint","PlaceholderMod:BlastSpray"],"picked":"PlaceholderMod:Inner","floor":33.0},{"not_picked":["PlaceholderMod:ComplexForm","PlaceholderMod:OHStrongAttack"],"picked":"PlaceholderMod:Break+1","floor":35.0},{"not_picked":["PlaceholderMod:DissolvingSpikes+1","PlaceholderMod:DirectingGroup","PlaceholderMod:OHStrongAttack"],"picked":"Singing Bowl","floor":36.0},{"not_picked":["Deep Breath","Enlightenment"],"picked":"ReplayTheSpireMod:Brewmster","floor":38.0},{"not_picked":["PlaceholderMod:Corrosion+1","PlaceholderMod:MultipleOxi","PlaceholderMod:StrongAcid"],"picked":"Singing Bowl","floor":39.0},{"not_picked":["PlaceholderMod:DissolvingSpikes+1","PlaceholderMod:MultipleOxi"],"picked":"PlaceholderMod:Crystallization","floor":41.0},{"not_picked":["PlaceholderMod:Internalization+1","PlaceholderMod:HardStrike","PlaceholderMod:InnerStable+1"],"picked":"Singing Bowl","floor":45.0},{"not_picked":["PlaceholderMod:InnerStable","PlaceholderMod:SprayAttack","PlaceholderMod:Sweep+1"],"picked":"Singing Bowl","floor":46.0},{"not_picked":["PlaceholderMod:StressReaction","PlaceholderMod:Package","PlaceholderMod:PoisonBlast+1"],"picked":"Singing Bowl","floor":48},{"not_picked":["PlaceholderMod:Turn+1","PlaceholderMod:HardStinger","PlaceholderMod:EvolutionSpray+1"],"picked":"Singing Bowl","floor":54}],"player_experience":229034,"relics_obtained":[{"floor":6.0,"key":"Ice Cream"},{"floor":8.0,"key":"Du-Vu Doll"},{"floor":23.0,"key":"Singing Bowl"},{"floor":26.0,"key":"Anchor"},{"floor":27.0,"key":"PlaceholderMod:DaolothFragment"},{"floor":30.0,"key":"Replay:WaspNest"},{"floor":37.0,"key":"Ring of Searing"},{"floor":41.0,"key":"Akabeko"},{"floor":43.0,"key":"Pen Nib"},{"floor":48,"key":"Dead Branch"},{"floor":54,"key":"War Paint"}],"event_choices":[{"cards_removed":["PlaceholderMod:BaseDefend"],"damage_healed":0.0,"max_hp_gain":0.0,"max_hp_loss":0.0,"gold_gain":0.0,"event_name":"Purifier","player_choice":"Purged","floor":4.0,"gold_loss":0.0,"damage_taken":0.0},{"damage_healed":0.0,"max_hp_gain":0.0,"max_hp_loss":0.0,"gold_gain":75.0,"event_name":"FaceTrader","player_choice":"Touch","floor":21.0,"gold_loss":0.0,"damage_taken":8.0},{"damage_healed":0.0,"max_hp_gain":0.0,"max_hp_loss":0.0,"gold_gain":0.0,"event_name":"Addict","player_choice":"Obtained Relic","floor":31.0,"gold_loss":85.0,"damage_taken":0.0,"relics_obtained":["Counterbalance"]},{"damage_healed":0.0,"max_hp_gain":0.0,"max_hp_loss":0.0,"gold_gain":0.0,"event_name":"SensoryStone","player_choice":"Memory 1","floor":38.0,"gold_loss":0.0,"damage_taken":0.0},{"damage_healed":0.0,"max_hp_gain":0.0,"max_hp_loss":0.0,"gold_gain":0.0,"event_name":"The Moai Head","player_choice":"Ignored","floor":44.0,"gold_loss":0.0,"damage_taken":0.0}],"is_beta":false,"boss_relics":[{"not_picked":["Replay:Wanted Poster","energizedSpire:NeverEndingSparkler"],"picked":"Empty Cage"},{"not_picked":["ChewingGum","Painkiller Herb"],"picked":"Replay:Grab Bag"},{"not_picked":["energizedSpire:RedRose","energizedSpire:StickyHand"],"picked":"energizedSpire:SpiderWeb"},{"not_picked":["Velvet Choker","energizedSpire:OgreHead"],"picked":"SlaversCollar"},{"not_picked":["Snecko Eye","Tiny House"],"picked":"construct:WeddingRing"}],"items_purged_floors":[3,10],"is_endless":false,"potions_floor_spawned":[6,8,12,22,23,24,28,30,39,45,46,48],"ascension_level":0}}