{"host":"vhifjdba66khcqwn","time":1613543524,"event":{"mods":["AchievementEnabler","BaseMod","Bestiary","Energized Spire","Minty Spire (QoL Compilation)","Practice Mode","Relic Stats","Spicy Shops","StSLib","slay the spire mod where everything is the same but ironclad has a cowboy hat"],"gold_per_floor":[211,211,229,240,240,270,270,304,304,330,330,295,295,308,308,325,342,371,371,446,446,446,525,525,544,554,127,160,177,227,227,255,255,255,267,267,267,299,316,348,358,358,358,358,432,432,451,496,339,349,367,589,620,620,646,664,664,664,664,664,690,706,706,706,722,722,722,722,722,722,5,39,39,39],"floor_reached":73,"language":"ENG","playtime":2163,"items_purged":["Writhe"],"score":2136,"play_id":"f2c1cb64-59f4-4102-8dcc-a27e9dae53f8","local_time":"20210216223204","is_ascension_mode":true,"campfire_choices":[{"floor":7.0,"key":"REST"},{"floor":13.0,"key":"REST"},{"floor":15.0,"key":"REST"},{"data":"Clothesline","floor":19.0,"key":"SMITH"},{"floor":22.0,"key":"REST"},{"floor":31.0,"key":"REST"},{"data":"True Grit","floor":33.0,"key":"SMITH"},{"data":"Seeing Red","floor":43,"key":"SMITH"},{"floor":44,"key":"REST"},{"data":"Offering","floor":54,"key":"SMITH"},{"floor":63,"key":"RECALL"},{"data":"Heavy Blade","floor":66,"key":"SMITH"},{"data":"Enlightenment","floor":67,"key":"SMITH"},{"data":"Impervious","floor":70,"key":"SMITH"}],"circlet_count":0,"master_deck":["AscendersBane","Strike_R","Strike_R+1","Strike_R","Strike_R","Strike_R+1","Defend_R","Defend_R+1","Defend_R","Defend_R","Bash+1","Headbutt","Wild Strike","Heavy Blade+1","Clothesline+1","Cleave","Twin Strike","Heavy Blade+1","Immolate+1","Seeing Red+1","Ghostly Armor","Power Through","Sword Boomerang+1","Impervious+1","Berserk+1","Inflame+1","True Grit+1","Offering+1","Shrug It Off","Intimidate+1","Metallicize+1","Whirlwind+1","Limit Break+1","Shockwave+1","Battle Trance","Limit Break","Enlightenment+1","Spot Weakness","Feel No Pain+1","Shrug It Off"],"relics":["Burning Blood","Dream Catcher","Frozen Egg 2","Red Skull","Pen Nib","Anchor","Molten Egg 2","Boot","SlaversCollar","Brimstone","Lee\u0027s Waffle","Red Mask","Bird Faced Urn","Potion Belt","Meat on the Bone","Bottled Tornado","Unceasing Top","Snecko Eye","TungstenRod","Oddly Smooth Stone","Mummified Hand","Centennial Puzzle","Kunai","Blood Vial","Vajra","TheAbacus","Whetstone","War Paint","Orichalcum"],"acts_visited":["Exordium","TheCity","TheBeyond","TheEnding"],"potions_floor_usage":[45,45,51,53,53,68,68,73,73,73,73,73,73,73,73],"damage_taken":[{"damage":4.0,"enemies":"Jaw Worm","floor":1.0,"turns":4.0},{"damage":1.0,"enemies":"Cultist","floor":3.0,"turns":3.0},{"damage":0.0,"enemies":"2 Louse","floor":4.0,"turns":2.0},{"damage":32.0,"enemies":"Gremlin Nob","floor":6.0,"turns":4.0},{"damage":46.0,"enemies":"Lagavulin","floor":8.0,"turns":6.0},{"damage":0.0,"enemies":"Blue Slaver","floor":14.0,"turns":2.0},{"damage":6.0,"enemies":"3 Louse","floor":16.0,"turns":3.0},{"damage":0.0,"enemies":"Exordium Wildlife","floor":17.0,"turns":2.0},{"damage":20.0,"enemies":"Gremlin Nob","floor":18.0,"turns":4.0},{"damage":29.0,"enemies":"Hexaghost","floor":20.0,"turns":7.0},{"damage":41.0,"enemies":"Hexaghost","floor":23.0,"turns":11.0},{"damage":12.0,"enemies":"2 Thieves","floor":25.0,"turns":2.0},{"damage":24.0,"enemies":"Spheric Guardian","floor":26.0,"turns":4.0},{"damage":48.0,"enemies":"Masked Bandits","floor":28.0,"turns":4.0},{"damage":10.0,"enemies":"Snake Plant","floor":29.0,"turns":3.0},{"damage":11.0,"enemies":"Gremlin Leader","floor":32.0,"turns":3.0},{"damage":37.0,"enemies":"Sentry and Sphere","floor":35.0,"turns":4.0},{"damage":19,"enemies":"Book of Stabbing","floor":38,"turns":3},{"damage":6,"enemies":"Snecko","floor":39,"turns":2},{"damage":19,"enemies":"Gremlin Leader","floor":40,"turns":3},{"damage":1,"enemies":"Centurion and Healer","floor":41,"turns":4},{"damage":17,"enemies":"Champ","floor":45,"turns":4},{"damage":9,"enemies":"3 Shapes","floor":47,"turns":2},{"damage":3,"enemies":"2 Orb Walkers","floor":48,"turns":2},{"damage":5,"enemies":"3 Darklings","floor":50,"turns":3},{"damage":44,"enemies":"Writhing Mass","floor":51,"turns":3},{"damage":0,"enemies":"Reptomancer","floor":53,"turns":2},{"damage":19,"enemies":"Nemesis","floor":55,"turns":4},{"damage":24,"enemies":"Jaw Worm Horde","floor":56,"turns":3},{"damage":2,"enemies":"Reptomancer","floor":61,"turns":4},{"damage":19,"enemies":"Maw","floor":62,"turns":5},{"damage":0,"enemies":"4 Shapes","floor":65,"turns":2},{"damage":32,"enemies":"Awakened One","floor":68,"turns":5},{"damage":33,"enemies":"Shield and Spear","floor":72,"turns":4},{"damage":61,"enemies":"The Heart","floor":73,"turns":3}],"seed_played":"-4371207538942038563","potions_obtained":[{"floor":4.0,"key":"PowerPotion"},{"floor":8.0,"key":"SpeedPotion"},{"floor":17.0,"key":"BlessingOfTheForge"},{"floor":20.0,"key":"BlessingOfTheForge"},{"floor":29.0,"key":"Explosive Potion"},{"floor":35,"key":"SneckoOil"},{"floor":40,"key":"DistilledChaos"},{"floor":41,"key":"ColorlessPotion"},{"floor":45,"key":"Strength Potion"},{"floor":48,"key":"FearPotion"},{"floor":50,"key":"Explosive Potion"},{"floor":53,"key":"ColorlessPotion"},{"floor":61,"key":"BlessingOfTheForge"},{"floor":65,"key":"DuplicationPotion"},{"floor":72,"key":"EntropicBrew"}],"is_trial":false,"path_per_floor":["M","?","M","M","?","E","R","E","T","T","T","?","R","M","R","M","M","E","R","B",null,"R","B",null,"M","M","$","?","M","?","R","E","R","?","M","T","T","E","M","E","M","$","R","R","B",null,"M","?","$","M","M","?","E","R","E","M","T","T","T","?","E","M","R","?","M","R","R","B",null,"R","$","E","B"],"character_chosen":"IRONCLAD","items_purchased":["Inflame+1","Brimstone","Lee\u0027s Waffle","True Grit","Oddly Smooth Stone","TheAbacus","Feel No Pain+1","Whetstone","War Paint","Dexterity Potion","GamblersBrew"],"campfire_rested":6,"item_purchase_floors":[27,27,27,27,49,71,71,71,71,71,71],"current_hp_per_floor":[70,70,75,75,57,31,53,13,13,13,13,31,53,59,75,75,75,61,61,38,38,60,25,63,57,39,82,40,36,36,60,55,55,55,26,26,26,27,43,44,53,53,53,77,71,79,81,82,82,82,56,56,64,64,55,51,51,51,51,67,77,68,68,59,69,69,69,49,74,74,74,55,0,0],"gold":39,"neow_bonus":"HUNDRED_GOLD","is_daily":false,"chose_seed":false,"campfire_upgraded":7,"win_rate":0.0,"timestamp":1613543524,"path_taken":["M","?","?","M","?","E","R","E","?","T","T","?","R","M","R","M","M","E","R","BOSS","R","BOSS","M","M","$","?","M","?","R","E","R","?","?","T","T","E","M","E","M","$","R","R","BOSS","M","?","$","M","M","?","E","R","E","M","T","T","?","?","E","M","R","?","M","R","R","BOSS","R","$","E","BOSS"],"items_purchased_type":["Card","Relic","Relic","Card","Relic","Relic","Card","Relic","Relic","Potion","Potion"],"build_version":"2020-12-22","purchased_purges":1,"victory":false,"max_hp_per_floor":[75,75,75,75,75,75,75,75,75,75,75,75,75,75,75,75,75,75,75,75,75,75,75,75,75,75,82,82,82,82,82,82,82,82,82,82,82,82,82,82,82,82,82,82,82,82,82,82,82,82,82,82,82,82,82,82,82,82,82,82,82,82,82,82,82,82,82,82,82,82,82,82,82,82],"relic_stats":{"Lee\u0027s Waffle":43,"counters":[35,126],"Pen Nib":[18],"Whetstone":["Strike_R","Strike_R"],"War Paint":["Defend_R","Limit Break"],"Orichalcum":[0],"Boot":[22],"Burning Blood":186,"Blood Vial":12,"Dream Catcher":6,"Centennial Puzzle":[18],"TheAbacus":[0],"Mummified Hand":[26],"Bird Faced Urn":[55],"Snecko Eye":[83,72,73,85],"Kunai":[6],"obtain_stats":[{"Vajra":61,"Whetstone":71,"Bottled Tornado":38,"Boot":18,"Burning Blood":0,"Blood Vial":59,"Dream Catcher":5,"Centennial Puzzle":55,"TheAbacus":71,"Mummified Hand":53,"Red Mask":28,"Kunai":57,"Red Skull":8,"Potion Belt":36,"Lee\u0027s Waffle":27,"Oddly Smooth Stone":49,"Pen Nib":9,"Frozen Egg 2":6,"War Paint":71,"Orichalcum":72,"SlaversCollar":24,"Anchor":10,"Brimstone":27,"Bird Faced Urn":32,"Snecko Eye":46,"Molten Egg 2":11,"Unceasing Top":40,"TungstenRod":48,"Meat on the Bone":37},{"Vajra":30,"Whetstone":33,"Bottled Tornado":18,"Boot":9,"Burning Blood":0,"Blood Vial":29,"Dream Catcher":3,"Centennial Puzzle":28,"TheAbacus":33,"Mummified Hand":27,"Red Mask":14,"Kunai":29,"Red Skull":5,"Potion Belt":17,"Lee\u0027s Waffle":13,"Oddly Smooth Stone":24,"Pen Nib":5,"Frozen Egg 2":4,"War Paint":33,"Orichalcum":34,"SlaversCollar":11,"Anchor":5,"Brimstone":13,"Bird Faced Urn":16,"Snecko Eye":22,"Molten Egg 2":5,"Unceasing Top":20,"TungstenRod":24,"Meat on the Bone":17},{"Vajra":107,"Whetstone":119,"Bottled Tornado":71,"Boot":30,"Burning Blood":0,"Blood Vial":103,"Dream Catcher":9,"Centennial Puzzle":100,"TheAbacus":119,"Mummified Hand":96,"Red Mask":58,"Kunai":103,"Red Skull":19,"Potion Belt":68,"Lee\u0027s Waffle":54,"Oddly Smooth Stone":88,"Pen Nib":19,"Frozen Egg 2":13,"War Paint":119,"Orichalcum":123,"SlaversCollar":48,"Anchor":19,"Brimstone":54,"Bird Faced Urn":64,"Snecko Eye":84,"Molten Egg 2":19,"Unceasing Top":76,"TungstenRod":88,"Meat on the Bone":68}],"Unceasing Top":[1],"TungstenRod":29,"Meat on the Bone":60},"card_choices":[{"not_picked":["Havoc","Evolve"],"picked":"Headbutt","floor":1.0},{"not_picked":["Perfected Strike","Burning Pact"],"picked":"Wild Strike","floor":3.0},{"not_picked":["Wild Strike","Sever Soul"],"picked":"Heavy Blade","floor":4.0},{"not_picked":["Heavy Blade","Warcry"],"picked":"Clothesline","floor":6.0},{"not_picked":["Perfected Strike","Exhume"],"picked":"Cleave","floor":7.0},{"not_picked":["Wild Strike","Headbutt"],"picked":"Twin Strike","floor":8.0},{"not_picked":["Warcry","Hemokinesis+1"],"picked":"Heavy Blade+1","floor":13.0},{"not_picked":["Sword Boomerang+1","Havoc"],"picked":"Immolate+1","floor":14.0},{"not_picked":["Heavy Blade+1","Cleave+1"],"picked":"Seeing Red","floor":15.0},{"not_picked":["Iron Wave+1","Headbutt+1"],"picked":"Ghostly Armor","floor":16.0},{"not_picked":["Warcry","Anger+1"],"picked":"Power Through","floor":17.0},{"not_picked":["Power Through","Warcry"],"picked":"Sword Boomerang+1","floor":18.0},{"not_picked":["Reaper+1","Offering"],"picked":"Impervious","floor":20.0},{"not_picked":["Bludgeon+1","Feed+1"],"picked":"Berserk+1","floor":23.0},{"not_picked":["Iron Wave+1","Cleave+1","Thunderclap+1"],"picked":"SKIP","floor":25.0},{"not_picked":["Havoc","Thunderclap+1","Heavy Blade+1"],"picked":"SKIP","floor":26.0},{"not_picked":["Wild Strike+1","Dark Embrace+1","Headbutt+1"],"picked":"SKIP","floor":29.0},{"not_picked":["Pummel+1","Feel No Pain+1"],"picked":"Offering","floor":31.0},{"not_picked":["Iron Wave+1","Body Slam+1"],"picked":"Shrug It Off","floor":32.0},{"not_picked":["Evolve+1","Flex","Warcry"],"picked":"SKIP","floor":35},{"not_picked":["Heavy Blade+1","Dark Embrace+1"],"picked":"Intimidate+1","floor":38},{"not_picked":["Clash+1","Sword Boomerang+1","Evolve+1"],"picked":"SKIP","floor":39},{"not_picked":["Sentinel+1","Heavy Blade+1"],"picked":"Metallicize+1","floor":40},{"not_picked":["Clash+1","Clothesline+1"],"picked":"Whirlwind+1","floor":41},{"not_picked":["Reaper+1","Exhume"],"picked":"Limit Break","floor":45},{"not_picked":["Armaments","Entrench"],"picked":"Shockwave+1","floor":47},{"not_picked":["Flex+1","Body Slam+1"],"picked":"Battle Trance","floor":48},{"not_picked":["Thunderclap+1","Flex","Clothesline+1"],"picked":"SKIP","floor":50},{"not_picked":["Iron Wave+1","Clash+1","Warcry"],"picked":"SKIP","floor":51},{"not_picked":["Clash+1","Sword Boomerang+1"],"picked":"Limit Break","floor":53},{"not_picked":["Body Slam+1","Heavy Blade+1","Juggernaut+1"],"picked":"SKIP","floor":55},{"not_picked":["Iron Wave+1","Havoc","Entrench"],"picked":"SKIP","floor":56},{"not_picked":["Headbutt+1","Anger+1","Hemokinesis+1"],"picked":"SKIP","floor":61},{"not_picked":["Cleave+1","Dropkick+1","Rupture+1"],"picked":"SKIP","floor":62},{"not_picked":["Good Instincts","Forethought"],"picked":"Enlightenment","floor":64},{"not_picked":["Iron Wave+1","Sever Soul+1"],"picked":"Spot Weakness","floor":65},{"not_picked":["Wild Strike+1","Sever Soul+1"],"picked":"Shrug It Off","floor":72}],"player_experience":1188290,"relics_obtained":[{"floor":6.0,"key":"Frozen Egg 2"},{"floor":8.0,"key":"Red Skull"},{"floor":9.0,"key":"Pen Nib"},{"floor":10.0,"key":"Anchor"},{"floor":11.0,"key":"Molten Egg 2"},{"floor":18.0,"key":"Boot"},{"floor":28.0,"key":"Red Mask"},{"floor":32.0,"key":"Bird Faced Urn"},{"floor":36,"key":"Potion Belt"},{"floor":37,"key":"Meat on the Bone"},{"floor":38,"key":"Bottled Tornado"},{"floor":40,"key":"Unceasing Top"},{"floor":48,"key":"TungstenRod"},{"floor":53,"key":"Mummified Hand"},{"floor":55,"key":"Centennial Puzzle"},{"floor":57,"key":"Kunai"},{"floor":59,"key":"Blood Vial"},{"floor":61,"key":"Vajra"},{"floor":72,"key":"Orichalcum"}],"event_choices":[{"damage_healed":0.0,"max_hp_gain":0.0,"max_hp_loss":0.0,"gold_gain":0.0,"event_name":"Upgrade Shrine","player_choice":"Upgraded","floor":2.0,"gold_loss":0.0,"damage_taken":0.0,"cards_upgraded":["Bash"]},{"damage_healed":0.0,"max_hp_gain":0.0,"max_hp_loss":0.0,"gold_gain":0.0,"event_name":"Scrap Ooze","player_choice":"Success","floor":5.0,"gold_loss":0.0,"damage_taken":18.0,"relics_obtained":["Dream Catcher"]},{"damage_healed":18.0,"max_hp_gain":0.0,"max_hp_loss":0.0,"gold_gain":0.0,"event_name":"The Cleric","player_choice":"Healed","floor":12.0,"gold_loss":35.0,"damage_taken":0.0},{"damage_healed":0.0,"max_hp_gain":0.0,"max_hp_loss":0.0,"gold_gain":0.0,"event_name":"Masked Bandits","player_choice":"Fought Bandits","floor":28.0,"gold_loss":0.0,"damage_taken":0.0},{"damage_healed":0.0,"max_hp_gain":0.0,"max_hp_loss":0.0,"gold_gain":50.0,"event_name":"Nest","player_choice":"Stole From Cult","floor":30.0,"gold_loss":0.0,"damage_taken":0.0},{"damage_healed":0.0,"max_hp_gain":0.0,"max_hp_loss":0.0,"gold_gain":0.0,"event_name":"Beggar","player_choice":"Ignored","floor":34.0,"gold_loss":0.0,"damage_taken":0.0},{"damage_healed":0,"gold_gain":0,"player_choice":"Fight","damage_taken":0,"max_hp_gain":0,"max_hp_loss":0,"event_name":"Mysterious Sphere","floor":48,"gold_loss":0},{"damage_healed":0,"gold_gain":222,"player_choice":"Wore Mask","damage_taken":0,"max_hp_gain":0,"max_hp_loss":0,"event_name":"Tomb of Lord Red Mask","floor":52,"gold_loss":0},{"damage_healed":16,"gold_gain":0,"player_choice":"Writhe","damage_taken":0,"max_hp_gain":0,"max_hp_loss":0,"event_name":"Winding Halls","floor":60,"gold_loss":0,"cards_obtained":["Writhe"]},{"damage_healed":0,"gold_gain":0,"player_choice":"Memory 3","damage_taken":10,"max_hp_gain":0,"max_hp_loss":0,"event_name":"SensoryStone","floor":64,"gold_loss":0}],"is_beta":false,"boss_relics":[{"not_picked":["energizedSpire:HugeHouse","energizedSpire:NeverEndingSparkler"],"picked":"SlaversCollar"},{"not_picked":["energizedSpire:DeadBattery","energizedSpire:OgreHead"],"picked":"Snecko Eye"}],"items_purged_floors":[71],"is_endless":false,"potions_floor_spawned":[4,8,17,18,20,29,35,40,41,45,48,50,53,61,65,72],"killed_by":"The Heart","ascension_level":16}}