{"host":"8yg5xi2a6w9qkgsw","time":1613594643,"event":{"mods":["AchievementEnabler","BaseMod","Block Reminder","Colored Powertips","Minty Spire (QoL Compilation)","MonsterHotkey","Random Character Button","Relic Stats"],"gold_per_floor":[12,28,44,56,21,54,54,54,123,137,137,151,170,170,170,265,265,289,214,250,250,268,308,308,342,342,442,442,442],"floor_reached":28,"language":"ENG","playtime":3153,"items_purged":["Strike_R"],"score":508,"play_id":"b417ab3b-5740-430a-8409-ffd4463b871e","local_time":"20210217214403","is_ascension_mode":true,"campfire_choices":[{"data":"Dual Wield","floor":7,"key":"SMITH"},{"data":"Immolate","floor":11,"key":"SMITH"},{"data":"Pummel","floor":15,"key":"SMITH"},{"data":"Flame Barrier","floor":24,"key":"SMITH"}],"circlet_count":0,"master_deck":["AscendersBane","Strike_R","Strike_R","Defend_R","Defend_R","Defend_R","Bash","Pummel+1","Brutality","Flame Barrier+1","Clothesline","Shockwave","Immolate+1","Dual Wield+1","Feel No Pain","Berserk","Thunderclap","Double Tap","Iron Wave+1","Warcry","Shrug It Off","Dual Wield+1","Clumsy"],"relics":["Burning Blood","StoneCalendar","Golden Idol","Sundial","Cursed Key","Red Mask","Ancient Tea Set","Champion Belt","Letter Opener"],"acts_visited":["Exordium","TheCity"],"potions_floor_usage":[4,6,16,23,25],"damage_taken":[{"damage":14,"enemies":"Jaw Worm","floor":1,"turns":4},{"damage":7,"enemies":"Small Slimes","floor":2,"turns":4},{"damage":8,"enemies":"2 Louse","floor":3,"turns":3},{"damage":25,"enemies":"Exordium Wildlife","floor":4,"turns":6},{"damage":15,"enemies":"Gremlin Nob","floor":6,"turns":4},{"damage":6,"enemies":"2 Fungi Beasts","floor":10,"turns":3},{"damage":15,"enemies":"Lots of Slimes","floor":12,"turns":3},{"damage":17,"enemies":"Looter","floor":13,"turns":4},{"damage":3,"enemies":"Slime Boss","floor":16,"turns":5},{"damage":6,"enemies":"3 Byrds","floor":18,"turns":4},{"damage":14,"enemies":"Masked Bandits","floor":20,"turns":4},{"damage":28,"enemies":"Chosen","floor":22,"turns":5},{"damage":16,"enemies":"Gremlin Leader","floor":23,"turns":6},{"damage":41,"enemies":"Book of Stabbing","floor":25,"turns":6},{"damage":21,"enemies":"3 Cultists","floor":28,"turns":4}],"seed_played":"2390638988926333146","potions_obtained":[{"floor":1,"key":"SkillPotion"},{"floor":2,"key":"EssenceOfSteel"},{"floor":6,"key":"DuplicationPotion"},{"floor":13,"key":"Strength Potion"},{"floor":16,"key":"FairyPotion"},{"floor":23,"key":"SpeedPotion"}],"is_trial":false,"path_per_floor":["M","M","M","M","?","E","R","?","T","M","R","M","M","?","R","B",null,"M","$","?","?","M","E","R","E","T","?","M"],"character_chosen":"IRONCLAD","items_purchased":[],"campfire_rested":0,"item_purchase_floors":[],"current_hp_per_floor":[64,63,61,42,62,53,53,33,33,33,33,24,13,39,39,42,71,71,71,63,63,41,31,31,20,20,20,0,0],"gold":442,"neow_bonus":"TRANSFORM_TWO_CARDS","is_daily":false,"chose_seed":false,"campfire_upgraded":4,"win_rate":0.0,"timestamp":1613594643,"path_taken":["M","M","M","M","?","E","R","?","T","M","R","?","M","?","R","BOSS","M","$","?","?","M","E","R","E","T","?","?"],"items_purchased_type":[],"build_version":"2020-12-22","purchased_purges":1,"victory":false,"max_hp_per_floor":[80,80,80,80,80,80,80,80,80,80,80,80,80,80,80,80,80,80,80,80,80,80,80,80,80,80,80,80,80],"relic_stats":{"counters":[15,65],"Golden Idol":60,"Sundial":[4],"StoneCalendar":[0],"Champion Belt":[3],"Letter Opener":[15],"Cursed Key":1,"obtain_stats":[{"Golden Idol":8,"Sundial":9,"StoneCalendar":6,"Red Mask":20,"Champion Belt":25,"Letter Opener":26,"Cursed Key":17,"Ancient Tea Set":23,"Burning Blood":0},{"Golden Idol":5,"Sundial":5,"StoneCalendar":5,"Red Mask":11,"Champion Belt":14,"Letter Opener":14,"Cursed Key":9,"Ancient Tea Set":13,"Burning Blood":0},{"Golden Idol":21,"Sundial":21,"StoneCalendar":21,"Red Mask":44,"Champion Belt":61,"Letter Opener":61,"Cursed Key":36,"Ancient Tea Set":55,"Burning Blood":0}],"Burning Blood":84},"card_choices":[{"not_picked":["Rage","Warcry"],"picked":"Flame Barrier","floor":1},{"not_picked":["Entrench","Cleave"],"picked":"Clothesline","floor":2},{"not_picked":["Wild Strike","Clash"],"picked":"Shockwave","floor":3},{"not_picked":["True Grit","Twin Strike"],"picked":"Immolate","floor":4},{"not_picked":["Wild Strike","Havoc"],"picked":"Dual Wield","floor":6},{"not_picked":["Power Through","Pommel Strike"],"picked":"Feel No Pain","floor":10},{"not_picked":["Twin Strike","Warcry"],"picked":"Berserk","floor":12},{"not_picked":["Bloodletting","Clash"],"picked":"Thunderclap","floor":13},{"not_picked":["Berserk","Offering"],"picked":"Double Tap","floor":16},{"not_picked":["Shrug It Off","Clash"],"picked":"Iron Wave+1","floor":18},{"not_picked":["Clash","Carnage"],"picked":"Warcry","floor":20},{"not_picked":["Combust","Body Slam","Flex"],"picked":"SKIP","floor":22},{"not_picked":["Uppercut","Perfected Strike"],"picked":"Shrug It Off","floor":23},{"not_picked":["Armaments","Sword Boomerang"],"picked":"Dual Wield+1","floor":25}],"player_experience":1522798,"relics_obtained":[{"floor":6,"key":"StoneCalendar"},{"floor":9,"key":"Sundial"},{"floor":20,"key":"Red Mask"},{"floor":23,"key":"Ancient Tea Set"},{"floor":25,"key":"Champion Belt"},{"floor":26,"key":"Letter Opener"}],"event_choices":[{"damage_healed":20,"gold_gain":0,"player_choice":"Healed","damage_taken":0,"max_hp_gain":0,"max_hp_loss":0,"event_name":"The Cleric","floor":5,"gold_loss":35},{"damage_healed":0,"gold_gain":0,"player_choice":"Take Damage","damage_taken":20,"relics_obtained":["Golden Idol"],"max_hp_gain":0,"max_hp_loss":0,"event_name":"Golden Idol","floor":8,"gold_loss":0},{"damage_healed":26,"gold_gain":0,"player_choice":"Banana","damage_taken":0,"max_hp_gain":0,"max_hp_loss":0,"event_name":"Big Fish","floor":14,"gold_loss":0},{"damage_healed":0,"gold_gain":0,"player_choice":"Fought Bandits","damage_taken":0,"max_hp_gain":0,"max_hp_loss":0,"event_name":"Masked Bandits","floor":20,"gold_loss":0},{"cards_removed":["Strike_R"],"damage_healed":0,"gold_gain":0,"player_choice":"Elegance","damage_taken":0,"max_hp_gain":0,"max_hp_loss":0,"event_name":"Back to Basics","floor":21,"gold_loss":0},{"damage_healed":0,"gold_gain":100,"player_choice":"Pray","damage_taken":0,"max_hp_gain":0,"max_hp_loss":0,"event_name":"Golden Shrine","floor":27,"gold_loss":0}],"is_beta":false,"boss_relics":[{"not_picked":["Black Star","Empty Cage"],"picked":"Cursed Key"}],"items_purged_floors":[19],"is_endless":false,"potions_floor_spawned":[1,2,6,13,16,22,23],"killed_by":"3 Cultists","ascension_level":13}}