{"host":"jfbo3eu2ui08ej1u","time":1613598222,"event":{"mods":["2.2 Compatiblity","AchievementEnabler","Act Like it!","Aspiration","BaseMod","Better Altar","Better Match","Better Note","Better Sensory Stone","Better Skull","Better Third Choice","Block Reminder","Colored Map","Colored Powertips","Conspire","DeckTracker","Displayed Cursed Tome","Energized Spire","Fox Events","GifTheSpireLib","Hermit","Hubris","Infinite Spire","Marked Mod","Minty Spire (QoL Compilation)","Monster B Gone","Pale of the Ancients","Poor People Problems","Quick Restart","Relic Filter","Reliquary","Reorder Act Four","Replay The Spire","Shop Mod","Spicy Shops","Spire Arcade","StSLib","Stuff the Spire","The Blue Laboratory","The Disciple","The Forsaken","The Hierophant","The Marked","Uncapped","Unceasing Turn Reminder","Wandering Minibosses"],"gold_per_floor":[117,129,140,140,140,140,160,191,191,10,22,22,33,64,64,143,143,143,143],"floor_reached":18,"language":"ENG","playtime":729,"items_purged":[],"score":344,"play_id":"4d7f2a57-5a79-4019-9adf-9ba8f33aadbf","local_time":"20210217164342","is_ascension_mode":true,"campfire_choices":[{"data":"PathToVictory","floor":6.0,"key":"SMITH"},{"floor":12.0,"key":"REST"},{"data":"MarkedMod:OneThousandNeedles","floor":15.0,"key":"SMITH"}],"circlet_count":0,"master_deck":["AscendersBane","Strike_P","Strike_P","Defend_P","Defend_P","Defend_P","Defend_P","Eruption","Vigilance","Replay:ManipulateFuture","PathToVictory+1","Meditate","Weave","MarkedMod:PinPointDefense","DeceiveReality","DeceiveReality","MarkedMod:GentlePulse","MarkedMod:OneThousandNeedles+1","Establishment"],"relics":["PureWater","Eternal Feather","Toy Ornithopter","reliquary:MudwinsCradle","StuffTheSpire:Barrel","reliquary:KinkedSpring"],"acts_visited":["Exordium","TheCity"],"potions_floor_usage":[],"damage_taken":[{"damage":7.0,"enemies":"2 Louse","floor":1.0,"turns":3.0},{"damage":2.0,"enemies":"Jaw Worm","floor":2.0,"turns":7.0},{"damage":2.0,"enemies":"Cultist","floor":3.0,"turns":3.0},{"damage":1.0,"enemies":"Looter","floor":7.0,"turns":4.0},{"damage":34.0,"enemies":"Lagavulin","floor":8.0,"turns":7.0},{"damage":14.0,"enemies":"Lots of Slimes","floor":11.0,"turns":6.0},{"damage":8.0,"enemies":"Blue Slaver","floor":13.0,"turns":6.0},{"damage":1.0,"enemies":"Replay:BlueRogue","floor":14.0,"turns":6.0},{"damage":4,"enemies":"The Guardian","floor":16,"turns":9},{"damage":82,"enemies":"conspire:FuzzyDice","floor":18,"turns":6}],"seed_played":"-5692900157443998459","potions_obtained":[{"floor":1.0,"key":"blueLaboratory:EnragingPotion"},{"floor":3.0,"key":"blueLaboratory:CorrosionFlask"},{"floor":13.0,"key":"blueLaboratory:NullPotion"},{"floor":14.0,"key":"EssenceOfSteel"}],"is_trial":false,"path_per_floor":["M","M","M","?","?","R","M","E","T","$","M","R","M","E","R","B",null,"M"],"character_chosen":"WATCHER","items_purchased":["DeceiveReality","MarkedMod:GentlePulse"],"campfire_rested":1,"item_purchase_floors":[10,10],"current_hp_per_floor":[54,52,50,45,45,51,50,16,16,16,2,31,23,22,31,27,58,0,0],"gold":143,"neow_bonus":"REMOVE_CARD","is_daily":false,"chose_seed":false,"campfire_upgraded":2,"win_rate":0.0,"timestamp":1613598222,"path_taken":["M","M","M","?","?","R","M","E","T","$","?","R","M","E","R","BOSS","M"],"items_purchased_type":["Card","Card"],"build_version":"2020-12-22","purchased_purges":0,"victory":false,"max_hp_per_floor":[68,68,68,68,68,68,68,68,68,68,68,68,68,68,68,68,68,68,68],"card_choices":[{"not_picked":["Replay:AtTheReady","WreathOfFlame"],"picked":"Replay:ManipulateFuture","floor":1.0},{"not_picked":["ForeignInfluence","SignatureMove"],"picked":"PathToVictory","floor":2.0},{"not_picked":["Tantrum","FlurryOfBlows"],"picked":"Meditate","floor":3.0},{"not_picked":["Vengeance","JustLucky"],"picked":"MarkedMod:PinPointDefense","floor":7.0},{"not_picked":["Devotion","EmptyFist"],"picked":"DeceiveReality","floor":8.0},{"not_picked":["MarkedMod:FirstStrike","WheelKick","BattleHymn"],"picked":"SKIP","floor":11.0},{"not_picked":["Tantrum","Replay:BluntJabs","FearNoEvil"],"picked":"SKIP","floor":13.0},{"not_picked":["MarkedMod:Acupuncture","ReachHeaven"],"picked":"MarkedMod:OneThousandNeedles","floor":14.0},{"not_picked":["Omniscience","MarkedMod:SlowDance"],"picked":"Establishment","floor":16}],"player_experience":1335593,"relics_obtained":[{"floor":8.0,"key":"Toy Ornithopter"},{"floor":9.0,"key":"reliquary:MudwinsCradle"},{"floor":14.0,"key":"StuffTheSpire:Barrel"}],"event_choices":[{"damage_healed":0.0,"max_hp_gain":0.0,"max_hp_loss":0.0,"gold_gain":0.0,"event_name":"betterThird:BetterScrap","player_choice":"Relic ","floor":4.0,"gold_loss":0.0,"damage_taken":5.0,"cards_obtained":["Juggernaut"]},{"damage_healed":0.0,"max_hp_gain":0.0,"max_hp_loss":0.0,"gold_gain":0.0,"cards_transformed":["Strike_P"],"event_name":"Transmorgrifier","player_choice":"Transformed","floor":5.0,"gold_loss":0.0,"damage_taken":0.0,"cards_obtained":["Weave"]}],"is_beta":false,"boss_relics":[{"not_picked":["energizedSpire:StickyHand","infinitespire:Cupcake"],"picked":"reliquary:KinkedSpring"}],"items_purged_floors":[],"is_endless":false,"potions_floor_spawned":[1,3,13,14,16],"killed_by":"conspire:FuzzyDice","ascension_level":20}}