{"host":"k1qq3tnzhl68zvao","time":1613583428,"event":{"mods":["ATMod(阿瑾Mod)","AchievementEnabler","BaseMod","Colored Powertips","Conspire","DeckTracker","Downfall","Energized Spire","GifTheSpireLib","Minty Spire (QoL Compilation)","Quick Restart","Relic Filter Mod","Replay The Spire","Spicy Shops","StSLib","【遗物卡牌】REMEMod"],"gold_per_floor":[114,131,281,281,291,316,316,316,362,382,410,23,34,54,54,127,127,141,231,244,258,51,51,81,81,81,115,132,157,175,203,203,276,276,291,301,86,97,111,138,138,169,169,198,218,218,264,274,274,274,274,274,5,40,40],"floor_reached":56,"language":"ZHS","playtime":2800,"items_purged":["Doubt","Strike_R","Parasite"],"score":2700,"play_id":"33ba42e3-bbf6-45e8-babe-ca0496b158ad","local_time":"20210218013708","is_ascension_mode":true,"campfire_choices":[{"data":"AT_ShrugMaster","floor":7.0,"key":"SMITH"},{"data":"AT_LightSaberMaster","floor":15.0,"key":"SMITH"},{"data":"ReplayTheSpireMod:Strike From Hell","floor":23,"key":"SMITH"},{"data":"Pommel Strike","floor":25,"key":"SMITH"},{"data":"Feel No Pain","floor":32,"key":"SMITH"},{"floor":41,"key":"RECALL"},{"data":"Feel No Pain+1","floor":46,"key":"SMITH"},{"data":"Feel No Pain+2","floor":49,"key":"SMITH"},{"data":"Feel No Pain+3","floor":52,"key":"SMITH"}],"circlet_count":0,"master_deck":["AscendersBane","Strike_R","Strike_R","Strike_R","Defend_R","Defend_R","Defend_R","Bash","AT_BreakingExtremeWeapon+1","Double Tap","Flex","AT_IchimonjiDouble","AT_ShrugMaster+1","AT_BodySlamDance+1","Twin Strike","AT_LightSaberMaster+1","Spot Weakness+1","Shockwave+1","ReplayTheSpireMod:Strike From Hell+1","Armaments+1","Pommel Strike+1","Feel No Pain+4","Feed","Rage+1"],"relics":["Black Blood","AT_ATBox","REME_ComplimentaryCards","Boot","Toxic Egg 2","Orichalcum","Bag of Preparation","AT_GreenNoBalance","Centennial Puzzle","Membership Card","Toy Ornithopter","Turnip","InkBottle","ReplayFunnel","MealTicket","Empty Cage","AT_Manta","conspire:TopHat","Replay:Wax Seal","conspire:InfiniteJournal","Pocketwatch","AT_SpeedBoots","Ice Cream","Sling","AT_SunfireAegis","Replay:Arrowhead"],"acts_visited":["Exordium","TheCity","TheBeyond","TheEnding"],"potions_floor_usage":[24,39,48,55],"damage_taken":[{"damage":8.0,"enemies":"Small Slimes","floor":1.0,"turns":2.0},{"damage":14.0,"enemies":"Jaw Worm","floor":2.0,"turns":4.0},{"damage":1.0,"enemies":"Cultist","floor":5.0,"turns":3.0},{"damage":35.0,"enemies":"3 Sentries","floor":6.0,"turns":6.0},{"damage":0.0,"enemies":"Large Slime","floor":10.0,"turns":5.0},{"damage":0.0,"enemies":"Lagavulin","floor":11.0,"turns":3.0},{"damage":4.0,"enemies":"Looter","floor":13.0,"turns":3.0},{"damage":7.0,"enemies":"Lots of Slimes","floor":14.0,"turns":4.0},{"damage":22.0,"enemies":"The Guardian","floor":16.0,"turns":8.0},{"damage":16.0,"enemies":"2 Thieves","floor":18.0,"turns":4.0},{"damage":6.0,"enemies":"3 Byrds","floor":20.0,"turns":2.0},{"damage":21,"enemies":"Shelled Parasite and Fungi","floor":21,"turns":2},{"damage":23,"enemies":"conspire:SneckoGhost","floor":24,"turns":4},{"damage":31,"enemies":"conspire:MimicChest","floor":27,"turns":5},{"damage":0,"enemies":"Cultist and Chosen","floor":28,"turns":1},{"damage":11,"enemies":"conspire:Head Lice","floor":29,"turns":6},{"damage":0,"enemies":"Sentry and Sphere","floor":30,"turns":3},{"damage":0,"enemies":"REME_1_Revenger","floor":31,"turns":2},{"damage":0,"enemies":"Champ","floor":33,"turns":3},{"damage":5,"enemies":"Orb Walker","floor":35,"turns":2},{"damage":7,"enemies":"3 Shapes","floor":36,"turns":3},{"damage":45,"enemies":"Jaw Worm Horde","floor":38,"turns":3},{"damage":0,"enemies":"Transient","floor":39,"turns":1},{"damage":28,"enemies":"Reptomancer","floor":40,"turns":5},{"damage":0,"enemies":"Giant Head","floor":42,"turns":3},{"damage":0,"enemies":"Nemesis","floor":44,"turns":5},{"damage":6,"enemies":"3 Darklings","floor":45,"turns":4},{"damage":39,"enemies":"2 Orb Walkers","floor":47,"turns":5},{"damage":0,"enemies":"Writhing Mass","floor":48,"turns":4},{"damage":40,"enemies":"conspire:OrnateMirror","floor":50,"turns":5},{"damage":6,"enemies":"Shield and Spear","floor":54,"turns":2},{"damage":48,"enemies":"The Heart","floor":55,"turns":6}],"seed_played":"5795108498744315204","potions_obtained":[{"floor":2.0,"key":"Explosive Potion"},{"floor":6.0,"key":"DuplicationPotion"},{"floor":10.0,"key":"Fire Potion"},{"floor":11.0,"key":"Fire Potion"},{"floor":18.0,"key":"Strength Potion"},{"floor":24,"key":"LiquidMemories"},{"floor":36,"key":"DistilledChaos"},{"floor":38,"key":"BloodPotion"},{"floor":39,"key":"Adrenaline Potion"}],"is_trial":false,"path_per_floor":["M","M","?","?","M","E","R","?","T","M","E","$","M","M","R","B",null,"M","?","M","M","$","R","E","R","T","?","M","E","M","E","R","B",null,"M","M","$","M","M","E","R","E","T","E","M","R","?","M","R","B",null,"R","$","E","B",null],"character_chosen":"IRONCLAD","items_purchased":["AT_LightSaberMaster","AT_SilverBalance","Membership Card","AT_Manta","AT_SpeedBoots","Ice Cream","Sling","AT_SunfireAegis"],"campfire_rested":0,"item_purchase_floors":[12,12,22,37,53,53,53,53],"current_hp_per_floor":[73,65,65,39,44,15,15,15,15,21,27,27,43,40,40,25,68,37,5,47,32,32,32,30,30,30,22,53,54,66,78,78,82,82,82,85,85,55,88,72,72,84,84,88,88,88,64,81,81,56,85,85,91,91,60],"gold":40,"neow_bonus":"TEN_PERCENT_HP_BONUS","is_daily":false,"chose_seed":false,"campfire_upgraded":8,"win_rate":0.0,"timestamp":1613583428,"path_taken":["M","M","?","?","M","E","R","?","T","M","E","$","M","?","R","BOSS","M","?","M","?","$","R","E","R","T","?","M","E","M","E","R","BOSS","M","M","$","M","M","E","R","E","T","E","M","R","?","M","R","BOSS","R","$","E","BOSS"],"items_purchased_type":["Card","Relic","Relic","Relic","Relic","Relic","Relic","Relic"],"build_version":"2020-12-22","purchased_purges":3,"victory":true,"max_hp_per_floor":[82,82,82,82,82,82,82,82,82,82,82,82,82,82,82,82,82,82,82,82,82,82,82,82,82,82,82,82,82,82,82,82,82,82,82,85,85,88,88,88,88,88,88,88,88,88,91,91,91,94,94,94,91,91,91],"card_choices":[{"not_picked":["conspire:Charge","Evolve"],"picked":"Flex","floor":1.0},{"not_picked":["Dual Wield","Reckless Charge"],"picked":"AT_IchimonjiDouble","floor":2.0},{"not_picked":["Havoc","Replay:Undeath\u0027s Touch","Sword Boomerang"],"picked":"SKIP","floor":5.0},{"not_picked":["Demon Form","Bloodletting+1"],"picked":"AT_ShrugMaster","floor":6.0},{"not_picked":["REME_Scribble+1","Anger"],"picked":"AT_BodySlamDance+1","floor":10.0},{"not_picked":["Havoc+1","Warcry+1"],"picked":"Twin Strike","floor":11.0},{"not_picked":["Flame Barrier+1","Metallicize"],"picked":"Spot Weakness+1","floor":13.0},{"not_picked":["REME_SingleHolding+1","Flame Barrier+1","Sentinel+1"],"picked":"SKIP","floor":14.0},{"not_picked":["Iron Wave","REME_FearOfPain+1"],"picked":"Shockwave+1","floor":18.0},{"not_picked":["Clothesline","Sword Boomerang+1"],"picked":"ReplayTheSpireMod:Strike From Hell","floor":19.0},{"not_picked":["Clothesline","AT_ManFootWork+1"],"picked":"Armaments+1","floor":20.0},{"not_picked":["Fiend Fire","Sword Boomerang"],"picked":"Pommel Strike","floor":21},{"not_picked":["Sentinel+1","AT_ManFootWork+1","Whirlwind"],"picked":"SKIP","floor":24},{"not_picked":["Havoc+1","Searing Blow+1"],"picked":"Feel No Pain","floor":27},{"not_picked":["Shrug It Off+1","Spot Weakness+1","Massacre"],"picked":"SKIP","floor":28},{"not_picked":["Dark Embrace","AT_CaressingTears+1","ReplayTheSpireMod:Limb From Limb"],"picked":"SKIP","floor":29},{"not_picked":["Pommel Strike","Warcry+1","Heavy Blade"],"picked":"SKIP","floor":30},{"not_picked":["Berserk","Perfected Strike+1","Flex+1"],"picked":"SKIP","floor":31},{"not_picked":["Impervious+1","Demonic Infusion+1"],"picked":"Feed","floor":33},{"not_picked":["Havoc+1","Cleave+1","Hemokinesis"],"picked":"SKIP","floor":35},{"not_picked":["Rupture","Abandon+1","Havoc+1"],"picked":"SKIP","floor":36},{"not_picked":["AT_DiedThrough+1","Perfected Strike","Heavy Blade+1"],"picked":"SKIP","floor":38},{"not_picked":["Metallicize+1","Clash","AT_BodySlamDance+1"],"picked":"SKIP","floor":39},{"not_picked":["Seeing Red+1","Disarm+1","Sever Soul+1"],"picked":"SKIP","floor":40},{"not_picked":["AT_BodySlamDance+1","Demonic Infusion+1"],"picked":"Rage+1","floor":42},{"not_picked":["Havoc+1","AT_ShrugMaster","Cleave"],"picked":"SKIP","floor":44},{"not_picked":["Pummel","Rage+1","Replay:Undeath\u0027s Touch+1"],"picked":"SKIP","floor":45},{"not_picked":["Replay:Undeath\u0027s Touch","Clothesline","Twin Strike"],"picked":"SKIP","floor":48},{"not_picked":["Replay:Many Hands+1","Anger+1","Perfected Strike+1"],"picked":"SKIP","floor":54}],"player_experience":597074,"relics_obtained":[{"floor":6.0,"key":"Toxic Egg 2"},{"floor":9.0,"key":"Orichalcum"},{"floor":11.0,"key":"Bag of Preparation"},{"floor":19.0,"key":"Centennial Puzzle"},{"floor":24,"key":"Toy Ornithopter"},{"floor":26,"key":"Turnip"},{"floor":27,"key":"InkBottle"},{"floor":29,"key":"ReplayFunnel"},{"floor":31,"key":"MealTicket"},{"floor":40,"key":"conspire:TopHat"},{"floor":42,"key":"Replay:Wax Seal"},{"floor":44,"key":"conspire:InfiniteJournal"},{"floor":47,"key":"Pocketwatch"},{"floor":54,"key":"Replay:Arrowhead"}],"event_choices":[{"damage_healed":0.0,"max_hp_gain":0.0,"max_hp_loss":0.0,"gold_gain":150.0,"event_name":"Liars Game","player_choice":"AGREE","floor":3.0,"gold_loss":0.0,"damage_taken":0.0,"cards_obtained":["Doubt"]},{"damage_healed":0.0,"max_hp_gain":0.0,"max_hp_loss":0.0,"gold_gain":0.0,"event_name":"Scrap Ooze","player_choice":"Success","floor":4.0,"gold_loss":0.0,"damage_taken":26.0,"relics_obtained":["Boot"]},{"damage_healed":0.0,"max_hp_gain":0.0,"max_hp_loss":0.0,"gold_gain":0.0,"event_name":"Upgrade Shrine","player_choice":"Upgraded","floor":8.0,"gold_loss":0.0,"damage_taken":0.0,"cards_upgraded":["AT_BreakingExtremeWeapon"]},{"damage_healed":0,"gold_gain":0,"player_choice":"Fight","damage_taken":0,"max_hp_gain":0,"max_hp_loss":0,"event_name":"Mysterious Sphere","floor":47,"gold_loss":0}],"is_beta":false,"boss_relics":[{"not_picked":["energizedSpire:OgreHead","energizedSpire:CursedPentagram"],"picked":"Black Blood"},{"not_picked":["energizedSpire:DecayingSkull","energizedSpire:NeverEndingSparkler"],"picked":"Empty Cage"}],"items_purged_floors":[22,37,53],"is_endless":false,"potions_floor_spawned":[2,6,10,11,14,18,24,28,29,30,31,36,38,39,44],"ascension_level":18}}