{"host":"mi3u80pf7q3ts3zd","time":1613541931,"event":{"mods":["BaseMod","BetterRewards","Colored Map","Colored Powertips","Hermit","Marisa????????","Minty Spire (QoL Compilation)","Rare Cards Sparkle","Replay The Spire","StSLib","The Animator","The Cursed","The Jungle","The Necromancer","The Servant 0.9.4"],"gold_per_floor":[119,119,119,151,167,167,21,21,95,95,95,115,143,143,143,238,363,343,218,69,82,93,93,107,206,231,231,231],"floor_reached":27,"language":"ENG","playtime":2713,"items_purged":[],"score":228,"play_id":"fc92205e-9776-48bc-8925-ccd6d4bd584f","local_time":"20210216230531","is_ascension_mode":false,"campfire_choices":[{"data":"animator:Gillette","floor":6,"key":"SMITH"},{"data":"animator:Defend_Konosuba","floor":8,"key":"SMITH"},{"data":"animator:Strike_Konosuba","floor":11,"key":"SMITH"},{"floor":15,"key":"REST"},{"floor":23,"key":"REST"}],"circlet_count":0,"master_deck":["animator:Strike_Konosuba+1","animator:Defend_Konosuba+1","animator:Strike","animator:Strike","animator:Strike","animator:Defend","animator:Defend","animator:Defend","animator:Kazuma","animator:Gillette+1","animator:Arpeggio","animator:RoryMercury","animator:MetalKnight","animator:Mitsuba","animator:Gilgamesh+2","animator:Envy"],"relics":["animator:LivingPicture","animator:TheMissingPiece","animator:PurgingStone","Lee\u0027s Waffle","Replay:Wanted Poster","animator:CerealBox","Strawberry","Regal Pillow"],"acts_visited":["Exordium","TheCity"],"potions_floor_usage":[13],"damage_taken":[{"damage":1,"enemies":"2 Louse","floor":1,"turns":4},{"damage":0,"enemies":"Cultist","floor":4,"turns":4},{"damage":1,"enemies":"Small Slimes","floor":5,"turns":4},{"damage":15,"enemies":"Blue Slaver","floor":12,"turns":4},{"damage":8,"enemies":"2 Fungi Beasts","floor":13,"turns":3},{"damage":39,"enemies":"Slime Boss","floor":16,"turns":15},{"damage":20,"enemies":"2 Thieves","floor":18,"turns":4},{"damage":19,"enemies":"Chosen","floor":21,"turns":8},{"damage":57,"enemies":"Sentry and Sphere","floor":22,"turns":7},{"damage":28,"enemies":"Snecko","floor":24,"turns":7},{"damage":24,"enemies":"Shelled Parasite and Fungi","floor":27,"turns":5}],"seed_played":"5621917084251878475","potions_obtained":[{"floor":12,"key":"Explosive Potion"},{"floor":13,"key":"CultistPotion"},{"floor":16,"key":"Block Potion"}],"is_trial":false,"path_per_floor":["M","?","$","M","M","R","$","R","T","?","R","M","M","?","R","B",null,"M","$","$","M","M","R","M","?","T","M"],"character_chosen":"THE_ANIMATOR","items_purchased":["Lee\u0027s Waffle","animator:CerealBox","Strawberry"],"campfire_rested":2,"item_purchase_floors":[7,19,20],"current_hp_per_floor":[71,72,72,72,72,72,80,80,80,80,80,65,57,57,80,41,80,60,60,67,48,19,45,17,17,17,0,0],"gold":231,"neow_bonus":"TEN_PERCENT_HP_BONUS","is_daily":false,"chose_seed":false,"campfire_upgraded":3,"win_rate":0.0,"timestamp":1613541931,"path_taken":["M","?","?","M","M","R","$","R","T","?","R","M","M","?","R","BOSS","M","?","$","M","M","R","M","?","T","M"],"items_purchased_type":["Relic","Relic","Relic"],"build_version":"2020-12-22","purchased_purges":0,"victory":false,"max_hp_per_floor":[72,72,72,72,73,73,80,80,80,80,80,80,80,80,80,80,80,80,80,87,87,87,87,87,87,87,87,87],"card_choices":[{"not_picked":["animator:YuiTsuruno","animator:Togame"],"picked":"animator:Gillette","floor":1},{"not_picked":["animator:Kazuma","animator:Darkness"],"picked":"animator:Arpeggio","floor":4},{"not_picked":["animator:DolaRiku","animator:DolaCouronne"],"picked":"animator:RoryMercury","floor":5},{"not_picked":["animator:MumenRider","animator:SilverFang"],"picked":"animator:MetalKnight","floor":12},{"not_picked":["animator:GazelDwargon","animator:Scar"],"picked":"animator:Mitsuba","floor":13},{"not_picked":["animator:Albedo","animator:Wiz"],"picked":"animator:Gilgamesh","floor":16},{"not_picked":["animator:IrohaTamaki","animator:Benimaru","animator:Kazuma"],"picked":"SKIP","floor":18},{"not_picked":["animator:Sora","animator:OrikoMikuni","animator:Gluttony"],"picked":"SKIP","floor":21},{"not_picked":["animator:DolaRiku","animator:MaesHughes+1"],"picked":"animator:Envy","floor":24}],"player_experience":392228,"relics_obtained":[{"floor":26,"key":"Regal Pillow"}],"event_choices":[{"cards_removed":["animator:Aqua"],"damage_healed":1,"gold_gain":0,"player_choice":"Offered Uncommon","damage_taken":0,"max_hp_gain":0,"max_hp_loss":0,"event_name":"Bonfire Elementals","floor":2,"gold_loss":0},{"damage_healed":0,"gold_gain":0,"player_choice":"Leave","damage_taken":0,"max_hp_gain":0,"max_hp_loss":0,"event_name":"FaceTrader","floor":14,"gold_loss":0},{"damage_healed":0,"gold_gain":99,"player_choice":"Stole From Cult","damage_taken":0,"max_hp_gain":0,"max_hp_loss":0,"event_name":"Nest","floor":25,"gold_loss":0}],"is_beta":false,"boss_relics":[{"not_picked":["Replay:Drink Me","Ectoplasm"],"picked":"Replay:Wanted Poster"}],"items_purged_floors":[],"is_endless":false,"potions_floor_spawned":[12,13,16],"killed_by":"Shelled Parasite and Fungi","ascension_level":0}}