{"host":"zxkjcgzis4pm3za5","time":1613572787,"event":{"mods":["2.2 Compatiblity","AchievementEnabler","BaseMod","Colored Map","Colored Powertips","Minty Spire (QoL Compilation)","Quick Restart","Random Character Button","Relic Filter Mod","Relic Sorter","Relic Stats","StSLib"],"gold_per_floor":[15,27,27,48,69,69,109,109,109,134,134,134,168,192,192,287,287,308,328,342,267,5,5,41,41,67,67,67,94,111,126,126,126,126],"floor_reached":33,"language":"ENG","playtime":1140,"items_purged":["Defend_B"],"score":769,"play_id":"9686125a-f9fb-45f8-ab93-218a19f52be6","local_time":"20210217200947","is_ascension_mode":true,"campfire_choices":[{"data":"Beam Cell","floor":6,"key":"SMITH"},{"data":"Leap","floor":8,"key":"SMITH"},{"data":"Coolheaded","floor":12,"key":"SMITH"},{"data":"Zap","floor":15,"key":"SMITH"},{"data":"Dualcast","floor":23,"key":"SMITH"},{"floor":25,"key":"RECALL"},{"floor":32,"key":"REST"}],"circlet_count":0,"master_deck":["AscendersBane","Defend_B","Defend_B","Defend_B","Zap+1","Dualcast+1","Gash","Gash","Beam Cell+1","Leap+1","Coolheaded+1","Conserve Battery+1","Hologram+1","Rainbow+1","Defragment+1","Chaos+1","Darkness+1","Steam+1","Rebound","Reboot+1","Gash","Flash of Steel","Steam+1","Gash","Go for the Eyes+1","Steam+1","Leap+1"],"relics":["Cracked Core","FossilizedHelix","Bloody Idol","Bottled Lightning","Matryoshka","Toxic Egg 2","Astrolabe","Bottled Flame","Molten Egg 2","Potion Belt","Kunai"],"acts_visited":["Exordium","TheCity"],"potions_floor_usage":[5,20,24,33],"damage_taken":[{"damage":8,"enemies":"2 Louse","floor":1,"turns":2},{"damage":0,"enemies":"Jaw Worm","floor":2,"turns":3},{"damage":0,"enemies":"Cultist","floor":4,"turns":3},{"damage":0,"enemies":"Exordium Thugs","floor":5,"turns":3},{"damage":24,"enemies":"Gremlin Nob","floor":7,"turns":4},{"damage":3,"enemies":"Blue Slaver","floor":10,"turns":3},{"damage":6,"enemies":"Lagavulin","floor":13,"turns":5},{"damage":0,"enemies":"2 Fungi Beasts","floor":14,"turns":3},{"damage":0,"enemies":"Hexaghost","floor":16,"turns":9},{"damage":0,"enemies":"Spheric Guardian","floor":18,"turns":3},{"damage":0,"enemies":"Chosen","floor":19,"turns":4},{"damage":8,"enemies":"Snake Plant","floor":20,"turns":2},{"damage":0,"enemies":"Slavers","floor":24,"turns":4},{"damage":17,"enemies":"Gremlin Leader","floor":29,"turns":5},{"damage":12,"enemies":"3 Cultists","floor":30,"turns":6},{"damage":0,"enemies":"Shelled Parasite and Fungi","floor":31,"turns":7},{"damage":54,"enemies":"Collector","floor":33,"turns":9}],"seed_played":"-5748743991670031586","potions_obtained":[{"floor":1,"key":"Fire Potion"},{"floor":10,"key":"Explosive Potion"},{"floor":14,"key":"SkillPotion"},{"floor":20,"key":"Fire Potion"},{"floor":30,"key":"Dexterity Potion"},{"floor":31,"key":"PowerPotion"}],"is_trial":false,"path_per_floor":["M","M","?","M","M","R","E","R","T","M","?","R","E","M","R","B",null,"M","M","M","?","$","R","E","R","T","?","?","E","M","M","R","B"],"character_chosen":"DEFECT","items_purchased":["Gash","Flash of Steel","Steam+1"],"campfire_rested":1,"item_purchase_floors":[22,22,22],"current_hp_per_floor":[56,56,56,56,56,56,32,32,32,29,29,29,23,23,23,23,54,54,54,46,46,46,46,46,46,46,46,46,34,27,32,51,0,0],"gold":126,"neow_bonus":"ONE_RARE_RELIC","is_daily":false,"chose_seed":false,"campfire_upgraded":5,"win_rate":0.0,"timestamp":1613572787,"path_taken":["M","M","?","M","M","R","E","R","T","M","?","R","E","M","R","BOSS","M","?","M","?","$","R","E","R","T","?","?","E","M","M","R","BOSS"],"items_purchased_type":["Card","Card","Card"],"build_version":"2020-12-22","purchased_purges":1,"victory":false,"max_hp_per_floor":[71,71,64,64,64,64,64,64,64,64,64,64,64,64,64,64,64,64,64,64,64,64,64,64,64,64,64,64,64,64,64,64,64,64],"relic_stats":{"counters":[17,75],"Bloody Idol":15,"Astrolabe":["Defragment","Chaos","Darkness"],"Kunai":[9],"obtain_stats":[{"Potion Belt":26,"Bottled Flame":24,"Matryoshka":9,"Golden Idol":3,"Astrolabe":17,"Bloody Idol":27,"Molten Egg 2":26,"Bottled Lightning":7,"Kunai":29,"Toxic Egg 2":13,"Cracked Core":0,"FossilizedHelix":0},{"Potion Belt":13,"Bottled Flame":13,"Matryoshka":5,"Golden Idol":2,"Astrolabe":9,"Bloody Idol":13,"Molten Egg 2":13,"Bottled Lightning":5,"Kunai":14,"Toxic Egg 2":7,"Cracked Core":0,"FossilizedHelix":0},{"Potion Belt":48,"Bottled Flame":48,"Matryoshka":15,"Golden Idol":5,"Astrolabe":35,"Bloody Idol":48,"Molten Egg 2":48,"Bottled Lightning":15,"Kunai":53,"Toxic Egg 2":23,"Cracked Core":0,"FossilizedHelix":0}]},"card_choices":[{"not_picked":["Capacitor","Streamline"],"picked":"Gash","floor":1},{"not_picked":["Streamline","Compile Driver"],"picked":"Gash","floor":2},{"not_picked":["Self Repair","Skim"],"picked":"Beam Cell","floor":4},{"not_picked":["Turbo","Stack"],"picked":"Leap","floor":5},{"not_picked":["Meteor Strike","Turbo","Darkness"],"picked":"SKIP","floor":7},{"not_picked":["Conserve Battery","Chill"],"picked":"Coolheaded","floor":10},{"not_picked":["Double Energy+1","Coolheaded+1"],"picked":"Conserve Battery+1","floor":13},{"not_picked":["Hello World","Stack+1"],"picked":"Hologram+1","floor":14},{"not_picked":["Thunder Strike","Buffer"],"picked":"Rainbow+1","floor":16},{"not_picked":["Ball Lightning","Coolheaded+1"],"picked":"Steam+1","floor":18},{"not_picked":["Hello World","Streamline"],"picked":"Rebound","floor":19},{"not_picked":["Compile Driver+1","Beam Cell"],"picked":"Reboot+1","floor":20},{"not_picked":["Coolheaded+1","Stack+1"],"picked":"Gash","floor":24},{"not_picked":["Hologram+1","Hello World"],"picked":"Go for the Eyes+1","floor":29},{"not_picked":["Conserve Battery+1","Tempest+1"],"picked":"Steam+1","floor":30},{"not_picked":["White Noise+1","Go for the Eyes+1"],"picked":"Leap+1","floor":31}],"player_experience":384836,"relics_obtained":[{"floor":7,"key":"Bottled Lightning"},{"floor":9,"key":"Matryoshka"},{"floor":13,"key":"Toxic Egg 2"},{"floor":24,"key":"Bottled Flame"},{"floor":26,"key":"Molten Egg 2"},{"floor":26,"key":"Potion Belt"},{"floor":29,"key":"Kunai"}],"event_choices":[{"damage_healed":0,"gold_gain":0,"player_choice":"Lose Max HP","damage_taken":0,"relics_obtained":["Golden Idol"],"max_hp_gain":0,"max_hp_loss":7,"event_name":"Golden Idol","floor":3,"gold_loss":0},{"damage_healed":0,"gold_gain":0,"cards_transformed":["Strike_B"],"player_choice":"Transformed","damage_taken":0,"max_hp_gain":0,"max_hp_loss":0,"event_name":"Transmorgrifier","floor":11,"gold_loss":0,"cards_obtained":["Darkness"]},{"cards_removed":["Darkness"],"damage_healed":0,"gold_gain":0,"player_choice":"Gave Gold","damage_taken":0,"max_hp_gain":0,"max_hp_loss":0,"event_name":"Beggar","floor":21,"gold_loss":75},{"damage_healed":0,"gold_gain":0,"player_choice":"Gave Idol","damage_taken":0,"relics_obtained":["Bloody Idol"],"max_hp_gain":0,"max_hp_loss":0,"event_name":"Forgotten Altar","floor":27,"relics_lost":["Golden Idol"],"gold_loss":0},{"damage_healed":0,"gold_gain":0,"player_choice":"Ignored","damage_taken":0,"max_hp_gain":0,"max_hp_loss":0,"event_name":"Vampires","floor":28,"gold_loss":0}],"is_beta":false,"boss_relics":[{"not_picked":["FrozenCore","Empty Cage"],"picked":"Astrolabe"}],"items_purged_floors":[22],"is_endless":false,"potions_floor_spawned":[1,10,14,16,20,30,31],"killed_by":"Collector","ascension_level":20}}