{"host":"pyjsji1xtq3ga0i3","time":1613599425,"event":{"mods":["AchievementEnabler","BaseMod","Block Reminder","Colored Map","Colored Powertips","Highlight Path","Minty Spire (QoL Compilation)","Relic Sorter"],"gold_per_floor":[116,134,152,152,167,167,200,218,218,178,212,226,226,251,251,251,251],"floor_reached":16,"language":"ENG","playtime":1004,"items_purged":[],"score":128,"play_id":"1af4d1d9-e6d0-433f-878d-ba10eb411965","local_time":"20210217170345","is_ascension_mode":true,"campfire_choices":[{"data":"Streamline","floor":6,"key":"SMITH"},{"floor":13,"key":"REST"},{"data":"Zap","floor":15,"key":"SMITH"}],"circlet_count":0,"master_deck":["Strike_B","Strike_B","Strike_B","Strike_B","Defend_B","Defend_B","Defend_B","Defend_B","Zap+1","Dualcast","Rebound","Capacitor","Compile Driver","Streamline+1","White Noise","Tempest","Capacitor","Conserve Battery"],"relics":["Cracked Core","Bag of Marbles","Orichalcum","Bronze Scales","Omamori","Matryoshka","Bottled Tornado"],"acts_visited":["Exordium"],"potions_floor_usage":[8,12,12],"damage_taken":[{"damage":1,"enemies":"Cultist","floor":1,"turns":3},{"damage":0,"enemies":"2 Louse","floor":2,"turns":1},{"damage":0,"enemies":"Small Slimes","floor":3,"turns":2},{"damage":4,"enemies":"Looter","floor":5,"turns":2},{"damage":20,"enemies":"Lagavulin","floor":7,"turns":6},{"damage":0,"enemies":"Exordium Thugs","floor":8,"turns":3},{"damage":9,"enemies":"3 Sentries","floor":11,"turns":5},{"damage":2,"enemies":"Exordium Wildlife","floor":12,"turns":4},{"damage":22,"enemies":"Gremlin Nob","floor":14,"turns":4},{"damage":6,"enemies":"Hexaghost","floor":16,"turns":7}],"seed_played":"-252191451552423185","potions_obtained":[{"floor":7,"key":"Fire Potion"},{"floor":10,"key":"Ancient Potion"},{"floor":10,"key":"Dexterity Potion"},{"floor":10,"key":"GamblersBrew"},{"floor":14,"key":"PotionOfCapacity"}],"is_trial":false,"path_per_floor":["M","M","M","?","M","R","E","M","T","?","E","M","R","E","R","B"],"character_chosen":"DEFECT","items_purchased":[],"campfire_rested":1,"item_purchase_floors":[],"current_hp_per_floor":[74,74,74,41,37,37,17,17,17,17,8,6,28,6,6,0,0],"gold":251,"neow_bonus":"RANDOM_COMMON_RELIC","is_daily":false,"chose_seed":false,"campfire_upgraded":2,"win_rate":0.0,"timestamp":1613599425,"path_taken":["M","M","?","?","M","R","E","M","T","?","E","M","R","E","R","BOSS"],"items_purchased_type":[],"build_version":"2020-12-22","purchased_purges":0,"victory":false,"max_hp_per_floor":[75,75,75,75,75,75,75,75,75,75,75,75,75,75,75,75,75],"card_choices":[{"not_picked":["Beam Cell","Undo"],"picked":"Rebound","floor":1},{"not_picked":["Stack","Ball Lightning"],"picked":"Capacitor","floor":2},{"not_picked":["Darkness","Beam Cell"],"picked":"Compile Driver","floor":3},{"not_picked":["Stack","Hologram"],"picked":"Streamline","floor":5},{"not_picked":["Auto Shields","Amplify","Compile Driver"],"picked":"SKIP","floor":7},{"not_picked":["Compile Driver","Barrage"],"picked":"White Noise","floor":8},{"not_picked":["Stack","Lockon"],"picked":"Tempest","floor":11},{"not_picked":["Compile Driver","FTL"],"picked":"Capacitor","floor":12},{"not_picked":["Leap","Rip and Tear"],"picked":"Conserve Battery","floor":14}],"player_experience":494198,"relics_obtained":[{"floor":7,"key":"Bronze Scales"},{"floor":9,"key":"Omamori"},{"floor":11,"key":"Matryoshka"},{"floor":14,"key":"Bottled Tornado"}],"event_choices":[{"damage_healed":0,"gold_gain":0,"player_choice":"Success","damage_taken":33,"relics_obtained":["Orichalcum"],"max_hp_gain":0,"max_hp_loss":0,"event_name":"Scrap Ooze","floor":4,"gold_loss":0},{"damage_healed":0,"gold_gain":0,"player_choice":"Bought 3 Potions","damage_taken":0,"max_hp_gain":0,"max_hp_loss":0,"event_name":"The Woman in Blue","floor":10,"gold_loss":0}],"is_beta":false,"boss_relics":[],"items_purged_floors":[],"is_endless":false,"potions_floor_spawned":[7,11,14],"killed_by":"Hexaghost","ascension_level":1}}