{"host":"1eshbq9n813iloto","time":1613571138,"event":{"mods":["BaseMod","Better Third Choice","Hubris","Infinite Spire","Minty Spire (QoL Compilation)","StSLib"],"gold_per_floor":[115,135,35,54,54,86,86,104,130,130,130,141,141,70,70,170,170,181,96,96,96,107,107,107,107],"floor_reached":24,"language":"ENG","playtime":1178,"items_purged":["Strike_B"],"score":194,"play_id":"871cc4b3-a8ce-42c0-9c45-46bc518a8b90","local_time":"20210217091218","is_ascension_mode":false,"campfire_choices":[{"floor":7,"key":"REST"},{"floor":13,"key":"REST"},{"data":"Hologram","floor":15,"key":"SMITH"},{"data":"Steam Power","floor":23,"key":"SMITH"}],"circlet_count":0,"master_deck":["Strike_B","Strike_B","Strike_B","Defend_B+1","Defend_B","Defend_B","Defend_B+1","Zap","Dualcast","Beam Cell","Beam Cell","Gash","Sweeping Beam","Hologram+1","Regret","Steam","Steam Power+1","All For One","Rebound+1"],"relics":["FrozenCore","Vajra","hubris:SphereOfDissonance","War Paint","Tiny Chest"],"acts_visited":["Exordium","TheCity"],"potions_floor_usage":[16,16,16,22,24],"damage_taken":[{"damage":2,"enemies":"Jaw Worm","floor":1,"turns":4},{"damage":4,"enemies":"2 Louse","floor":2,"turns":2},{"damage":3,"enemies":"Small Slimes","floor":4,"turns":3},{"damage":31,"enemies":"Lagavulin","floor":6,"turns":6},{"damage":2,"enemies":"Blue Slaver","floor":8,"turns":2},{"damage":0,"enemies":"3 Louse","floor":12,"turns":2},{"damage":37,"enemies":"Slime Boss","floor":16,"turns":8},{"damage":10,"enemies":"2 Thieves","floor":18,"turns":4},{"damage":12,"enemies":"3 Byrds","floor":22,"turns":5},{"damage":53,"enemies":"Book of Stabbing","floor":24,"turns":7}],"seed_played":"605671987616149879","potions_obtained":[{"floor":2,"key":"SkillPotion"},{"floor":8,"key":"SteroidPotion"},{"floor":12,"key":"Strength Potion"},{"floor":18,"key":"AttackPotion"},{"floor":22,"key":"SkillPotion"}],"is_trial":false,"path_per_floor":["M","M","$","M","?","E","R","M","T","?","?","M","R","$","R","B",null,"M","?","?","$","M","R","E"],"character_chosen":"DEFECT","items_purchased":["Gash","Steam Power"],"campfire_rested":2,"item_purchase_floors":[3,14],"current_hp_per_floor":[73,69,69,66,66,35,57,55,55,37,37,37,59,59,59,22,75,65,65,65,65,53,53,0,0],"gold":107,"neow_bonus":"RANDOM_COMMON_RELIC","is_daily":false,"chose_seed":false,"campfire_upgraded":2,"win_rate":0.0,"timestamp":1613571138,"path_taken":["M","M","$","M","?","E","R","M","T","?","?","?","R","$","R","BOSS","M","?","?","$","M","R","E"],"items_purchased_type":["Card","Card"],"build_version":"2020-12-13","purchased_purges":1,"victory":false,"max_hp_per_floor":[75,75,75,75,75,75,75,75,75,75,75,75,75,75,75,75,75,75,75,75,75,75,75,75,75],"card_choices":[{"not_picked":["Storm","Static Discharge"],"picked":"Beam Cell","floor":1},{"not_picked":["Hologram","Melter"],"picked":"Beam Cell","floor":2},{"not_picked":["Ball Lightning","Redo"],"picked":"Sweeping Beam","floor":4},{"not_picked":["Double Energy","Sweeping Beam","Lockon"],"picked":"SKIP","floor":6},{"not_picked":["Capacitor","Barrage"],"picked":"Hologram","floor":8},{"not_picked":["infinitespire:Punishment","hubris:Fate"],"picked":"hubris:InfiniteBlow","floor":10},{"not_picked":["Biased Cognition","Stack"],"picked":"Steam","floor":12},{"not_picked":["Multi-Cast","Echo Form"],"picked":"All For One","floor":16},{"not_picked":["Genetic Algorithm","Chaos"],"picked":"Rebound+1","floor":18},{"not_picked":["Static Discharge+1","Fusion","Melter"],"picked":"SKIP","floor":22}],"player_experience":33212,"relics_obtained":[{"floor":6,"key":"hubris:SphereOfDissonance"},{"floor":9,"key":"War Paint"}],"event_choices":[{"damage_healed":66,"gold_gain":0,"player_choice":"Leave","damage_taken":0,"max_hp_gain":0,"max_hp_loss":75,"event_name":"betterThird:BetterShining","floor":5,"gold_loss":0},{"cards_removed":["hubris:InfiniteBlow"],"damage_healed":0,"gold_gain":0,"player_choice":"Took Card","damage_taken":0,"max_hp_gain":0,"max_hp_loss":0,"event_name":"NoteForYourself","floor":11,"gold_loss":0,"cards_obtained":["Regret"]},{"damage_healed":0,"gold_gain":0,"player_choice":"Obtained Relic","damage_taken":0,"relics_obtained":["Tiny Chest"],"max_hp_gain":0,"max_hp_loss":0,"event_name":"Addict","floor":19,"gold_loss":85},{"damage_healed":0,"gold_gain":0,"player_choice":"Ignored","damage_taken":0,"max_hp_gain":0,"max_hp_loss":0,"event_name":"Ghosts","floor":20,"gold_loss":0}],"is_beta":false,"boss_relics":[{"not_picked":["infinitespire:Cupcake","Astrolabe"],"picked":"FrozenCore"}],"items_purged_floors":[3],"is_endless":false,"potions_floor_spawned":[2,8,12,18,22],"killed_by":"Book of Stabbing","ascension_level":0}}