{"host":"uxjsgyia3bdyayt0","time":1613566936,"event":{"mods":["AchievementEnabler","Act Like it!","BaseMod","Downfall","Elementarium","Gensokyo","Hallownest","KinomotoSakuraMod(木之本?)","Koishi","Lobotomy","Marisa（霧雨　魔理沙）","Menagerie","Minty Spire (QoL Compilation)","Pale of the Ancients","Prisma Mod","Reimu（博??梦）","Remilia（蕾米莉?）","Replay The Spire","Ruina","StSLib","The Bug Knight","The Jungle","The Senshi","The Servant 0.9.4","Yakumo Yukari mod","Yuyuko"],"gold_per_floor":[99,111,127,127,127,143,169,185,203,203,203,216,216,216,228,326,326,326,342,342,67,87,98,98,98,98],"floor_reached":25,"language":"ENG","playtime":1692,"items_purged":["ClowCardTheShield"],"score":220,"play_id":"178fe950-95ff-4f01-b83e-c83e9c8b8faf","local_time":"20210217130216","is_ascension_mode":false,"campfire_choices":[{"data":"SpellCardSeal","floor":1,"key":"SMITH"},{"floor":11,"key":"REST"},{"data":"ClowCardTheSilent","floor":13,"key":"SMITH"},{"data":"ClowCardTheDash","floor":18,"key":"SMITH"}],"circlet_count":0,"master_deck":["SakuraCardTheSword+","ClowCardTheSword","ClowCardTheSword","ClowCardTheSword","ClowCardTheShield","SpellCardSeal+1","ClowCardTheShadow","ClowCardTheLibra","ClowCardTheVoice","ClowCardTheSilent+1","ClowCardTheIllusion","ClowCardTheFlower+1","ClowCardTheGlow","ClowCardTheDash+1","The Bomb"],"relics":["KSMOD_SealedBook","KSMOD_SealedWand","Ancient Tea Set","Empty Cage","HollowMod:LifeEnderRelic"],"acts_visited":["Exordium","Exordium"],"potions_floor_usage":[16,16,16,25],"damage_taken":[{"damage":0,"enemies":"2 Louse","floor":2,"turns":3},{"damage":0,"enemies":"Small Slimes","floor":3,"turns":3},{"damage":0,"enemies":"Cultist","floor":6,"turns":3},{"damage":0,"enemies":"Large Slime","floor":8,"turns":5},{"damage":17,"enemies":"Gremlin Gang","floor":9,"turns":6},{"damage":7,"enemies":"3 Louse","floor":12,"turns":2},{"damage":12,"enemies":"Blue Slaver","floor":15,"turns":3},{"damage":8,"enemies":"IC_STATUS_ARCHETYPE","floor":16,"turns":11},{"damage":16,"enemies":"theJungle:GiantWrat","floor":19,"turns":6},{"damage":0,"enemies":"downfall:FleeingMerchant","floor":21,"turns":4},{"damage":16,"enemies":"Shell Parasite","floor":22,"turns":5},{"damage":24,"enemies":"theJungle:Snecko_Cultist_And_Trap","floor":23,"turns":4},{"damage":15,"enemies":"theJungle:2_Flameangoes","floor":25,"turns":2}],"seed_played":"5996588940092765590","potions_obtained":[{"floor":3,"key":"BlessingOfTheForge"},{"floor":9,"key":"SpeedPotion"},{"floor":10,"key":"GamblersBrew"},{"floor":15,"key":"KSMOD_MagickBottle"},{"floor":22,"key":"Adrenaline Potion"}],"is_trial":false,"path_per_floor":["R","M","M","?","?","M","T","M","M","?","R","M","R","?","M","B",null,"R","M","?","$","M","M","T","M"],"character_chosen":"KINOMOTOSAKURA","items_purchased":["The Bomb"],"campfire_rested":1,"item_purchase_floors":[21],"current_hp_per_floor":[70,70,70,70,70,70,70,70,53,53,70,63,63,63,51,43,70,70,54,54,54,38,14,14,0,0],"gold":98,"neow_bonus":"TRANSFORM_CARD","is_daily":false,"chose_seed":false,"campfire_upgraded":3,"win_rate":0.0,"timestamp":1613566936,"path_taken":["R","M","M","?","?","M","T","?","M","?","R","?","R","?","M","BOSS","R","M","?","$","M","M","T","?"],"items_purchased_type":["Card"],"build_version":"2020-12-22","purchased_purges":1,"victory":false,"max_hp_per_floor":[70,70,70,70,70,70,70,70,70,70,70,70,70,70,70,70,70,70,70,70,70,70,70,70,70,70],"card_choices":[{"not_picked":["ClowCardTheSong","ClowCardTheLittle"],"picked":"ClowCardTheShadow","floor":2},{"not_picked":["ClowCardTheWindy","ClowCardTheSilent"],"picked":"ClowCardTheLibra","floor":3},{"not_picked":["ClowCardTheMaze","ClowCardTheFloat"],"picked":"ClowCardTheMove","floor":6},{"not_picked":["ClowCardTheMaze","ClowCardTheArrow"],"picked":"ClowCardTheVoice","floor":8},{"not_picked":["ClowCardTheMist","ClowCardTheBig"],"picked":"ClowCardTheSilent","floor":9},{"not_picked":["ClowCardTheBig","ClowCardTheShot"],"picked":"ClowCardTheIllusion","floor":12},{"not_picked":["ClowCardTheTime","ClowCardTheMove"],"picked":"ClowCardTheGlow","floor":15},{"not_picked":["ClowCardTheCreate","ClowCardTheReturn"],"picked":"ClowCardTheDash","floor":16},{"not_picked":["ClowCardTheMove","ClowCardTheSilent","ClowCardTheSong"],"picked":"SKIP","floor":19},{"not_picked":["ClowCardTheLittle+1","ClowCardTheCloud+1","ClowCardTheMist+1"],"picked":"SKIP","floor":21},{"not_picked":["ClowCardTheBig","ClowCardTheWave","ClowCardTheFloat"],"picked":"SKIP","floor":22},{"not_picked":["ClowCardTheWindy","ClowCardTheSweet","ClowCardTheWood"],"picked":"SKIP","floor":23}],"player_experience":40583,"relics_obtained":[{"floor":7,"key":"Ancient Tea Set"},{"floor":24,"key":"HollowMod:LifeEnderRelic"}],"event_choices":[{"damage_healed":0,"gold_gain":0,"player_choice":"Got Potions","damage_taken":0,"max_hp_gain":0,"max_hp_loss":0,"event_name":"Lab","floor":10,"gold_loss":0},{"cards_removed":["ClowCardTheShield"],"damage_healed":0,"gold_gain":0,"player_choice":"Offered Basic","damage_taken":0,"max_hp_gain":0,"max_hp_loss":0,"event_name":"Bonfire Elementals","floor":20,"gold_loss":0}],"is_beta":false,"boss_relics":[{"not_picked":["Runic Dome","bronze:MakeshiftBattery"],"picked":"Empty Cage"}],"items_purged_floors":[21],"is_endless":false,"potions_floor_spawned":[3,9,15,22],"killed_by":"theJungle:2_Flameangoes","ascension_level":0}}