{"host":"81iaqqr1ryudmr11","time":1613561302,"event":{"mods":["BaseMod","Highlight Path","Minty Spire (QoL Compilation)","Relic Stats"],"gold_per_floor":[111,111,129,150,164,203,153,153,153,186,256,277,302,338,338,466,466,459,459,480,257,257,293,293,336,362,381,412,412,9,24,24,154,154,175,193,193,213,234,234,272,272,272,292,292,292,326,344,344,344,344,344,36,75,75,75],"floor_reached":55,"language":"ENG","playtime":5566,"items_purged":["Defend_R","Strike_R"],"score":1195,"play_id":"8177b54f-78c4-4081-97b2-727bae600a89","local_time":"20210217122822","is_ascension_mode":true,"campfire_choices":[{"data":"Uppercut","floor":8.0,"key":"SMITH"},{"data":"Berserk","floor":15.0,"key":"SMITH"},{"data":"Berserk","floor":32,"key":"SMITH"},{"data":"Battle Trance","floor":40,"key":"SMITH"},{"data":"Battle Trance","floor":46,"key":"SMITH"},{"floor":49,"key":"RECALL"},{"data":"Flame Barrier","floor":52,"key":"SMITH"}],"circlet_count":0,"master_deck":["Strike_R","Defend_R","Bash","Clothesline","Carnage","Uppercut+1","Berserk+1","Ghostly Armor","Berserk+1","Fire Breathing+1","Power Through+1","Battle Trance+1","Spot Weakness","Flame Barrier+1","Shrug It Off","Cleave+1","Feed","Battle Trance+1","Pommel Strike+1","Bludgeon"],"relics":["Burning Blood","NeowsBlessing","Golden Idol","HornCleat","Gambling Chip","Incense Burner","Self Forming Clay","Akabeko","Astrolabe","Sling","Happy Flower","Bag of Marbles","MealTicket","Champion Belt","MutagenicStrength","Mummified Hand","OrangePellets","Coffee Dripper","Gremlin Horn","Bottled Lightning","Nunchaku","Du-Vu Doll"],"acts_visited":["Exordium","TheCity","TheBeyond","TheEnding"],"potions_floor_usage":[28,28,28,41,50,55,55,55],"damage_taken":[{"damage":0.0,"enemies":"Jaw Worm","floor":1.0,"turns":1.0},{"damage":0.0,"enemies":"2 Louse","floor":3.0,"turns":1.0},{"damage":0.0,"enemies":"Small Slimes","floor":4.0,"turns":2.0},{"damage":8.0,"enemies":"Blue Slaver","floor":5.0,"turns":3.0},{"damage":10.0,"enemies":"3 Sentries","floor":6.0,"turns":3.0},{"damage":18.0,"enemies":"Gremlin Nob","floor":10.0,"turns":5.0},{"damage":20.0,"enemies":"3 Sentries","floor":11.0,"turns":8.0},{"damage":7.0,"enemies":"3 Louse","floor":12.0,"turns":3.0},{"damage":3.0,"enemies":"Lots of Slimes","floor":13.0,"turns":5.0},{"damage":20.0,"enemies":"3 Sentries","floor":14.0,"turns":9.0},{"damage":2.0,"enemies":"The Guardian","floor":16.0,"turns":11.0},{"damage":8.0,"enemies":"2 Thieves","floor":18.0,"turns":4.0},{"damage":31.0,"enemies":"3 Byrds","floor":20.0,"turns":7.0},{"damage":16.0,"enemies":"Book of Stabbing","floor":23.0,"turns":5.0},{"damage":7.0,"enemies":"Gremlin Leader","floor":25.0,"turns":7.0},{"damage":0,"enemies":"Centurion and Healer","floor":27,"turns":5},{"damage":6,"enemies":"Book of Stabbing","floor":28,"turns":4},{"damage":2,"enemies":"Snecko","floor":31,"turns":4},{"damage":0,"enemies":"Automaton","floor":33,"turns":8},{"damage":0,"enemies":"3 Shapes","floor":35,"turns":3},{"damage":1,"enemies":"Orb Walker","floor":36,"turns":4},{"damage":0,"enemies":"3 Darklings","floor":38,"turns":4},{"damage":4,"enemies":"Writhing Mass","floor":39,"turns":7},{"damage":32,"enemies":"Nemesis","floor":41,"turns":5},{"damage":0,"enemies":"Spire Growth","floor":44,"turns":3},{"damage":8,"enemies":"Giant Head","floor":47,"turns":9},{"damage":0,"enemies":"Maw","floor":48,"turns":4},{"damage":41,"enemies":"Time Eater","floor":50,"turns":7},{"damage":10,"enemies":"Shield and Spear","floor":54,"turns":6},{"damage":107,"enemies":"The Heart","floor":55,"turns":8}],"seed_played":"-1910963652742790398","potions_obtained":[{"floor":1.0,"key":"ColorlessPotion"},{"floor":10.0,"key":"Swift Potion"},{"floor":11.0,"key":"LiquidMemories"},{"floor":20.0,"key":"GamblersBrew"},{"floor":24.0,"key":"PowerPotion"},{"floor":24.0,"key":"EntropicBrew"},{"floor":24.0,"key":"PowerPotion"},{"floor":28,"key":"ColorlessPotion"},{"floor":39,"key":"PowerPotion"},{"floor":47,"key":"LiquidBronze"},{"floor":48,"key":"PowerPotion"}],"is_trial":false,"path_per_floor":["M","?","M","M","M","E","?","R","T","E","?","M","M","E","R","B",null,"M","?","M","$","?","E","?","E","T","M","E","?","$","M","R","B",null,"M","M","?","M","M","R","E","?","T","M","?","R","E","M","R","B",null,"R","$","E","B"],"character_chosen":"IRONCLAD","items_purchased":["Sling","Mummified Hand","OrangePellets","Nunchaku","Swift Potion"],"campfire_rested":0,"item_purchase_floors":[21,30,30,53,53],"current_hp_per_floor":[78,74,74,74,72,68,68,68,68,56,42,41,44,30,30,34,64,62,62,37,37,37,27,27,26,26,32,32,32,47,51,51,57,70,77,80,80,83,83,83,57,57,57,66,66,66,67,76,76,41,76,76,88,87,0,0],"gold":75,"neow_bonus":"THREE_ENEMY_KILL","is_daily":false,"chose_seed":false,"campfire_upgraded":6,"win_rate":0.0,"timestamp":1613561302,"path_taken":["M","?","M","M","M","E","?","R","T","E","?","M","?","E","R","BOSS","M","?","M","$","?","E","?","E","T","?","E","?","$","M","R","BOSS","M","M","?","?","?","R","E","?","T","M","?","R","E","M","R","BOSS","R","$","E","BOSS"],"items_purchased_type":["Relic","Relic","Relic","Relic","Potion"],"build_version":"2020-12-22","purchased_purges":2,"victory":false,"max_hp_per_floor":[80,74,74,74,74,74,74,74,74,74,74,74,74,74,74,74,74,74,74,74,74,74,74,74,74,74,74,74,74,74,74,74,74,74,77,80,80,83,83,83,83,79,79,82,82,82,85,88,88,88,88,88,88,91,91,91],"relic_stats":{"Happy Flower":[29],"Gremlin Horn":[1,1],"counters":[30,155],"Golden Idol":221,"Self Forming Clay":[165],"Astrolabe":["Metallicize","Fire Breathing","Power Through"],"Burning Blood":147,"OrangePellets":[54],"Nunchaku":[3],"Mummified Hand":[52],"Gambling Chip":[65],"MealTicket":27,"Champion Belt":[55],"obtain_stats":[{"NeowsBlessing":0,"Happy Flower":23,"Gremlin Horn":41,"Golden Idol":2,"Self Forming Clay":11,"Astrolabe":17,"Incense Burner":10,"Sling":21,"Burning Blood":0,"Akabeko":14,"Du-Vu Doll":54,"OrangePellets":30,"Nunchaku":53,"HornCleat":6,"Mummified Hand":30,"Gambling Chip":9,"MutagenicStrength":29,"MealTicket":26,"Bag of Marbles":25,"Coffee Dripper":34,"Champion Belt":28,"Bottled Lightning":47},{"NeowsBlessing":0,"Happy Flower":14,"Gremlin Horn":24,"Golden Idol":1,"Self Forming Clay":7,"Astrolabe":11,"Incense Burner":6,"Sling":13,"Burning Blood":0,"Akabeko":10,"Du-Vu Doll":29,"OrangePellets":17,"Nunchaku":28,"HornCleat":5,"Mummified Hand":17,"Gambling Chip":5,"MutagenicStrength":17,"MealTicket":15,"Bag of Marbles":15,"Coffee Dripper":19,"Champion Belt":17,"Bottled Lightning":26},{"NeowsBlessing":0,"Happy Flower":67,"Gremlin Horn":118,"Golden Idol":1,"Self Forming Clay":23,"Astrolabe":51,"Incense Burner":15,"Sling":62,"Burning Blood":0,"Akabeko":40,"Du-Vu Doll":147,"OrangePellets":83,"Nunchaku":141,"HornCleat":10,"Mummified Hand":83,"Gambling Chip":10,"MutagenicStrength":83,"MealTicket":74,"Bag of Marbles":74,"Coffee Dripper":95,"Champion Belt":83,"Bottled Lightning":130}]},"card_choices":[{"not_picked":["Power Through","Twin Strike","Anger"],"picked":"SKIP","floor":1.0},{"not_picked":["Carnage","Twin Strike"],"picked":"Clothesline","floor":3.0},{"not_picked":["Rage","Infernal Blade"],"picked":"Carnage","floor":4.0},{"not_picked":["Wild Strike","Sword Boomerang","Heavy Blade"],"picked":"SKIP","floor":5.0},{"not_picked":["Second Wind","Whirlwind"],"picked":"Uppercut","floor":6.0},{"not_picked":["Pommel Strike","Anger"],"picked":"Berserk","floor":10.0},{"not_picked":["Body Slam","Dark Embrace","Sentinel"],"picked":"SKIP","floor":12.0},{"not_picked":["Second Wind","True Grit","Sword Boomerang"],"picked":"SKIP","floor":13.0},{"not_picked":["Shrug It Off","Exhume"],"picked":"Ghostly Armor","floor":14.0},{"not_picked":["Reaper","Bludgeon"],"picked":"Berserk","floor":16.0},{"not_picked":["Shockwave","Anger","Second Wind+1"],"picked":"SKIP","floor":18.0},{"not_picked":["Body Slam+1","Infernal Blade"],"picked":"Spot Weakness","floor":20.0},{"not_picked":["Carnage","Warcry"],"picked":"Flame Barrier","floor":23.0},{"not_picked":["Feel No Pain","Body Slam"],"picked":"Shrug It Off","floor":25.0},{"not_picked":["Twin Strike+1","Anger","Metallicize"],"picked":"SKIP","floor":27},{"not_picked":["Anger","Sword Boomerang"],"picked":"Cleave+1","floor":28},{"not_picked":["Power Through","Dark Embrace","Dual Wield"],"picked":"SKIP","floor":31},{"not_picked":["Juggernaut","Barricade"],"picked":"Feed","floor":33},{"not_picked":["Clash","Wild Strike+1","Perfected Strike+1"],"picked":"SKIP","floor":35},{"not_picked":["Heavy Blade+1","Clash","Headbutt"],"picked":"SKIP","floor":36},{"not_picked":["Thunderclap","Clash","Rupture+1"],"picked":"SKIP","floor":38},{"not_picked":["Intimidate+1","Cleave+1","Armaments"],"picked":"SKIP","floor":39},{"not_picked":["Twin Strike+1","Metallicize","Headbutt"],"picked":"SKIP","floor":41},{"not_picked":["Hemokinesis+1","Spot Weakness+1"],"picked":"Battle Trance","floor":44},{"not_picked":["Pummel","Sword Boomerang+1","Bloodletting"],"picked":"SKIP","floor":47},{"not_picked":["Body Slam","Bloodletting"],"picked":"Pommel Strike+1","floor":48},{"not_picked":["Bloodletting+1","Fire Breathing+1"],"picked":"Bludgeon","floor":54}],"player_experience":217890,"relics_obtained":[{"floor":6.0,"key":"HornCleat"},{"floor":9.0,"key":"Gambling Chip"},{"floor":10.0,"key":"Incense Burner"},{"floor":11.0,"key":"Self Forming Clay"},{"floor":14.0,"key":"Akabeko"},{"floor":23.0,"key":"Happy Flower"},{"floor":25.0,"key":"Bag of Marbles"},{"floor":26,"key":"MealTicket"},{"floor":28,"key":"Champion Belt"},{"floor":41,"key":"Gremlin Horn"},{"floor":47,"key":"Bottled Lightning"},{"floor":54,"key":"Du-Vu Doll"}],"event_choices":[{"damage_healed":0.0,"max_hp_gain":0.0,"max_hp_loss":6.0,"gold_gain":0.0,"event_name":"Golden Idol","player_choice":"Lose Max HP","floor":2.0,"gold_loss":0.0,"damage_taken":0.0,"relics_obtained":["Golden Idol"]},{"cards_removed":["Strike_R"],"damage_healed":0.0,"max_hp_gain":0.0,"max_hp_loss":0.0,"gold_gain":0.0,"event_name":"The Cleric","player_choice":"Card Removal","floor":7.0,"gold_loss":50.0,"damage_taken":0.0},{"damage_healed":0.0,"max_hp_gain":0.0,"max_hp_loss":0.0,"gold_gain":30.0,"event_name":"Dead Adventurer","player_choice":"Searched \u00272\u0027 times","floor":11.0,"gold_loss":0.0,"damage_taken":0.0},{"damage_healed":0.0,"max_hp_gain":0.0,"max_hp_loss":0.0,"gold_gain":0.0,"event_name":"The Library","player_choice":"Read","floor":19.0,"gold_loss":0.0,"damage_taken":0.0,"cards_obtained":["Battle Trance"]},{"cards_removed":["Defend_R"],"damage_healed":0.0,"max_hp_gain":0.0,"max_hp_loss":0.0,"gold_gain":0.0,"event_name":"Back to Basics","player_choice":"Elegance","floor":22.0,"gold_loss":0.0,"damage_taken":0.0},{"damage_healed":0.0,"max_hp_gain":0.0,"max_hp_loss":0.0,"gold_gain":0.0,"event_name":"Lab","player_choice":"Got Potions","floor":24.0,"gold_loss":0.0,"damage_taken":0.0},{"damage_healed":0,"gold_gain":0,"player_choice":"Inject Mutagens","damage_taken":0,"relics_obtained":["MutagenicStrength"],"max_hp_gain":0,"max_hp_loss":0,"event_name":"Drug Dealer","floor":29,"gold_loss":0},{"damage_healed":0,"gold_gain":0,"player_choice":"Bought 0 Potions","damage_taken":0,"max_hp_gain":0,"max_hp_loss":0,"event_name":"The Woman in Blue","floor":37,"gold_loss":0},{"damage_healed":0,"gold_gain":0,"player_choice":"Max HP","damage_taken":0,"max_hp_gain":0,"max_hp_loss":4,"event_name":"Winding Halls","floor":42,"gold_loss":0},{"cards_removed":["Metallicize"],"damage_healed":0,"gold_gain":0,"player_choice":"Removed Power","damage_taken":0,"max_hp_gain":0,"max_hp_loss":0,"event_name":"Falling","floor":45,"gold_loss":0}],"is_beta":false,"boss_relics":[{"not_picked":["SlaversCollar","Fusion Hammer"],"picked":"Astrolabe"},{"not_picked":["Runic Cube","Sozu"],"picked":"Coffee Dripper"}],"items_purged_floors":[21,53],"is_endless":false,"potions_floor_spawned":[1,10,11,20,28,31,33,35,39,47,48,54],"killed_by":"The Heart","ascension_level":9}}