{"host":"tbhNathan","time":1613601463,"event":{"mods":["AchievementEnabler","BaseMod","Better Third Choice","Googly Eyes","Highlight Path","Minty Spire (QoL Compilation)","Reliquary","StSLib","The Disciple","The Hierophant","The Marked"],"gold_per_floor":[115,115,134,134,134,164,164,192,192,192,225,69,69,79,79,177,177,194,194,194],"floor_reached":19,"language":"ENG","playtime":4546,"items_purged":[],"score":183,"play_id":"d6c4aaa5-23d3-48f9-b039-af613b72ca6e","local_time":"20210217223743","is_ascension_mode":false,"campfire_choices":[{"data":"theMarked:Aftermath","floor":7,"key":"SMITH"},{"floor":13,"key":"REST"},{"floor":15,"key":"REST"}],"circlet_count":0,"master_deck":["theMarked:Strike","theMarked:Strike","theMarked:Strike","theMarked:Strike","theMarked:Strike","theMarked:Defend","theMarked:Defend","theMarked:Defend+1","theMarked:Defend","theMarked:SoldierOfQuellstein+1","theMarked:ComboAttacks","Regret","theMarked:SwordAndMagic+1","theMarked:Aftermath+1","theMarked:Aftermath","theMarked:HeightenedSenses","theMarked:EmpowerWeapon","theMarked:EternalStudent","theMarked:TakeCover"],"relics":["theMarked:ArtifactOfAir","TungstenRod","Anchor","Art of War","InkBottle","Bag of Preparation","reliquary:FingerTrap","reliquary:KinkedSpring"],"acts_visited":["Exordium","TheCity"],"potions_floor_usage":[8,14],"damage_taken":[{"damage":1,"enemies":"Cultist","floor":1,"turns":3},{"damage":2,"enemies":"Jaw Worm","floor":3,"turns":3},{"damage":29,"enemies":"Gremlin Nob","floor":6,"turns":4},{"damage":10,"enemies":"3 Sentries","floor":8,"turns":5},{"damage":15,"enemies":"Lagavulin","floor":11,"turns":5},{"damage":0,"enemies":"Small Slimes","floor":14,"turns":1},{"damage":42,"enemies":"The Guardian","floor":16,"turns":9},{"damage":0,"enemies":"Chosen","floor":18,"turns":3},{"damage":88,"enemies":"Masked Bandits","floor":19,"turns":9}],"seed_played":"-6290585204642771752","potions_obtained":[{"floor":6,"key":"AttackPotion"},{"floor":11,"key":"AttackPotion"},{"floor":16,"key":"Block Potion"}],"is_trial":false,"path_per_floor":["M","?","M","?","$","E","R","E","T","?","E","$","R","M","R","B",null,"M","?"],"character_chosen":"THE_DEFAULT","items_purchased":["reliquary:FingerTrap"],"campfire_rested":2,"item_purchase_floors":[12],"current_hp_per_floor":[78,78,76,76,76,47,47,37,37,22,7,7,30,30,53,11,79,79,0,0],"gold":194,"neow_bonus":"TEN_PERCENT_HP_BONUS","is_daily":false,"chose_seed":false,"campfire_upgraded":1,"win_rate":0.0,"timestamp":1613601463,"path_taken":["M","?","M","?","$","E","R","E","T","?","E","?","R","M","R","BOSS","M","?"],"items_purchased_type":["Relic"],"build_version":"2020-12-18","purchased_purges":0,"victory":false,"max_hp_per_floor":[79,79,79,79,79,79,79,79,79,79,79,79,79,79,79,79,79,79,79,79],"card_choices":[{"not_picked":["theMarked:TakeCover","theMarked:Determination"],"picked":"theMarked:ComboAttacks","floor":1},{"not_picked":["theMarked:Improvise","theMarked:BanishingStrike"],"picked":"theMarked:SwordAndMagic","floor":3},{"not_picked":["theMarked:TwofoldDefense","theMarked:Standoff"],"picked":"theMarked:Aftermath","floor":6},{"not_picked":["theMarked:TakeOffHeels","theMarked:EnhanceMovement"],"picked":"theMarked:Aftermath","floor":8},{"not_picked":["theMarked:LightningStrikesTwice","theMarked:TwofoldDefense"],"picked":"theMarked:HeightenedSenses","floor":11},{"not_picked":["theMarked:ContemptForTheProud","theMarked:TheMission"],"picked":"theMarked:EmpowerWeapon","floor":14},{"not_picked":["theMarked:Challenge","theMarked:Abjuration"],"picked":"theMarked:EternalStudent","floor":16},{"not_picked":["theMarked:HeightenedSenses","theMarked:Aftermath"],"picked":"theMarked:TakeCover","floor":18}],"player_experience":206295,"relics_obtained":[{"floor":6,"key":"Anchor"},{"floor":8,"key":"Art of War"},{"floor":9,"key":"InkBottle"},{"floor":11,"key":"Bag of Preparation"}],"event_choices":[{"damage_healed":0,"gold_gain":0,"player_choice":"Box","damage_taken":0,"relics_obtained":["TungstenRod"],"max_hp_gain":0,"max_hp_loss":0,"event_name":"Big Fish","floor":2,"gold_loss":0,"cards_obtained":["Regret"]},{"damage_healed":0,"gold_gain":0,"player_choice":"Grow","damage_taken":0,"max_hp_gain":0,"max_hp_loss":0,"event_name":"Living Wall","floor":4,"gold_loss":0,"cards_upgraded":["theMarked:SoldierOfQuellstein"]},{"damage_healed":37,"gold_gain":0,"player_choice":"Upgrade","damage_taken":16,"max_hp_gain":0,"max_hp_loss":79,"event_name":"betterThird:BetterShining","floor":10,"gold_loss":0,"cards_upgraded":["theMarked:SwordAndMagic","theMarked:Defend"]},{"damage_healed":0,"gold_gain":0,"player_choice":"Fought Bandits","damage_taken":0,"max_hp_gain":0,"max_hp_loss":0,"event_name":"Masked Bandits","floor":19,"gold_loss":0}],"is_beta":true,"boss_relics":[{"not_picked":["Runic Dome","Runic Pyramid"],"picked":"reliquary:KinkedSpring"}],"items_purged_floors":[],"is_endless":false,"potions_floor_spawned":[6,11,16],"killed_by":"Masked Bandits","ascension_level":0}}