{"host":"4gkev1dtxxhiue3x","time":1613555626,"event":{"mods":["AchievementEnabler","BaseMod","Better Altar","Better Match","Better Note","Better Sensory Stone","Better Skull","Better Third Choice","Colored Powertips","Downfall","Friendly Minions","Hermit","Minty Spire (QoL Compilation)","Relic Stats","Robot Space Explorer","Shop Mod","StSLib","The Construct","The Disciple","The Hierophant"],"gold_per_floor":[112,112,112,37,52,52,84,112,124,153,272,317,342,387,399,506,518,542,554,586,598,626,665,677,461,461,495,8,36,36,70,70,172,172,187,187,205,205,205,235,6,6,30,41,41,68,121,135,135,135,135,135,94,127,127],"floor_reached":56,"language":"ENG","playtime":5848,"items_purged":["Pain","Bash","Armaments","Headbutt+1"],"score":1535,"play_id":"f68a58fa-64f3-4896-aa56-3cf6a4932a5d","local_time":"20210217105346","is_ascension_mode":true,"campfire_choices":[{"data":"Warcry","floor":6.0,"key":"SMITH"},{"data":"Flex","floor":15,"key":"SMITH"},{"data":"Armaments","floor":24,"key":"SMITH"},{"data":"Heavy Blade","floor":32,"key":"SMITH"},{"data":"1","floor":45,"key":"LIFT"},{"floor":49,"key":"RECALL"},{"data":"2","floor":52,"key":"LIFT"}],"circlet_count":0,"master_deck":["Warcry+1","Combust","Thunderclap","Iron Wave","Pommel Strike+1","Flex+1","Offering","Feel No Pain","True Grit","Inflame","Intimidate","Armaments+1","Dual Wield","Spot Weakness","Offering","Body Slam+1","Shockwave+1","Pummel+1","Feel No Pain","Warcry","Heavy Blade+1","Barricade+1","Warcry","Heavy Blade+1","Impervious","Limit Break"],"relics":["Burning Blood","NeowsBlessing","WarpedTongs","Meat on the Bone","Anchor","Toy Ornithopter","Gambling Chip","MerchantsRug","Blood Vial","Brimstone","CaptainsWheel","StoneCalendar","bronze:MakeshiftBattery","Girya","Thread and Needle","Boot"],"acts_visited":["Exordium","TheCity","TheBeyond","TheEnding"],"potions_floor_usage":[12,14,16,23,29,50,55,55,55],"damage_taken":[{"damage":0.0,"enemies":"Small Slimes","floor":1.0,"turns":1.0},{"damage":0.0,"enemies":"Jaw Worm","floor":5.0,"turns":1.0},{"damage":0.0,"enemies":"Gremlin Nob","floor":7.0,"turns":1.0},{"damage":2,"enemies":"Cultist","floor":8,"turns":3},{"damage":1,"enemies":"3 Louse","floor":10,"turns":2},{"damage":17,"enemies":"3 Sentries","floor":12,"turns":5},{"damage":21,"enemies":"Exordium Thugs","floor":13,"turns":6},{"damage":13,"enemies":"Lagavulin","floor":14,"turns":6},{"damage":38,"enemies":"Hexaghost","floor":16,"turns":11},{"damage":25,"enemies":"Chosen","floor":18,"turns":5},{"damage":13,"enemies":"2 Thieves","floor":20,"turns":3},{"damage":23,"enemies":"Chosen and Byrds","floor":22,"turns":5},{"damage":46,"enemies":"Gremlin Leader","floor":23,"turns":3},{"damage":29,"enemies":"Book of Stabbing","floor":27,"turns":4},{"damage":13,"enemies":"Gremlin Leader","floor":29,"turns":2},{"damage":17,"enemies":"Book of Stabbing","floor":31,"turns":4},{"damage":43,"enemies":"Automaton","floor":33,"turns":5},{"damage":20,"enemies":"3 Shapes","floor":35,"turns":3},{"damage":11,"enemies":"3 Darklings","floor":37,"turns":3},{"damage":47,"enemies":"Nemesis","floor":40,"turns":5},{"damage":12,"enemies":"Maw","floor":44,"turns":5},{"damage":0,"enemies":"Reptomancer","floor":46,"turns":1},{"damage":12,"enemies":"2 Orb Walkers","floor":47,"turns":3},{"damage":4,"enemies":"Sphere and 2 Shapes","floor":48,"turns":2},{"damage":47,"enemies":"Awakened One","floor":50,"turns":7},{"damage":18,"enemies":"Shield and Spear","floor":54,"turns":3},{"damage":71,"enemies":"The Heart","floor":55,"turns":7}],"seed_played":"5631826846952271632","potions_obtained":[{"floor":5.0,"key":"SpeedPotion"},{"floor":7,"key":"Dexterity Potion"},{"floor":8,"key":"Weak Potion"},{"floor":10,"key":"BlessingOfTheForge"},{"floor":16,"key":"SpeedPotion"},{"floor":22,"key":"BloodPotion"},{"floor":23,"key":"Regen Potion"},{"floor":33,"key":"Regen Potion"},{"floor":44,"key":"sneckomod:MuddlingPotion"},{"floor":46,"key":"HeartOfIron"}],"is_trial":false,"path_per_floor":["M","?","?","$","M","R","E","M","T","M","?","E","M","E","R","B",null,"M","?","M","$","M","E","R","$","T","E","$","E","?","E","R","B",null,"M","?","M","?","?","E","$","$","T","M","R","E","?","M","R","B",null,"R","$","E","B",null],"character_chosen":"IRONCLAD","items_purchased":["Feel No Pain","MerchantsRug","Warcry","Brimstone","CaptainsWheel","Limit Break","Girya","Regen Potion"],"campfire_rested":0,"item_purchase_floors":[25,25,25,28,28,41,41,53],"current_hp_per_floor":[80,73,73,73,79,79,80,80,80,80,54,55,52,50,50,35,80,61,61,54,54,49,42,42,42,42,31,31,48,74,65,65,42,80,66,66,63,63,63,36,51,66,66,62,62,70,66,70,70,48,80,80,80,68,51],"gold":127,"neow_bonus":"THREE_ENEMY_KILL","is_daily":false,"chose_seed":false,"campfire_upgraded":4,"win_rate":0.0,"timestamp":1613555626,"path_taken":["M","?","?","$","?","R","E","M","T","M","?","E","?","E","R","BOSS","M","?","M","$","?","E","R","$","T","E","$","E","?","E","R","BOSS","M","?","?","?","?","E","?","$","T","?","R","E","?","M","R","BOSS","R","$","E","BOSS"],"items_purchased_type":["Card","Relic","Card","Relic","Relic","Card","Relic","Potion"],"build_version":"2020-12-22","purchased_purges":4,"victory":true,"max_hp_per_floor":[80,80,80,80,80,80,80,80,80,80,80,80,80,80,80,80,80,80,80,80,80,80,80,80,80,80,80,80,80,80,80,80,80,80,80,80,80,80,80,80,80,80,80,80,80,80,80,80,80,80,80,80,80,80,80],"relic_stats":{"Blood Vial":22,"counters":[27,106],"Gambling Chip":[25],"StoneCalendar":[22],"Boot":[0],"obtain_stats":[{"Darkstone Periapt":14,"MerchantsRug":25,"Girya":41,"NeowsBlessing":0,"StoneCalendar":31,"Thread and Needle":47,"Whetstone":46,"MawBank":7,"Smiling Mask":26,"Boot":54,"Burning Blood":0,"WarpedTongs":3,"Blood Vial":27,"Peace Pipe":40,"Anchor":11,"CaptainsWheel":28,"Brimstone":28,"Gambling Chip":23,"Pandora\u0027s Box":17,"MealTicket":29,"Toy Ornithopter":12,"bronze:MakeshiftBattery":34,"Meat on the Bone":9},{"Darkstone Periapt":8,"MerchantsRug":13,"Girya":20,"NeowsBlessing":0,"StoneCalendar":16,"Thread and Needle":23,"Whetstone":22,"MawBank":3,"Smiling Mask":13,"Boot":26,"Burning Blood":0,"WarpedTongs":1,"Blood Vial":14,"Peace Pipe":20,"Anchor":5,"CaptainsWheel":14,"Brimstone":14,"Gambling Chip":13,"Pandora\u0027s Box":9,"MealTicket":15,"Toy Ornithopter":6,"bronze:MakeshiftBattery":17,"Meat on the Bone":4},{"Darkstone Periapt":25,"MerchantsRug":52,"Girya":78,"NeowsBlessing":0,"StoneCalendar":62,"Thread and Needle":87,"Whetstone":84,"MawBank":3,"Smiling Mask":52,"Boot":99,"Burning Blood":0,"WarpedTongs":1,"Blood Vial":56,"Peace Pipe":78,"Anchor":8,"CaptainsWheel":56,"Brimstone":56,"Gambling Chip":52,"Pandora\u0027s Box":36,"MealTicket":58,"Toy Ornithopter":13,"bronze:MakeshiftBattery":67,"Meat on the Bone":6}],"Burning Blood":142,"Toy Ornithopter":40,"WarpedTongs":[102],"Meat on the Bone":120},"card_choices":[{"not_picked":["Rampage","Wild Strike"],"picked":"Warcry","floor":1.0},{"not_picked":["Sword Boomerang","True Grit"],"picked":"Combust","floor":5.0},{"not_picked":["Cleave","Body Slam"],"picked":"Thunderclap","floor":7},{"not_picked":["Sword Boomerang","Sentinel"],"picked":"Iron Wave","floor":8},{"not_picked":["Thunderclap","Disarm","Second Wind"],"picked":"SKIP","floor":10},{"not_picked":["Perfected Strike","Hemokinesis"],"picked":"Pommel Strike","floor":12},{"not_picked":["Cleave","Exhume"],"picked":"Flex","floor":13},{"not_picked":["Cleave","Sword Boomerang"],"picked":"Armaments","floor":14},{"not_picked":["Fiend Fire","Impervious"],"picked":"Offering","floor":16},{"not_picked":["Inflame","Thunderclap+1"],"picked":"Spot Weakness","floor":18},{"not_picked":["True Grit+1","Clothesline"],"picked":"Body Slam+1","floor":20},{"not_picked":["Rampage","Iron Wave"],"picked":"Shockwave+1","floor":22},{"not_picked":["Ghostly Armor","Immolate"],"picked":"Pummel+1","floor":23},{"not_picked":["Evolve","Flex","Dual Wield"],"picked":"SKIP","floor":27},{"not_picked":["Thunderclap","Iron Wave"],"picked":"Heavy Blade","floor":29},{"not_picked":["Carnage+1","Wild Strike","Havoc"],"picked":"SKIP","floor":31},{"not_picked":["Bludgeon","Brutality"],"picked":"Barricade","floor":33},{"not_picked":["Headbutt+1","Havoc"],"picked":"Warcry","floor":35},{"not_picked":["Flex+1","Clash+1"],"picked":"Heavy Blade+1","floor":37},{"not_picked":["Clash","Thunderclap+1"],"picked":"Impervious","floor":40},{"not_picked":["Pommel Strike+1","Burning Pact+1","Armaments"],"picked":"SKIP","floor":44},{"not_picked":["Uppercut","Sentinel","Sword Boomerang"],"picked":"SKIP","floor":46},{"not_picked":["Heavy Blade","Fire Breathing","Twin Strike"],"picked":"SKIP","floor":48},{"not_picked":["Pommel Strike+1","Dropkick","Combust+1"],"picked":"SKIP","floor":54}],"player_experience":184003,"relics_obtained":[{"floor":7,"key":"MawBank"},{"floor":9,"key":"Meat on the Bone"},{"floor":12,"key":"Toy Ornithopter"},{"floor":14,"key":"Darkstone Periapt"},{"floor":23,"key":"Gambling Chip"},{"floor":26,"key":"Smiling Mask"},{"floor":27,"key":"Blood Vial"},{"floor":29,"key":"MealTicket"},{"floor":31,"key":"StoneCalendar"},{"floor":40,"key":"Peace Pipe"},{"floor":46,"key":"Whetstone"},{"floor":47,"key":"Thread and Needle"},{"floor":54,"key":"Boot"}],"event_choices":[{"cards_removed":["Strike_R"],"damage_healed":0.0,"max_hp_gain":0.0,"max_hp_loss":0.0,"gold_gain":0.0,"event_name":"Golden Wing","player_choice":"Card Removal","floor":2.0,"gold_loss":0.0,"damage_taken":7.0},{"damage_healed":0.0,"max_hp_gain":0.0,"max_hp_loss":0.0,"gold_gain":0.0,"event_name":"Accursed Blacksmith","player_choice":"Rummage","floor":3.0,"gold_loss":0.0,"damage_taken":0.0,"relics_obtained":["WarpedTongs"],"cards_obtained":["Pain"]},{"damage_healed":0,"gold_gain":107,"player_choice":"RE GO ","damage_taken":29,"relics_obtained":["Anchor"],"max_hp_gain":0,"max_hp_loss":0,"event_name":"betterSkull:BetterSkull","floor":11,"gold_loss":0,"cards_upgraded":[]},{"damage_healed":0,"gold_gain":0,"player_choice":"Copied","damage_taken":0,"max_hp_gain":0,"max_hp_loss":0,"event_name":"Duplicator","floor":19,"gold_loss":0,"cards_obtained":["Offering"]},{"damage_healed":26,"gold_gain":0,"player_choice":"Heal","damage_taken":0,"max_hp_gain":0,"max_hp_loss":0,"event_name":"The Library","floor":30,"gold_loss":0},{"damage_healed":0,"gold_gain":0,"player_choice":"Upgraded","damage_taken":0,"max_hp_gain":0,"max_hp_loss":0,"event_name":"Upgrade Shrine","floor":36,"gold_loss":0,"cards_upgraded":["Barricade"]},{"cards_removed":["Fire Breathing"],"damage_healed":0,"gold_gain":0,"player_choice":"Removed Power","damage_taken":0,"max_hp_gain":0,"max_hp_loss":0,"event_name":"Falling","floor":38,"gold_loss":0},{"damage_healed":0,"gold_gain":0,"player_choice":"Ignored","damage_taken":0,"max_hp_gain":0,"max_hp_loss":0,"event_name":"Tomb of Lord Red Mask","floor":39,"gold_loss":0},{"damage_healed":0,"gold_gain":0,"player_choice":"Fight","damage_taken":0,"max_hp_gain":0,"max_hp_loss":0,"event_name":"Mysterious Sphere","floor":47,"gold_loss":0}],"is_beta":false,"boss_relics":[{"not_picked":["construct:ClawGrip","Calling Bell"],"picked":"Pandora\u0027s Box"},{"not_picked":["Black Blood","Sozu"],"picked":"bronze:MakeshiftBattery"}],"items_purged_floors":[4,28,41,53],"is_endless":false,"potions_floor_spawned":[5,7,8,10,16,22,23,33,44,46,48],"ascension_level":3}}