{"host":"218bpbmw7wi1tsbm","time":1613562802,"event":{"mods":["BaseMod","Lobotomy","LobotomyExtend","Minty Spire (QoL Compilation)","Prisma Mod","Quick Restart","Rare Cards Sparkle","StSLib"],"gold_per_floor":[116,129,129,304,321,321,321,321,372,391,391,409,428,444,444,568,568,589,193,218,218,218],"floor_reached":21,"language":"JPN","playtime":1472,"items_purged":["Doubt"],"score":173,"play_id":"bf336650-1b9e-441c-8093-e10421f2c793","local_time":"20210217205322","is_ascension_mode":false,"campfire_choices":[{"floor":15.0,"key":"REST"}],"circlet_count":0,"master_deck":["SpecialBullet","SpecialBullet","SpecialBullet","SpecialBullet","SpecialBullet","SpecialBullet","SpecialBullet","SpecialBullet","InformationCode","TrainingCode","CentralCode","UniverseFragment","Wingbeat","MeatLantern","GoldRush","Injury","Ecstasy","DisciplinaryCode","MHz","Hornet","DaCapo","Penitence","ParadiseLost","FeatherOfHonor","SpecialBullet","Apotheosis","Adoration","Soda+1"],"relics":["CogitoBucket","MealTicket","LetterFromLob","White Beast Statue","Golden Idol","Bag of Marbles","SacredBark"],"acts_visited":["Exordium","TheCity"],"potions_floor_usage":[],"damage_taken":[{"damage":5.0,"enemies":"Jaw Worm","floor":1.0,"turns":3.0},{"damage":0.0,"enemies":"Small Slimes","floor":2.0,"turns":3.0},{"damage":11.0,"enemies":"2 Louse","floor":5.0,"turns":2.0},{"damage":0.0,"enemies":"Large Slime","floor":10.0,"turns":3.0},{"damage":4.0,"enemies":"Gremlin Gang","floor":12.0,"turns":6.0},{"damage":2.0,"enemies":"Red Slaver","floor":13.0,"turns":5.0},{"damage":0.0,"enemies":"Exordium Wildlife","floor":14.0,"turns":5.0},{"damage":20.0,"enemies":"Hexaghost","floor":16.0,"turns":9.0},{"damage":4.0,"enemies":"2 Thieves","floor":18.0,"turns":5.0},{"damage":5.0,"enemies":"Spheric Guardian","floor":20.0,"turns":7.0},{"damage":45,"enemies":"Snake Plant","floor":21,"turns":9}],"seed_played":"-3461435846242349728","potions_obtained":[{"floor":2.0,"key":"Strength Potion"},{"floor":5.0,"key":"Dexterity Potion"},{"floor":10.0,"key":"Block Potion"},{"floor":16.0,"key":"LiquidBronze"},{"floor":18.0,"key":"LiquidMemories"}],"is_trial":false,"path_per_floor":["M","M","?","?","M","R","?","R","T","M","R","M","M","M","R","B",null,"M","$","M","M"],"character_chosen":"Angela","items_purchased":["Apotheosis","Adoration"],"campfire_rested":1,"item_purchase_floors":[19,19],"current_hp_per_floor":[65,65,53,53,42,42,42,42,42,42,42,42,40,40,62,42,74,70,74,69,39,39],"gold":218,"neow_bonus":"RANDOM_COMMON_RELIC","is_daily":false,"chose_seed":false,"campfire_upgraded":0,"win_rate":0.0,"timestamp":1613562802,"path_taken":["M","M","?","?","M","R","?","R","T","M","R","M","M","M","R","BOSS","M","$","M","M"],"items_purchased_type":["Card","Card"],"build_version":"2020-12-22","purchased_purges":1,"victory":false,"max_hp_per_floor":[70,70,70,70,70,70,70,70,70,70,70,74,74,74,74,74,74,74,74,74,74,74],"card_choices":[{"not_picked":["Horn","BloodyDesire"],"picked":"SKIP","floor":1.0},{"not_picked":["SpiderBud","Scorched"],"picked":"UniverseFragment","floor":2.0},{"not_picked":["BloodyDesire"],"picked":"Wingbeat","floor":2.0},{"not_picked":["CrumblingArmor","Bloodbath"],"picked":"MeatLantern","floor":5.0},{"not_picked":["Horn"],"picked":"GoldRush","floor":5.0},{"not_picked":["Soda"],"picked":"Ecstasy","floor":10.0},{"not_picked":["Mercenary","SpiderBud"],"picked":"MHz","floor":12.0},{"not_picked":["Tough"],"picked":"Hornet","floor":12.0},{"not_picked":["CrimsonScar"],"picked":"DaCapo","floor":13.0},{"not_picked":["TodaysExpression"],"picked":"Penitence","floor":14.0},{"not_picked":["Justitia"],"picked":"ParadiseLost","floor":16.0},{"not_picked":["BloodyDesire"],"picked":"FeatherOfHonor","floor":18.0},{"not_picked":["RedEyes"],"picked":"Soda+1","floor":20.0}],"player_experience":695641,"relics_obtained":[{"floor":1.0,"key":"LetterFromLob"},{"floor":9.0,"key":"Bag of Marbles"}],"event_choices":[{"damage_healed":0.0,"max_hp_gain":0.0,"max_hp_loss":0.0,"gold_gain":0.0,"event_name":"Scrap Ooze","player_choice":"Success","floor":3.0,"gold_loss":0.0,"damage_taken":12.0,"relics_obtained":["White Beast Statue"]},{"damage_healed":0.0,"max_hp_gain":0.0,"max_hp_loss":0.0,"gold_gain":175.0,"event_name":"Liars Game","player_choice":"AGREE","floor":4.0,"gold_loss":0.0,"damage_taken":0.0,"cards_obtained":["Doubt"]},{"damage_healed":0.0,"max_hp_gain":0.0,"max_hp_loss":0.0,"gold_gain":0.0,"event_name":"Golden Idol","player_choice":"Take Wound","floor":7.0,"gold_loss":0.0,"damage_taken":0.0,"relics_obtained":["Golden Idol"],"cards_obtained":["Injury"]}],"is_beta":false,"boss_relics":[{"not_picked":["Snecko Eye","Velvet Choker"],"picked":"SacredBark"}],"items_purged_floors":[19],"is_endless":false,"potions_floor_spawned":[2,5,10,12,13,14,16,18,20],"killed_by":"Snake Plant","ascension_level":0}}