{"host":"h49usdrjeju7gyhi","time":1613528263,"event":{"mods":["BaseMod","Colored Map","Minty Spire (QoL Compilation)","SOS???????","StSLib"],"gold_per_floor":[165,165,185,0,0,49,49,100,100,100,145,190,71,83,83,83,83],"floor_reached":16,"language":"ENG","playtime":595,"items_purged":[],"score":162,"play_id":"52814d20-3aa8-4e5f-bd81-32f5761a0568","local_time":"20210216211743","is_ascension_mode":true,"campfire_choices":[{"data":"Purpleorb","floor":7,"key":"SMITH"},{"data":"Redorb","floor":10,"key":"SMITH"},{"floor":15,"key":"REST"}],"circlet_count":0,"master_deck":["Attack_a","Attack_a","Attack_b+1","Shoot+1","Shoot","Provocation","Defend_Dante","Defend_Dante","Defend_Dante","Defend_Dante","Redorb+1","Whiteorb","Gunslinger","Gilgamesh","Purpleorb+1","BeastUppercut","EbonyIvory","SSScard"],"relics":["SSS","Combocheck","NeowsBlessing","NlothsMask","Incense Burner","The Courier","Blood Vial"],"acts_visited":["Exordium"],"potions_floor_usage":[14,16],"damage_taken":[{"damage":0,"enemies":"Small Slimes","floor":1,"turns":1},{"damage":0,"enemies":"Cultist","floor":3,"turns":1},{"damage":0,"enemies":"3 Sentries","floor":6,"turns":1},{"damage":42,"enemies":"Lagavulin","floor":8,"turns":7},{"damage":4,"enemies":"Jaw Worm","floor":11,"turns":3},{"damage":2,"enemies":"Blue Slaver","floor":12,"turns":5},{"damage":16,"enemies":"Large Slime","floor":14,"turns":6},{"damage":37,"enemies":"Slime Boss","floor":16,"turns":8}],"seed_played":"1010797830653956934","potions_obtained":[{"floor":1,"key":"SpeedPotion"},{"floor":8,"key":"Dexterity Potion"}],"is_trial":false,"path_per_floor":["M","?","M","$","?","E","R","E","T","R","M","M","$","M","R","B"],"character_chosen":"DANTE","items_purchased":["Gunslinger","Gilgamesh","Fire Potion","Blood Vial"],"campfire_rested":1,"item_purchase_floors":[4,4,4,13],"current_hp_per_floor":[80,64,64,64,64,64,64,22,22,22,18,16,16,2,26,0,0],"gold":83,"neow_bonus":"THREE_ENEMY_KILL","is_daily":false,"chose_seed":false,"campfire_upgraded":2,"win_rate":0.0,"timestamp":1613528263,"path_taken":["M","?","M","$","?","E","R","E","T","R","?","?","?","M","R","BOSS"],"items_purchased_type":["Card","Card","Potion","Relic"],"build_version":"2020-12-22","purchased_purges":0,"victory":false,"max_hp_per_floor":[80,80,80,80,80,80,80,80,80,80,80,80,80,80,80,80,80],"card_choices":[{"not_picked":["Weaponupgrade","Holywater","Kick13"],"picked":"SKIP","floor":1},{"not_picked":["Honeycombofire","BeastUppercut"],"picked":"Whiteorb","floor":3},{"not_picked":["LucifercomboB","Weaponchange"],"picked":"Purpleorb","floor":6},{"not_picked":["Millionstab","VitalstarS"],"picked":"BeastUppercut","floor":8},{"not_picked":["VitalstarS","LucifercomboD","Splesh"],"picked":"SKIP","floor":11},{"not_picked":["Stinger","Goldorb"],"picked":"EbonyIvory","floor":12},{"not_picked":["Weaponupgrade","Doubleshoot"],"picked":"SSScard","floor":14}],"player_experience":1135640,"relics_obtained":[{"floor":6,"key":"Incense Burner"},{"floor":8,"key":"The Courier"}],"event_choices":[{"damage_healed":0,"gold_gain":0,"player_choice":"Entered Light","damage_taken":16,"max_hp_gain":0,"max_hp_loss":0,"event_name":"Shining Light","floor":2,"gold_loss":0,"cards_upgraded":["Shoot","Attack_b"]},{"damage_healed":0,"gold_gain":0,"player_choice":"Trade","damage_taken":0,"relics_obtained":["NlothsMask"],"max_hp_gain":0,"max_hp_loss":0,"event_name":"FaceTrader","floor":5,"gold_loss":0}],"is_beta":false,"boss_relics":[],"items_purged_floors":[],"is_endless":false,"potions_floor_spawned":[1,8,11],"killed_by":"Slime Boss","ascension_level":4}}