{"host":"rq6soridv5n2augj","time":1613544027,"event":{"mods":["BaseMod","Downfall","Googly Eyes","Hermit","Marisa????????","Minty Spire (QoL Compilation)","READ ME - Guardian Mod","Remilia??????","Replay The Spire","StSLib","The Animator","The Cursed","The Hierophant","The Necromancer","The Senshi","The Servant 0.9.4"],"gold_per_floor":[110,35,210,160,60,86,86,111,111,130,130,146,164,164,164,266,266,285,58,70,87,104,104,104,104,175,202,218,252,252,264,264,361,661,677,677,677],"floor_reached":36,"language":"ENG","playtime":5590,"items_purged":["Strike_RM","Doubt","Strike_RM"],"score":637,"play_id":"f79161f5-42ce-4250-995f-dd1a4e3ee603","local_time":"20210216224027","is_ascension_mode":false,"campfire_choices":[{"data":"Stigmanizer","floor":7,"key":"SMITH"},{"data":"ScarletDream","floor":15,"key":"SMITH"},{"floor":23,"key":"REST"},{"data":"ScarletDevil","floor":25,"key":"SMITH"},{"floor":30,"key":"REST"},{"floor":32,"key":"REST"}],"circlet_count":0,"master_deck":["Defend_RM","Defend_RM+1","Defend_RM","RedMoon+1","ScarletShoot","StarOfDavid","Stigmanizer+1","VampirishNight","HeartBreak+1","EndlessAdversity","ScarletDream+1","DemonKingCradle+1","ScarletDevil+1","VampireKiss","TwelveNightmare+1","ForecastOfChange+1","MillenniumVampire","HeartBreak+1","Stigmanizer+1","ScarletGensokyo+1","CurseOfTheBell"],"relics":["ScarletHat","NeowsBlessing","Letter Opener","Golden Egg","Replay:WaspNest","ReplayTheSpireMod:DimensionalGlitch","BargainBundle","AntiCross","Smiling Mask","Garlic","Calling Bell","War Paint","Frozen Egg 2","Old Coin"],"acts_visited":["Exordium","TheCity","TheBeyond"],"potions_floor_usage":[16,16,16,21,22,22,22,22,27,27,29],"damage_taken":[{"damage":0,"enemies":"Small Slimes","floor":1,"turns":1},{"damage":0,"enemies":"3 Sentries","floor":6,"turns":1},{"damage":0,"enemies":"Gremlin Nob","floor":8,"turns":1},{"damage":2,"enemies":"2 Louse","floor":10,"turns":2},{"damage":0,"enemies":"Cultist","floor":12,"turns":3},{"damage":8,"enemies":"Blue Slaver","floor":13,"turns":4},{"damage":15,"enemies":"Hexaghost","floor":16,"turns":3},{"damage":9,"enemies":"2 Thieves","floor":18,"turns":4},{"damage":26,"enemies":"Shell Parasite","floor":20,"turns":2},{"damage":20,"enemies":"Snake Plant","floor":21,"turns":2},{"damage":0,"enemies":"Cultist and Chosen","floor":22,"turns":4},{"damage":7,"enemies":"Gremlin Leader","floor":27,"turns":4},{"damage":31,"enemies":"Chosen and Byrds","floor":28,"turns":2},{"damage":12,"enemies":"Book of Stabbing","floor":29,"turns":2},{"damage":0,"enemies":"3 Cultists","floor":31,"turns":3},{"damage":13,"enemies":"Pondfish","floor":33,"turns":5},{"damage":62,"enemies":"3 Darklings","floor":35,"turns":2}],"seed_played":"4985872148125880146","potions_obtained":[{"floor":10,"key":"SkillPotion"},{"floor":11,"key":"Strength Potion"},{"floor":11,"key":"AttackPotion"},{"floor":18,"key":"Toxic Potion"},{"floor":21,"key":"EntropicBrew"},{"floor":27,"key":"Fruit Juice"},{"floor":28,"key":"bronze:BurnAndBuffPotion"},{"floor":31,"key":"FairyPotion"},{"floor":33,"key":"Venom Potion"}],"is_trial":false,"path_per_floor":["M","$","?","?","$","E","R","E","T","M","?","M","M","?","R","B",null,"M","$","M","M","M","R","?","R","T","E","M","E","R","M","R","B",null,"M","M"],"character_chosen":"REMILIA","items_purchased":["BargainBundle","Strength Potion","SteroidPotion","TwelveNightmare"],"campfire_rested":3,"item_purchase_floors":[19,19,19,19],"current_hp_per_floor":[75,75,75,75,75,75,75,75,75,73,73,75,67,67,67,68,75,67,67,46,30,34,56,56,56,56,58,35,30,54,60,80,80,80,18,0,0],"gold":677,"neow_bonus":"THREE_ENEMY_KILL","is_daily":false,"chose_seed":false,"campfire_upgraded":3,"win_rate":0.0,"timestamp":1613544027,"path_taken":["M","$","?","?","$","E","R","E","T","M","?","M","?","?","R","BOSS","M","$","M","M","M","R","?","R","T","E","M","E","R","?","R","BOSS","M","M"],"items_purchased_type":["Relic","Potion","Potion","Card"],"build_version":"2020-12-22","purchased_purges":3,"victory":false,"max_hp_per_floor":[75,75,75,75,75,75,75,75,75,75,75,75,75,75,75,75,75,75,75,75,75,75,75,75,75,75,80,80,80,80,80,80,80,80,80,80,80],"card_choices":[{"not_picked":["ScarletGensokyo","FavorOfDestiny"],"picked":"StarOfDavid","floor":1},{"not_picked":["StarOfDavid","MastersStateliness"],"picked":"Stigmanizer","floor":6},{"not_picked":["BlasphemousPunishment","ScarletImprint"],"picked":"VampirishNight","floor":8},{"not_picked":["AfternoonTea","LeisurelyOfLord"],"picked":"HeartBreak","floor":10},{"not_picked":["NightDance","MastersStateliness"],"picked":"EndlessAdversity","floor":12},{"not_picked":["ForbiddenFruit","UnderTheZenith"],"picked":"ScarletDream","floor":13},{"not_picked":["ChaoticDestiny","BloodRain"],"picked":"DemonKingCradle","floor":16},{"not_picked":["BombardNight","BloodHunter+1"],"picked":"ScarletDevil","floor":18},{"not_picked":["BlasphemousPunishment","NightDance"],"picked":"VampireKiss","floor":18},{"not_picked":["ScarletSymphony","BombardNight"],"picked":"ForecastOfChange","floor":20},{"not_picked":["ScarletNetherworld","MastersStateliness"],"picked":"MillenniumVampire","floor":21},{"not_picked":["MillenniumVampire","ScarletNetherworld","Septette"],"picked":"SKIP","floor":22},{"not_picked":["StarOfDavid","SuperhumanBloodyKnife","HellCatastrophe"],"picked":"SKIP","floor":27},{"not_picked":["StarOfDavid","SuperhumanBloodyKnife","HellCatastrophe"],"picked":"SKIP","floor":27},{"not_picked":["ScarletImprint","BadLadyScramble+1"],"picked":"Stigmanizer+1","floor":28},{"not_picked":["ScarletImprint","EmergencyRegeneration"],"picked":"ScarletGensokyo+1","floor":29},{"not_picked":["BloodHunter+1","ScarletDevil+1","NightDance+1"],"picked":"SKIP","floor":31},{"not_picked":["Septette","BlasphemousPunishment","TwelveNightmare+1"],"picked":"SKIP","floor":35}],"player_experience":368991,"relics_obtained":[{"floor":6,"key":"Letter Opener"},{"floor":8,"key":"Golden Egg"},{"floor":9,"key":"Replay:WaspNest"},{"floor":26,"key":"AntiCross"},{"floor":27,"key":"Smiling Mask"},{"floor":29,"key":"Garlic"},{"floor":34,"key":"War Paint"},{"floor":34,"key":"Frozen Egg 2"},{"floor":34,"key":"Old Coin"}],"event_choices":[{"damage_healed":0,"gold_gain":175,"player_choice":"AGREE","damage_taken":0,"max_hp_gain":0,"max_hp_loss":0,"event_name":"Liars Game","floor":3,"gold_loss":0,"cards_obtained":["Doubt"]},{"cards_removed":["Defend_RM"],"damage_healed":0,"gold_gain":0,"player_choice":"Card Removal","damage_taken":0,"max_hp_gain":0,"max_hp_loss":0,"event_name":"The Cleric","floor":4,"gold_loss":50},{"damage_healed":0,"gold_gain":0,"player_choice":"Got Potions","damage_taken":0,"max_hp_gain":0,"max_hp_loss":0,"event_name":"Lab","floor":11,"gold_loss":0},{"cards_removed":["Strike_RM"],"damage_healed":0,"gold_gain":0,"player_choice":"Forget","damage_taken":0,"max_hp_gain":0,"max_hp_loss":0,"event_name":"Living Wall","floor":14,"gold_loss":0},{"damage_healed":0,"gold_gain":0,"cards_transformed":["Strike_RM"],"player_choice":"Transformed","damage_taken":0,"max_hp_gain":0,"max_hp_loss":0,"event_name":"Transmorgrifier","floor":24,"gold_loss":0,"cards_obtained":["HeartBreak"]}],"is_beta":false,"boss_relics":[{"not_picked":["Empty Cage","Velvet Choker"],"picked":"ReplayTheSpireMod:DimensionalGlitch"},{"not_picked":["Tiny House","Snecko Eye"],"picked":"Calling Bell"}],"items_purged_floors":[2,5,19],"is_endless":false,"potions_floor_spawned":[10,12,18,21,27,28,31,33],"killed_by":"3 Shapes","ascension_level":0}}