{"host":"vk2xyavtylxbvrfq","time":1613592670,"event":{"mods":["Bard","BaseMod","Bestiary","Better Altar","Better Match","Better Note","Better Sensory Stone","Better Skull","Better Vampires","Block Reminder","Bossed Relics","Colored Map","Curses Come First","Displayed Cursed Tome","Downfall","Fox Events","Hermit","Ironclad Rager","Marked Mod","Minty Spire (QoL Compilation)","Quick Restart","Rare Cards Sparkle","Relic Sorter","Reliquary","Robot Space Explorer","StSLib","The Hayseed","The Runesmith","TheSurvivalist","Unceasing Turn Reminder"],"gold_per_floor":[119,119,129,156,156,156,156,174,251,283,301,317,333,343,343,343,343],"floor_reached":16,"language":"ENG","playtime":611,"items_purged":[],"score":135,"play_id":"304a7614-feb1-4565-b85a-e5469f43e612","local_time":"20210217151110","is_ascension_mode":true,"campfire_choices":[{"floor":6.0,"key":"REST"},{"floor":15.0,"key":"REST"}],"circlet_count":0,"master_deck":["hermit:Strike_Hermit","hermit:Strike_Hermit","hermit:Strike_Hermit+1","hermit:Strike_Hermit","hermit:Defend_Hermit+1","hermit:Defend_Hermit","hermit:Defend_Hermit","hermit:Defend_Hermit","hermit:Snapshot","hermit:Covet","hermit:Gestalt","hermit:Dive","Secret Technique","hermit:FromBeyond+1","hermit:SprayPray","hermit:WideOpen","hermit:Spite","hermit:LowProfile","hermit:Misfire"],"relics":["hermit:Momento","hermit:CharredGlove","foxEvents:LuckyCharm","Du-Vu Doll","Bird Faced Urn"],"acts_visited":["Exordium"],"potions_floor_usage":[16],"damage_taken":[{"damage":4.0,"enemies":"Jaw Worm","floor":1.0,"turns":3.0},{"damage":2.0,"enemies":"2 Louse","floor":3.0,"turns":2.0},{"damage":1.0,"enemies":"Colosseum Slavers","floor":4.0,"turns":5.0},{"damage":0.0,"enemies":"Small Slimes","floor":8.0,"turns":5.0},{"damage":2.0,"enemies":"Gremlin Nob","floor":10.0,"turns":4.0},{"damage":1.0,"enemies":"Looter","floor":11.0,"turns":2.0},{"damage":1.0,"enemies":"Blue Slaver","floor":12.0,"turns":2.0},{"damage":26.0,"enemies":"Exordium Wildlife","floor":13.0,"turns":5.0},{"damage":1.0,"enemies":"3 Louse","floor":14.0,"turns":2.0},{"damage":42,"enemies":"Hexaghost","floor":16,"turns":9}],"seed_played":"3877974561256859423","potions_obtained":[{"floor":1.0,"key":"hexamod:SoulburnPotion"},{"floor":11.0,"key":"sneckomod:MuddlingPotion"},{"floor":12.0,"key":"SpeedPotion"}],"is_trial":false,"path_per_floor":["M","?","M","?","?","R","?","M","T","E","M","M","M","M","R","B"],"character_chosen":"HERMIT","items_purchased":[],"campfire_rested":2,"item_purchase_floors":[],"current_hp_per_floor":[46,31,29,28,28,50,50,50,50,48,47,46,20,19,41,0,0],"gold":343,"neow_bonus":"ONE_RARE_RELIC","is_daily":false,"chose_seed":false,"campfire_upgraded":0,"win_rate":0.0,"timestamp":1613592670,"path_taken":["M","?","M","?","?","R","?","M","T","E","M","M","?","M","R","BOSS"],"items_purchased_type":[],"build_version":"2020-12-22","purchased_purges":0,"victory":false,"max_hp_per_floor":[75,75,75,75,75,75,75,75,75,75,75,75,75,75,75,75,75],"card_choices":[{"not_picked":["hermit:Brawl","hermit:Feint"],"picked":"hermit:Gestalt","floor":1.0},{"not_picked":["hermit:CalledShot","hermit:Combo"],"picked":"hermit:Dive","floor":3.0},{"not_picked":["PanicButton","Jack Of All Trades"],"picked":"Secret Technique","floor":5.0},{"not_picked":["hermit:Coalescence","hermit:Desperado"],"picked":"hermit:SprayPray","floor":8.0},{"not_picked":["hermit:Roulette","hermit:Purgatory"],"picked":"hermit:WideOpen","floor":10.0},{"not_picked":["hermit:Scavenge","hermit:TrackingShot"],"picked":"hermit:Spite","floor":11.0},{"not_picked":["hermit:TrackingShot","hermit:Dive","hermit:Feint"],"picked":"SKIP","floor":12.0},{"not_picked":["hermit:CalledShot","hermit:Deadeye"],"picked":"hermit:LowProfile","floor":13.0},{"not_picked":["hermit:Headshot","hermit:TrackingShot"],"picked":"hermit:Misfire","floor":14.0}],"player_experience":1412692,"relics_obtained":[{"floor":4.0,"key":"foxEvents:LuckyCharm"},{"floor":9.0,"key":"Du-Vu Doll"},{"floor":10.0,"key":"Bird Faced Urn"}],"event_choices":[{"damage_healed":0.0,"max_hp_gain":0.0,"max_hp_loss":0.0,"gold_gain":0.0,"event_name":"Shining Light","player_choice":"Entered Light","floor":2.0,"gold_loss":0.0,"damage_taken":15.0,"cards_upgraded":["hermit:Defend_Hermit","hermit:Strike_Hermit"]},{"damage_healed":0.0,"max_hp_gain":0.0,"max_hp_loss":0.0,"gold_gain":1.0,"event_name":"betterStone:BetterStone","player_choice":"1","floor":5.0,"gold_loss":0.0,"damage_taken":0.0},{"damage_healed":0.0,"max_hp_gain":0.0,"max_hp_loss":0.0,"gold_gain":0.0,"event_name":"betterNote:BetterNote","player_choice":"Take","floor":7.0,"gold_loss":0.0,"damage_taken":0.0,"cards_obtained":["hermit:FromBeyond"]}],"is_beta":false,"boss_relics":[],"items_purged_floors":[],"is_endless":false,"potions_floor_spawned":[1,11,12],"killed_by":"Hexaghost","ascension_level":6}}