{"host":"b5jaqh8y266k2cz4","time":1613522156,"event":{"mods":["AchievementEnabler","Aspiration","BaseMod","Colored Powertips","Conspire","Dio Mod","Downfall","Googly Eyes","Hermit","Highlight Path","Hubris","Infinite Spire","MarisaÅiñ∂âJÅ@ñÇóùçπÅj","Mimic Mod","Minty Spire (QoL Compilation)","Quick Restart","Replay The Spire","Spikes Relics","StSLib","Synergy Search","Td1madao Mod","The Animator","The Cursed","The Jungle","The Necromancer","The Servant 0.9.4","The Wild Card","slay the spire mod where everything is the same but ironclad has a cowboy hat"],"gold_per_floor":[110,110,110,285,295,325,325,342,342,342,361,133,167,181,181,284,284,302,302,302,302,202,202,236,236,236,254,254,273,273,11,11,106,106,118,118,135,150,163,163,179,199,223,238,238,55,55,79,79,79],"floor_reached":51,"language":"ENG","playtime":1967,"items_purged":["Doubt","Strike_C"],"score":835,"play_id":"2f969180-8bec-44d7-891f-de4be171f022","local_time":"20210216193556","is_ascension_mode":true,"campfire_choices":[{"data":"Provocative","floor":7,"key":"SMITH"},{"data":"theWildCard:Sakuya","floor":10,"key":"SMITH"},{"data":"Fire Blade","floor":15,"key":"SMITH"},{"data":"BlessedFruit","floor":23,"key":"SMITH"},{"data":"Fire Blade","floor":25,"key":"SMITH"},{"data":"Load Balancing","floor":28,"key":"SMITH"},{"data":"Retrieval Recycling","floor":32,"key":"SMITH"},{"data":"Fire Up","floor":40,"key":"SMITH"},{"data":"Black Shadow","floor":45,"key":"SMITH"},{"data":"Black Shadow","floor":47,"key":"SMITH"},{"data":"Fire Up","floor":49,"key":"SMITH"}],"circlet_count":0,"master_deck":["Strike_C","Strike_C","Strike_C","Defend_C","Defend_C","Defend_C","Defend_C","Knight Kick","Chip","Twin Teeth+1","theWildCard:Sakuya+1","Black Shadow+1","Provocative+1","Fire Blade+1","Twin Teeth+1","Fire Blade+1","Retrieval Recycling+1","BlessedFruit+1","BlessedFruit+1","Black Shadow+1","Load Balancing+1","Provocative","Fire Up+1","Provocative+1","Black Shadow+1","Fire Up+1"],"relics":["Apod","NeowsBlessing","Kunai","Replay:Baseball","infinitespire:FocusingShard","hubris:RunicObelisk","theJungle:BirthdayCakeSlice","HeavenlyBonsai","Omamori","infinitespire:Satchel","Replay:Bottled Eggs","hubris:ScarierMask","SpikesRelics:DaevaFist","infinitespire:PuzzleCube","hubris:TenFootPole"],"acts_visited":["Exordium","theJungle:Jungle","TheBeyond"],"potions_floor_usage":[16,16,16,33,33,37,42,50,50],"damage_taken":[{"damage":0,"enemies":"Jaw Worm","floor":1,"turns":1},{"damage":0,"enemies":"Small Slimes","floor":5,"turns":1},{"damage":0,"enemies":"3 Sentries","floor":6,"turns":1},{"damage":0,"enemies":"2 Louse","floor":8,"turns":2},{"damage":0,"enemies":"Exordium Thugs","floor":11,"turns":3},{"damage":12,"enemies":"Lagavulin","floor":13,"turns":4},{"damage":0,"enemies":"Large Slime","floor":14,"turns":3},{"damage":0,"enemies":"Slime Boss","floor":16,"turns":3},{"damage":0,"enemies":"theJungle:5_Spyders","floor":18,"turns":6},{"damage":21,"enemies":"theJungle:MamaSnecko","floor":24,"turns":6},{"damage":13,"enemies":"theJungle:MUSHROOMGANG","floor":27,"turns":5},{"damage":3,"enemies":"theJungle:Lyon","floor":29,"turns":3},{"damage":19,"enemies":"theJungle:TotemBoss","floor":33,"turns":11},{"damage":5,"enemies":"3 Darklings","floor":35,"turns":3},{"damage":0,"enemies":"Orb Walker","floor":37,"turns":2},{"damage":4,"enemies":"Transient","floor":38,"turns":5},{"damage":1,"enemies":"3 Darklings","floor":39,"turns":5},{"damage":0,"enemies":"Spire Growth","floor":41,"turns":3},{"damage":4,"enemies":"Maw","floor":42,"turns":5},{"damage":4,"enemies":"Transient","floor":44,"turns":5},{"damage":36,"enemies":"Donu and Deca","floor":50,"turns":9}],"seed_played":"2747925591470192577","potions_obtained":[{"floor":1,"key":"hexamod:SoulburnPotion"},{"floor":11,"key":"PowerPotion"},{"floor":14,"key":"hexamod:SoulburnPotion"},{"floor":16,"key":"Block Potion"},{"floor":18,"key":"Swift Potion"},{"floor":24,"key":"SkillPotion"},{"floor":33,"key":"Dexterity Potion"},{"floor":38,"key":"Block Potion"},{"floor":42,"key":"ColorlessPotion"}],"is_trial":false,"path_per_floor":["M","?","?","?","M","E","R","M","T","R","M","$","E","M","R","B",null,"M","?","T","?","$","R","E","R","T","M","R","M","?","$","R","B",null,"M","?","M","M","M","R","M","M","T","M","R","$","R","T","R","B",null],"character_chosen":"TD1MADAO_CLASS","items_purchased":["Replay:Baseball","Replay:Bottled Eggs","Fire Up","infinitespire:PuzzleCube"],"campfire_rested":0,"item_purchase_floors":[12,31,46,46],"current_hp_per_floor":[70,70,70,70,70,70,70,70,70,70,70,70,58,58,58,58,70,70,75,75,75,75,75,58,58,58,49,49,46,46,46,46,31,87,86,86,88,88,91,91,93,93,93,93,93,93,93,93,93,61],"gold":79,"neow_bonus":"THREE_ENEMY_KILL","is_daily":false,"chose_seed":false,"campfire_upgraded":11,"win_rate":0.0,"timestamp":1613522156,"path_taken":["M","?","?","?","M","E","R","M","T","R","M","$","E","M","R","BOSS","M","?","?","?","$","R","E","R","T","M","R","?","?","$","R","BOSS","M","?","M","M","M","R","M","M","T","?","R","$","R","?","R","BOSS"],"items_purchased_type":["Relic","Relic","Card","Relic"],"build_version":"2020-12-22","purchased_purges":2,"victory":true,"max_hp_per_floor":[70,70,70,70,70,70,70,70,70,70,70,70,70,70,70,70,70,70,75,75,75,75,75,79,79,79,83,83,83,83,83,83,87,87,91,91,93,97,101,101,103,107,107,111,111,111,111,111,111,115],"card_choices":[{"not_picked":["Three Hit","Awareness"],"picked":"Twin Teeth","floor":1},{"not_picked":["Black Hand","New Defend Magic"],"picked":"Black Shadow","floor":5},{"not_picked":["Transfer Energy","Sudden Beat"],"picked":"Provocative","floor":6},{"not_picked":["Fixing","Reflection Mechanism"],"picked":"Fire Blade","floor":8},{"not_picked":["Paralysis","Awareness","Data Freezing"],"picked":"SKIP","floor":11},{"not_picked":["New Defend Magic","Energy Supply"],"picked":"Twin Teeth","floor":13},{"not_picked":["Black Execution","Floating Even"],"picked":"Fire Blade","floor":14},{"not_picked":["Moon Tear","Memory Alloy"],"picked":"Retrieval Recycling","floor":16},{"not_picked":["Bugfix","Winding Magic","Gravity Defend"],"picked":"SKIP","floor":18},{"not_picked":["De Ware Chip","E MP"],"picked":"Black Shadow+1","floor":24},{"not_picked":["Money Cant Rescue","Format All Data"],"picked":"Load Balancing","floor":27},{"not_picked":["Preloading","Recovery Mechanism"],"picked":"Provocative","floor":29},{"not_picked":["Fixing","White Contract","Preloading"],"picked":"SKIP","floor":35},{"not_picked":["Preloading+1","Fixing+1","Lunge"],"picked":"SKIP","floor":37},{"not_picked":["Here Defend Chip+1","Ruin Defend"],"picked":"Fire Up","floor":38},{"not_picked":["Resistance","Fixing+1"],"picked":"Provocative+1","floor":39},{"not_picked":["Resistance+1","Rupture","Oblique Hack+1"],"picked":"SKIP","floor":41},{"not_picked":["Preloading","Lunge+1","Resistance+1"],"picked":"SKIP","floor":42},{"not_picked":["Preparedness","Shockwave Tdmadao"],"picked":"Black Shadow","floor":44}],"player_experience":393904,"relics_obtained":[{"floor":6,"key":"Kunai"},{"floor":13,"key":"infinitespire:FocusingShard"},{"floor":20,"key":"HeavenlyBonsai"},{"floor":24,"key":"Omamori"},{"floor":26,"key":"infinitespire:Satchel"},{"floor":43,"key":"SpikesRelics:DaevaFist"},{"floor":48,"key":"hubris:TenFootPole"}],"event_choices":[{"damage_healed":0,"gold_gain":175,"player_choice":"AGREE","damage_taken":0,"max_hp_gain":0,"max_hp_loss":0,"event_name":"Liars Game","floor":4,"gold_loss":0,"cards_obtained":["Doubt"]},{"damage_healed":0,"gold_gain":0,"player_choice":"Forge","damage_taken":0,"max_hp_gain":0,"max_hp_loss":0,"event_name":"Accursed Blacksmith","floor":21,"gold_loss":0,"cards_upgraded":["BlessedFruit"]},{"damage_healed":0,"gold_gain":0,"player_choice":"Ignored","damage_taken":0,"max_hp_gain":0,"max_hp_loss":0,"event_name":"SecretPortal","floor":36,"gold_loss":0}],"is_beta":false,"boss_relics":[{"not_picked":["hubris:TerracottaHorce","Cursed Key"],"picked":"hubris:RunicObelisk"},{"not_picked":["Snecko Eye","Foreshadowing"],"picked":"hubris:ScarierMask"}],"items_purged_floors":[12,22],"is_endless":false,"potions_floor_spawned":[1,11,14,16,18,24,33,38,39,42],"ascension_level":1}}