{"host":"bg8va46pgqgvtzim","time":1613576625,"event":{"mods":["BaseMod","Minty Spire (QoL Compilation)","Quick Restart","StSLib","SuperFastMode"],"gold_per_floor":[13,13,13,23,23,37,71,71,99,99,24,24,56,56,90,90,103,118,18,38,38,38,136,136,150,150,169,199,199,212,232,232,262,262,273,304,327,351,351,365,365,384,418,433,433,444,444,444,444,545,545,559,570,586,597,614,249,268,268,301,301,320,351,370,396,413,468,480,494,526,436,453,471,482,482,482,482,482,482,36,62,62],"floor_reached":83,"language":"ZHS","playtime":2990,"items_purged":["Strike_G","Strike_G","Riddle With Holes+1"],"score":1861,"play_id":"658234b1-22f8-4d76-9d01-425c0ebccbd4","local_time":"20210217234345","is_ascension_mode":true,"campfire_choices":[{"data":"Envenom","floor":8,"key":"SMITH"},{"data":"Blade Dance","floor":10,"key":"SMITH"},{"data":"Terror","floor":14,"key":"SMITH"},{"data":"Footwork","floor":16,"key":"SMITH"},{"data":"Well Laid Plans","floor":21,"key":"SMITH"},{"data":"Neutralize","floor":22,"key":"SMITH"},{"floor":32,"key":"RECALL"},{"data":"Reflex","floor":34,"key":"SMITH"},{"data":"Escape Plan","floor":39,"key":"SMITH"},{"floor":41,"key":"REST"},{"data":"Acrobatics","floor":45,"key":"SMITH"},{"data":"Tools of the Trade","floor":48,"key":"SMITH"},{"data":"Accuracy","floor":49,"key":"SMITH"},{"data":"Deep Breath","floor":59,"key":"SMITH"},{"data":"Envenom","floor":61,"key":"SMITH"},{"data":"Tactician","floor":75,"key":"SMITH"},{"data":"After Image","floor":76,"key":"SMITH"},{"floor":79,"key":"REST"}],"circlet_count":0,"master_deck":["Defend_G+1","Defend_G+1","Survivor+1","Neutralize+1","Blade Dance+1","Reflex+1","Envenom+1","Terror+1","Escape Plan+1","Well Laid Plans+1","Reflex+1","Footwork+1","Accuracy+1","Acrobatics+1","Tools of the Trade+1","Envenom+1","Escape Plan+1","Backflip+1","Deep Breath+1","Blur+1","Prepared+1","Blade Dance+1","After Image+1","Tactician+1"],"relics":["Ring of the Snake","Ancient Tea Set","Du-Vu Doll","Potion Belt","HoveringKite","Red Mask","Nilry\u0027s Codex","Whetstone","CaptainsWheel","Lantern","MealTicket","War Paint","FaceOfCleric","Empty Cage","Medical Kit","Strawberry","Bottled Tornado","Vajra","StoneCalendar","Pen Nib","TungstenRod","ClockworkSouvenir","Anchor"],"acts_visited":["Exordium","TheCity","TheBeyond","TheEnding"],"potions_floor_usage":[9,30,33,43,43,54,70,70,82,82,82,82,82],"damage_taken":[{"damage":1,"enemies":"Cultist","floor":1,"turns":3},{"damage":0,"enemies":"Small Slimes","floor":4,"turns":2},{"damage":0,"enemies":"2 Louse","floor":6,"turns":2},{"damage":24,"enemies":"Gremlin Nob","floor":7,"turns":5},{"damage":2,"enemies":"3 Sentries","floor":9,"turns":9},{"damage":2,"enemies":"Lagavulin","floor":13,"turns":6},{"damage":0,"enemies":"Gremlin Nob","floor":15,"turns":3},{"damage":0,"enemies":"Red Slaver","floor":17,"turns":3},{"damage":0,"enemies":"Looter","floor":18,"turns":3},{"damage":0,"enemies":"3 Louse","floor":20,"turns":4},{"damage":0,"enemies":"The Guardian","floor":23,"turns":7},{"damage":0,"enemies":"Chosen","floor":25,"turns":5},{"damage":1,"enemies":"Shell Parasite","floor":27,"turns":5},{"damage":17,"enemies":"Masked Bandits","floor":28,"turns":5},{"damage":0,"enemies":"Centurion and Healer","floor":30,"turns":6},{"damage":0,"enemies":"Snake Plant","floor":31,"turns":6},{"damage":20,"enemies":"Slavers","floor":33,"turns":7},{"damage":0,"enemies":"Snecko","floor":35,"turns":5},{"damage":9,"enemies":"Gremlin Leader","floor":36,"turns":9},{"damage":3,"enemies":"Cultist and Chosen","floor":40,"turns":6},{"damage":0,"enemies":"Sentry and Sphere","floor":42,"turns":8},{"damage":8,"enemies":"Slavers","floor":43,"turns":6},{"damage":0,"enemies":"Shelled Parasite and Fungi","floor":44,"turns":4},{"damage":0,"enemies":"Cultist and Chosen","floor":46,"turns":3},{"damage":0,"enemies":"Champ","floor":50,"turns":7},{"damage":0,"enemies":"3 Darklings","floor":52,"turns":5},{"damage":0,"enemies":"Orb Walker","floor":53,"turns":3},{"damage":9,"enemies":"4 Shapes","floor":54,"turns":6},{"damage":0,"enemies":"3 Darklings","floor":55,"turns":4},{"damage":12,"enemies":"Sphere and 2 Shapes","floor":56,"turns":5},{"damage":0,"enemies":"Jaw Worm Horde","floor":58,"turns":4},{"damage":3,"enemies":"Nemesis","floor":60,"turns":5},{"damage":0,"enemies":"Maw","floor":62,"turns":5},{"damage":0,"enemies":"Reptomancer","floor":63,"turns":5},{"damage":2,"enemies":"Sphere and 2 Shapes","floor":64,"turns":4},{"damage":0,"enemies":"Writhing Mass","floor":66,"turns":6},{"damage":20,"enemies":"2 Orb Walkers","floor":67,"turns":4},{"damage":0,"enemies":"Transient","floor":68,"turns":5},{"damage":0,"enemies":"3 Darklings","floor":69,"turns":3},{"damage":9,"enemies":"Giant Head","floor":70,"turns":6},{"damage":0,"enemies":"Writhing Mass","floor":72,"turns":4},{"damage":0,"enemies":"Sphere and 2 Shapes","floor":73,"turns":4},{"damage":0,"enemies":"Spire Growth","floor":74,"turns":3},{"damage":0,"enemies":"Awakened One","floor":77,"turns":5},{"damage":0,"enemies":"Shield and Spear","floor":81,"turns":2},{"damage":0,"enemies":"The Heart","floor":82,"turns":5}],"seed_played":"4905315191640322403","potions_obtained":[{"floor":4,"key":"PowerPotion"},{"floor":7,"key":"Block Potion"},{"floor":9,"key":"SpeedPotion"},{"floor":18,"key":"SpeedPotion"},{"floor":20,"key":"Regen Potion"},{"floor":27,"key":"GhostInAJar"},{"floor":33,"key":"Swift Potion"},{"floor":35,"key":"DistilledChaos"},{"floor":36,"key":"Block Potion"},{"floor":43,"key":"Regen Potion"},{"floor":46,"key":"Ancient Potion"},{"floor":54,"key":"Swift Potion"},{"floor":58,"key":"DistilledChaos"},{"floor":68,"key":"PowerPotion"},{"floor":69,"key":"Regen Potion"},{"floor":70,"key":"SteroidPotion"},{"floor":73,"key":"Poison Potion"}],"is_trial":false,"path_per_floor":["M","?","?","M","?","M","E","R","E","R","$","T","E","R","E","R","M","M","$","M","R","R","B",null,"M","?","M","?","?","M","M","R","E","R","M","E","T","T","R","M","R","M","E","M","R","M","?","R","R","B",null,"M","M","M","M","M","$","M","R","E","R","M","E","M","T","M","?","M","M","E","?","M","M","M","R","R","B",null,"R","$","E","B",null],"character_chosen":"THE_SILENT","items_purchased":["Medical Kit","Deep Breath","TungstenRod","ClockworkSouvenir"],"campfire_rested":2,"item_purchase_floors":[57,57,80,80],"current_hp_per_floor":[69,69,55,55,55,55,31,31,29,29,29,29,27,27,27,27,27,27,27,27,27,27,27,70,70,70,69,52,36,36,36,36,31,31,31,22,22,22,22,19,40,40,32,32,32,32,32,32,32,33,71,72,73,65,66,55,70,71,71,76,76,77,78,77,77,78,59,60,61,93,93,94,95,96,96,96,97,97,97,97,98,99],"gold":62,"neow_bonus":"TRANSFORM_TWO_CARDS","is_daily":false,"chose_seed":false,"campfire_upgraded":15,"win_rate":0.0,"timestamp":1613576625,"path_taken":["M","?","?","M","?","M","E","R","E","R","$","T","E","R","E","R","M","M","$","?","R","R","BOSS","M","?","M","?","?","M","M","R","E","R","M","E","T","T","R","M","R","M","E","M","R","M","?","R","R","BOSS","M","?","M","M","M","$","M","R","E","R","M","E","M","T","M","?","M","M","E","?","M","?","M","R","R","BOSS","R","$","E","BOSS"],"items_purchased_type":["Relic","Card","Relic","Relic"],"build_version":"2020-12-22","purchased_purges":3,"victory":true,"max_hp_per_floor":[70,70,70,70,70,70,70,70,70,70,70,70,70,70,70,70,70,70,70,70,70,70,70,70,70,70,70,70,70,70,70,70,70,70,70,70,70,70,70,70,70,70,70,70,70,70,70,70,70,71,71,72,73,74,75,76,76,77,77,85,85,86,87,88,88,89,90,91,92,93,93,94,95,96,96,96,97,97,97,97,98,99],"card_choices":[{"not_picked":["Deadly Poison","All Out Attack"],"picked":"Reflex","floor":1},{"not_picked":["Expertise","Underhanded Strike"],"picked":"Terror","floor":4},{"not_picked":["Finisher","Flechettes"],"picked":"Escape Plan","floor":6},{"not_picked":["PiercingWail","Accuracy"],"picked":"Well Laid Plans","floor":7},{"not_picked":["Bane","Predator"],"picked":"Reflex","floor":9},{"not_picked":["Dagger Throw","Catalyst","Bullet Time"],"picked":"SKIP","floor":13},{"not_picked":["Quick Slash","Bouncing Flask"],"picked":"Footwork","floor":15},{"not_picked":["Blade Dance","Slice","Eviscerate"],"picked":"SKIP","floor":17},{"not_picked":["Flying Knee","Wraith Form v2","Slice"],"picked":"SKIP","floor":18},{"not_picked":["PiercingWail","Dagger Spray","Flechettes"],"picked":"SKIP","floor":20},{"not_picked":["PiercingWail","Dagger Spray","Flechettes"],"picked":"SKIP","floor":20},{"not_picked":["Leg Sweep","Bane","Sucker Punch"],"picked":"SKIP","floor":25},{"not_picked":["Predator","Dagger Throw+1","Dagger Spray"],"picked":"SKIP","floor":27},{"not_picked":["Deadly Poison","Dash","Reflex+1"],"picked":"SKIP","floor":30},{"not_picked":["Wraith Form v2","Dagger Throw","Backflip"],"picked":"SKIP","floor":31},{"not_picked":["Distraction+1","Deadly Poison+1","Poisoned Stab"],"picked":"SKIP","floor":33},{"not_picked":["Blade Dance","Bouncing Flask","Flying Knee+1"],"picked":"SKIP","floor":35},{"not_picked":["Setup","Slice","Dash"],"picked":"SKIP","floor":36},{"not_picked":["Poisoned Stab","Deflect+1","Crippling Poison+1"],"picked":"SKIP","floor":40},{"not_picked":["Quick Slash","Deadly Poison+1"],"picked":"Accuracy","floor":42},{"not_picked":["Bane+1","Noxious Fumes","Eviscerate"],"picked":"SKIP","floor":43},{"not_picked":["Outmaneuver+1","Backflip"],"picked":"Acrobatics","floor":44},{"not_picked":["PiercingWail","Backstab+1"],"picked":"Tools of the Trade","floor":46},{"not_picked":["Die Die Die","Venomology"],"picked":"Envenom","floor":50},{"not_picked":["Dagger Spray","Dodge and Roll"],"picked":"Escape Plan+1","floor":52},{"not_picked":["Bane+1","Flying Knee","Slice"],"picked":"SKIP","floor":53},{"not_picked":["Predator+1","Slice"],"picked":"Backflip+1","floor":54},{"not_picked":["Underhanded Strike","Accuracy","Blade Dance"],"picked":"SKIP","floor":55},{"not_picked":["Predator+1","Backstab","Dagger Spray"],"picked":"SKIP","floor":56},{"not_picked":["Storm of Steel","Backflip","Leg Sweep"],"picked":"SKIP","floor":58},{"not_picked":["Predator+1","Dodge and Roll+1","PiercingWail"],"picked":"SKIP","floor":60},{"not_picked":["Crippling Poison","Slice","Noxious Fumes"],"picked":"SKIP","floor":62},{"not_picked":["Crippling Poison","Slice","Noxious Fumes"],"picked":"SKIP","floor":62},{"not_picked":["Phantasmal Killer","Backflip"],"picked":"Blur+1","floor":63},{"not_picked":["Dagger Spray","Outmaneuver+1","Backflip+1"],"picked":"SKIP","floor":64},{"not_picked":["Dagger Throw","Outmaneuver","Poisoned Stab"],"picked":"SKIP","floor":66},{"not_picked":["Backstab","Backflip"],"picked":"Prepared+1","floor":67},{"not_picked":["Noxious Fumes+1","Dagger Spray","Deadly Poison+1"],"picked":"SKIP","floor":68},{"not_picked":["Backflip","Deflect+1"],"picked":"Blade Dance","floor":69},{"not_picked":["Dash","Slice"],"picked":"After Image","floor":70},{"not_picked":["Finisher+1","Blade Dance+1"],"picked":"Tactician","floor":72},{"not_picked":["Infinite Blades+1","Quick Slash","Dodge and Roll+1"],"picked":"SKIP","floor":73},{"not_picked":["Dodge and Roll","Acrobatics+1","Die Die Die"],"picked":"SKIP","floor":74},{"not_picked":["Dodge and Roll","Acrobatics+1","Die Die Die"],"picked":"SKIP","floor":74},{"not_picked":["Deflect","Outmaneuver","Backflip"],"picked":"SKIP","floor":81}],"player_experience":2493603,"relics_obtained":[{"floor":7,"key":"Ancient Tea Set"},{"floor":13,"key":"Du-Vu Doll"},{"floor":15,"key":"Potion Belt"},{"floor":28,"key":"Red Mask"},{"floor":29,"key":"Nilry\u0027s Codex"},{"floor":33,"key":"Whetstone"},{"floor":36,"key":"CaptainsWheel"},{"floor":37,"key":"Lantern"},{"floor":38,"key":"MealTicket"},{"floor":43,"key":"War Paint"},{"floor":60,"key":"Strawberry"},{"floor":63,"key":"Bottled Tornado"},{"floor":65,"key":"Vajra"},{"floor":67,"key":"StoneCalendar"},{"floor":70,"key":"Pen Nib"},{"floor":81,"key":"Anchor"}],"event_choices":[{"damage_healed":0,"gold_gain":0,"cards_transformed":["Strike_G"],"player_choice":"Change","damage_taken":0,"max_hp_gain":0,"max_hp_loss":0,"event_name":"Living Wall","floor":2,"gold_loss":0,"cards_obtained":["Envenom"]},{"damage_healed":0,"gold_gain":0,"player_choice":"Entered Light","damage_taken":14,"max_hp_gain":0,"max_hp_loss":0,"event_name":"Shining Light","floor":3,"gold_loss":0,"cards_upgraded":["Defend_G","Reflex"]},{"damage_healed":0,"gold_gain":0,"player_choice":"Ignored","damage_taken":0,"max_hp_gain":0,"max_hp_loss":0,"event_name":"NoteForYourself","floor":5,"gold_loss":0},{"damage_healed":0,"gold_gain":0,"player_choice":"Ignored","damage_taken":0,"max_hp_gain":0,"max_hp_loss":0,"event_name":"Vampires","floor":26,"gold_loss":0},{"damage_healed":0,"gold_gain":0,"player_choice":"Fought Bandits","damage_taken":0,"max_hp_gain":0,"max_hp_loss":0,"event_name":"Masked Bandits","floor":28,"gold_loss":0},{"damage_healed":0,"gold_gain":0,"player_choice":"Obtained Book","damage_taken":16,"max_hp_gain":0,"max_hp_loss":0,"event_name":"Cursed Tome","floor":29,"gold_loss":0},{"damage_healed":0,"gold_gain":0,"player_choice":"Trade","damage_taken":0,"relics_obtained":["FaceOfCleric"],"max_hp_gain":0,"max_hp_loss":0,"event_name":"FaceTrader","floor":47,"gold_loss":0},{"damage_healed":0,"gold_gain":0,"player_choice":"Fight","damage_taken":0,"max_hp_gain":0,"max_hp_loss":0,"event_name":"Mysterious Sphere","floor":67,"gold_loss":0},{"cards_removed":["Defend_G"],"damage_healed":0,"gold_gain":0,"player_choice":"Upgrade and Remove","damage_taken":0,"max_hp_gain":0,"max_hp_loss":0,"event_name":"Designer","floor":71,"gold_loss":90,"cards_upgraded":["Blade Dance"]}],"is_beta":false,"boss_relics":[{"not_picked":["Cursed Key","Fusion Hammer"],"picked":"HoveringKite"},{"not_picked":["Black Star","Runic Pyramid"],"picked":"Empty Cage"}],"items_purged_floors":[11,19,57],"is_endless":false,"potions_floor_spawned":[4,7,9,18,20,27,28,33,35,36,43,46,54,58,60,63,67,68,69,70,73,81],"ascension_level":1}}