{"host":"ohy0y2gq28lmekc7","time":1613561276,"event":{"mods":["AchievementEnabler","Act Like it!","BaseMod","Better Third Choice","BetterRewards","Colored Powertips","Curses Come First","Highlight Path","Minty Spire (QoL Compilation)","Permanent Neow","Quick Restart","Relic Stats","StSLib"],"gold_per_floor":[117,128,203,28,28,57,57,57,57,86,101,7,7,7,7,102,102,122,135,150,65,65,98,110,110,133,145,145,70,95,113,113,210,210,220,240,240,240,255,255,255,255,279,279,325,342,20,39,39,39],"floor_reached":51,"language":"ENG","playtime":4025,"items_purged":[],"score":768,"play_id":"54b98fae-60ce-4155-9546-a0087b988392","local_time":"20210217122756","is_ascension_mode":false,"campfire_choices":[{"data":"Entrench","floor":7.0,"key":"SMITH"},{"floor":13.0,"key":"REST"},{"data":"Metallicize","floor":15.0,"key":"SMITH"},{"data":"Fire Breathing","floor":25.0,"key":"SMITH"},{"data":"Combust","floor":28.0,"key":"SMITH"},{"data":"Madness","floor":32.0,"key":"SMITH"},{"data":"Barricade","floor":40.0,"key":"SMITH"},{"data":"Madness","floor":44.0,"key":"SMITH"},{"data":"Madness","floor":49.0,"key":"SMITH"}],"circlet_count":0,"master_deck":["Strike_R+1","Strike_R+1","Defend_R","Defend_R","Defend_R","Bash","Madness+1","PanicButton","Entrench+1","Cleave","Combust+1","Shrug It Off","Bandage Up","Regret","Metallicize+1","Apotheosis+1","Headbutt+1","Iron Wave+1","Body Slam+1","Flex","Feed+1","Ghostly Armor","Seeing Red","Fire Breathing+1","Iron Wave+1","Dual Wield+1","Dual Wield+1","Body Slam+1","Dual Wield+1","Barricade+1","Iron Wave+1","Offering+1","Double Tap+1","Reckless Charge+1","Body Slam+1","Mayhem","PanicButton","Thinking Ahead","Cleave+1","Madness+1","Madness+1","Doubt","Reckless Charge+1","Pommel Strike+1","Metallicize","Body Slam+1","Shrug It Off","Metallicize+1"],"relics":["Burning Blood","Calipers","Paper Frog","Red Skull","Molten Egg 2","Whetstone","Self Forming Clay","InkBottle","Ice Cream","Philosopher\u0027s Stone","Du-Vu Doll","Centennial Puzzle","Happy Flower","Juzu Bracelet","Astrolabe","Vajra","Mango","Lantern"],"acts_visited":["Exordium","TheCity","TheBeyond"],"potions_floor_usage":[50,50,50],"damage_taken":[{"damage":0.0,"enemies":"Small Slimes","floor":1.0,"turns":5.0},{"damage":17.0,"enemies":"2 Louse","floor":2.0,"turns":4.0},{"damage":26.0,"enemies":"Gremlin Nob","floor":6.0,"turns":5.0},{"damage":14.0,"enemies":"3 Sentries","floor":10.0,"turns":8.0},{"damage":11.0,"enemies":"Jaw Worm","floor":11.0,"turns":4.0},{"damage":14.0,"enemies":"Hexaghost","floor":16.0,"turns":6.0},{"damage":1.0,"enemies":"2 Thieves","floor":18.0,"turns":4.0},{"damage":2.0,"enemies":"Spheric Guardian","floor":19.0,"turns":5.0},{"damage":18.0,"enemies":"3 Cultists","floor":20.0,"turns":5.0},{"damage":20.0,"enemies":"Slavers","floor":23.0,"turns":4.0},{"damage":6.0,"enemies":"Cultist and Chosen","floor":24.0,"turns":6.0},{"damage":22.0,"enemies":"Snake Plant","floor":27.0,"turns":4.0},{"damage":10.0,"enemies":"Gremlin Leader","floor":30.0,"turns":6.0},{"damage":6.0,"enemies":"Centurion and Healer","floor":31.0,"turns":4.0},{"damage":27.0,"enemies":"Champ","floor":33.0,"turns":10.0},{"damage":16.0,"enemies":"3 Shapes","floor":35.0,"turns":7.0},{"damage":24.0,"enemies":"3 Darklings","floor":36.0,"turns":11.0},{"damage":54.0,"enemies":"Jaw Worm Horde","floor":39.0,"turns":6.0},{"damage":20.0,"enemies":"2 Orb Walkers","floor":45.0,"turns":3.0},{"damage":7.0,"enemies":"Transient","floor":46.0,"turns":5.0},{"damage":14.0,"enemies":"Writhing Mass","floor":48.0,"turns":3.0},{"damage":78,"enemies":"Time Eater","floor":50,"turns":10}],"seed_played":"-4558713260372272167","potions_obtained":[{"floor":2.0,"key":"Energy Potion"},{"floor":6.0,"key":"Ancient Potion"},{"floor":16.0,"key":"Explosive Potion"},{"floor":19.0,"key":"BloodPotion"},{"floor":20.0,"key":"AttackPotion"},{"floor":30.0,"key":"Explosive Potion"},{"floor":36.0,"key":"Ancient Potion"},{"floor":46.0,"key":"EssenceOfSteel"}],"is_trial":false,"path_per_floor":["M","M","?","$","?","E","R","?","T","E","M","$","R","T","R","B",null,"M","M","M","?","?","E","M","R","T","M","R","?","E","M","R","B",null,"M","M","?","?","M","R","?","?","T","R","?","M","$","M","R","B",null],"character_chosen":"IRONCLAD","items_purchased":["Paper Frog","Red Skull","Combust","Shrug It Off","Bandage Up","Body Slam+1","Flex","Lantern","Metallicize","Body Slam+1","Shrug It Off"],"campfire_rested":1,"item_purchase_floors":[0,0,4,4,4,12,12,47,47,47,47],"current_hp_per_floor":[50,39,28,28,28,12,12,12,12,8,7,7,31,31,31,27,80,84,84,82,82,88,82,92,92,92,82,82,82,82,82,82,67,96,94,82,82,72,32,32,19,104,104,104,108,107,107,105,105,37],"gold":39,"neow_bonus":"","is_daily":false,"chose_seed":false,"campfire_upgraded":8,"win_rate":0.0,"timestamp":1613561276,"path_taken":["M","M","?","$","?","E","R","?","T","E","M","?","R","?","R","BOSS","M","M","M","?","?","E","?","R","T","M","R","?","E","M","R","BOSS","M","M","?","?","M","R","?","?","T","R","?","M","$","M","R","BOSS"],"items_purchased_type":["Relic","Relic","Card","Card","Card","Card","Card","Relic","Card","Card","Card"],"build_version":"2020-12-22","purchased_purges":0,"victory":true,"max_hp_per_floor":[80,80,80,80,80,80,80,80,80,80,80,80,80,80,80,80,80,84,84,88,88,88,92,96,96,96,96,96,96,96,96,96,96,96,100,100,100,100,104,104,104,104,104,104,122,122,122,122,122,122],"relic_stats":{"Centennial Puzzle":[36],"Happy Flower":[23],"counters":[24,136],"Self Forming Clay":[258],"Astrolabe":["Iron Wave","Offering","Double Tap"],"Juzu Bracelet":0,"Whetstone":["Strike_R","Strike_R"],"obtain_stats":[{"Ice Cream":14,"Lantern":47,"Calipers":0,"SacredBark":0,"Vajra":43,"Mango":45,"Juzu Bracelet":30,"Whetstone":6,"Burning Blood":0,"Centennial Puzzle":23,"Matryoshka":0,"Philosopher\u0027s Stone":17,"Red Skull":0,"InkBottle":10,"Paper Frog":0,"Happy Flower":0,"Self Forming Clay":9,"Astrolabe":34,"Oddly Smooth Stone":0,"Pen Nib":0,"Du-Vu Doll":21,"SlaversCollar":0,"Shuriken":0,"Molten Egg 2":5,"NlothsMask":0},{"Ice Cream":7,"Lantern":22,"Calipers":2,"SacredBark":0,"Vajra":20,"Mango":21,"Juzu Bracelet":15,"Whetstone":5,"Burning Blood":0,"Centennial Puzzle":12,"Matryoshka":0,"Philosopher\u0027s Stone":8,"Red Skull":2,"InkBottle":6,"Paper Frog":2,"Happy Flower":0,"Self Forming Clay":5,"Astrolabe":17,"Oddly Smooth Stone":0,"Pen Nib":0,"Du-Vu Doll":11,"SlaversCollar":0,"Shuriken":0,"Molten Egg 2":4,"NlothsMask":0},{"Ice Cream":37,"Lantern":123,"Calipers":11,"SacredBark":0,"Vajra":115,"Mango":118,"Juzu Bracelet":77,"Whetstone":25,"Burning Blood":0,"Centennial Puzzle":61,"Matryoshka":0,"Philosopher\u0027s Stone":43,"Red Skull":11,"InkBottle":33,"Paper Frog":11,"Happy Flower":0,"Self Forming Clay":25,"Astrolabe":91,"Oddly Smooth Stone":0,"Pen Nib":0,"Du-Vu Doll":57,"SlaversCollar":0,"Shuriken":0,"Molten Egg 2":20,"NlothsMask":0}],"Burning Blood":128,"InkBottle":[48]},"card_choices":[{"not_picked":["True Grit","Flex"],"picked":"Entrench","floor":1.0},{"not_picked":["Intimidate","Flex"],"picked":"Cleave","floor":2.0},{"not_picked":["Flame Barrier","Impervious"],"picked":"Metallicize","floor":6.0},{"not_picked":["Sever Soul+1","Disarm"],"picked":"Headbutt+1","floor":10.0},{"not_picked":["Burning Pact","Clash+1"],"picked":"Iron Wave+1","floor":11.0},{"not_picked":["Double Tap","Impervious"],"picked":"Feed+1","floor":16.0},{"not_picked":["Sever Soul+1","Clothesline+1"],"picked":"Ghostly Armor","floor":18.0},{"not_picked":["Ghostly Armor","Perfected Strike+1"],"picked":"Seeing Red","floor":19.0},{"not_picked":["Clothesline+1","Shockwave+1"],"picked":"Fire Breathing","floor":20.0},{"not_picked":["Armaments","Inflame"],"picked":"Iron Wave+1","floor":23.0},{"not_picked":["Cleave+1","Carnage+1"],"picked":"Dual Wield+1","floor":24.0},{"not_picked":["Twin Strike+1","Carnage+1"],"picked":"Dual Wield+1","floor":27.0},{"not_picked":["Armaments","Iron Wave+1"],"picked":"Body Slam+1","floor":30.0},{"not_picked":["Twin Strike+1","Rage"],"picked":"Dual Wield+1","floor":31.0},{"not_picked":["Impervious","Corruption"],"picked":"Barricade","floor":33.0},{"not_picked":["Twin Strike+1","Headbutt+1"],"picked":"Reckless Charge+1","floor":35.0},{"not_picked":["Perfected Strike+1","Searing Blow+1"],"picked":"Body Slam+1","floor":36.0},{"not_picked":["Mind Blast+1","Apotheosis"],"picked":"Mayhem","floor":38.0},{"not_picked":["Panacea","Blind"],"picked":"PanicButton","floor":38.0},{"not_picked":["Trip","Forethought"],"picked":"Thinking Ahead","floor":38.0},{"not_picked":["Clothesline+1","Armaments"],"picked":"Cleave+1","floor":39.0},{"not_picked":["Shrug It Off+1","Seeing Red"],"picked":"Reckless Charge+1","floor":45.0},{"not_picked":["Armaments+1","Sever Soul+1"],"picked":"Pommel Strike+1","floor":46.0},{"not_picked":["Seeing Red+1","Shrug It Off"],"picked":"Metallicize+1","floor":48.0}],"player_experience":59488,"relics_obtained":[{"floor":6.0,"key":"Whetstone"},{"floor":9.0,"key":"Self Forming Clay"},{"floor":10.0,"key":"InkBottle"},{"floor":14.0,"key":"Ice Cream"},{"floor":23.0,"key":"Centennial Puzzle"},{"floor":26.0,"key":"Happy Flower"},{"floor":30.0,"key":"Juzu Bracelet"},{"floor":43.0,"key":"Vajra"},{"floor":45.0,"key":"Mango"}],"event_choices":[{"damage_healed":0.0,"max_hp_gain":0.0,"max_hp_loss":0.0,"gold_gain":75.0,"event_name":"betterThird:BetterGoop","player_choice":"Gold","floor":3.0,"gold_loss":0.0,"damage_taken":11.0},{"damage_healed":0.0,"max_hp_gain":0.0,"max_hp_loss":0.0,"gold_gain":0.0,"event_name":"Big Fish","player_choice":"Box","floor":5.0,"gold_loss":0.0,"damage_taken":0.0,"relics_obtained":["Molten Egg 2"],"cards_obtained":["Regret"]},{"damage_healed":12.0,"max_hp_gain":0.0,"max_hp_loss":80.0,"gold_gain":0.0,"event_name":"betterThird:BetterShining","player_choice":"Embrace","floor":8.0,"gold_loss":0.0,"damage_taken":0.0},{"damage_healed":0.0,"max_hp_gain":0.0,"max_hp_loss":0.0,"gold_gain":0.0,"event_name":"Addict","player_choice":"Obtained Relic","floor":21.0,"gold_loss":85.0,"damage_taken":0.0,"relics_obtained":["Du-Vu Doll"]},{"damage_healed":6.0,"max_hp_gain":0.0,"max_hp_loss":0.0,"gold_gain":0.0,"event_name":"Wheel of Change","player_choice":"Full Heal","floor":22.0,"gold_loss":0.0,"damage_taken":0.0},{"cards_removed":["Strike_R"],"damage_healed":0.0,"max_hp_gain":0.0,"max_hp_loss":0.0,"gold_gain":0.0,"event_name":"Beggar","player_choice":"Gave Gold","floor":29.0,"gold_loss":75.0,"damage_taken":0.0},{"damage_healed":0.0,"max_hp_gain":0.0,"max_hp_loss":0.0,"gold_gain":0.0,"event_name":"Tomb of Lord Red Mask","player_choice":"Ignored","floor":37.0,"gold_loss":0.0,"damage_taken":0.0},{"damage_healed":0.0,"max_hp_gain":0.0,"max_hp_loss":0.0,"gold_gain":0.0,"event_name":"SensoryStone","player_choice":"Memory 3","floor":38.0,"gold_loss":0.0,"damage_taken":10.0},{"damage_healed":0.0,"max_hp_gain":0.0,"max_hp_loss":0.0,"gold_gain":0.0,"event_name":"Winding Halls","player_choice":"Embrace Madness","floor":41.0,"gold_loss":0.0,"damage_taken":13.0,"cards_obtained":["Madness","Madness"]},{"damage_healed":85.0,"max_hp_gain":0.0,"max_hp_loss":0.0,"gold_gain":0.0,"event_name":"MindBloom","player_choice":"Heal","floor":42.0,"gold_loss":0.0,"damage_taken":0.0,"cards_obtained":["Doubt"]},{"damage_healed":0.0,"max_hp_gain":0.0,"max_hp_loss":0.0,"gold_gain":0.0,"event_name":"Mysterious Sphere","player_choice":"Fight","floor":45.0,"gold_loss":0.0,"damage_taken":0.0}],"is_beta":false,"boss_relics":[{"not_picked":["Runic Dome","Black Blood"],"picked":"Philosopher\u0027s Stone"},{"not_picked":["Runic Cube","Busted Crown"],"picked":"Astrolabe"}],"items_purged_floors":[],"is_endless":false,"potions_floor_spawned":[2,6,16,19,20,30,36,46],"ascension_level":0}}