{"host":"pj7egx7jkoz18hom","time":1613531561,"event":{"mods":["AchievementEnabler","BaseMod","Keyboard Shortcuts","Minty Spire (QoL Compilation)","SuperFastMode"],"gold_per_floor":[116,133,144,162,180,210,210,245,245,195,195,207,223,250,250,350,350,361,361,375,63,63,96,96,96,96,110,127,127,127,127],"floor_reached":30,"language":"KOR","playtime":977,"items_purged":["Defend_R"],"score":365,"play_id":"8e957867-a91f-4284-b214-7fe474f84fe6","local_time":"20210217121241","is_ascension_mode":true,"campfire_choices":[{"data":"Armaments","floor":7.0,"key":"SMITH"},{"data":"Bludgeon","floor":11.0,"key":"SMITH"},{"data":"Armaments","floor":15.0,"key":"SMITH"},{"floor":25,"key":"REST"},{"data":"Spot Weakness","floor":29,"key":"SMITH"}],"circlet_count":0,"master_deck":["Defend_R","Defend_R","Defend_R","Bash","Sever Soul","Cleave","Bludgeon+1","Pommel Strike","Bloodletting","Armaments+1","Thunderclap","Intimidate","Armaments+1","Spot Weakness+1","Limit Break","Impervious","Bite","Bite","Bite","Bite","Bite","Metallicize+1"],"relics":["Burning Blood","Paper Frog","Bag of Preparation","Frozen Egg 2","Centennial Puzzle","Calling Bell","Membership Card","HornCleat","Charon\u0027s Ashes","Prayer Wheel"],"acts_visited":["Exordium","TheCity"],"potions_floor_usage":[28,30],"damage_taken":[{"damage":6.0,"enemies":"2 Louse","floor":1.0,"turns":3.0},{"damage":1.0,"enemies":"Cultist","floor":2.0,"turns":3.0},{"damage":2.0,"enemies":"Jaw Worm","floor":3.0,"turns":3.0},{"damage":11.0,"enemies":"Looter","floor":4.0,"turns":2.0},{"damage":6.0,"enemies":"Blue Slaver","floor":5.0,"turns":3.0},{"damage":10.0,"enemies":"Lagavulin","floor":6.0,"turns":3.0},{"damage":8.0,"enemies":"3 Sentries","floor":8.0,"turns":5.0},{"damage":3.0,"enemies":"Exordium Wildlife","floor":12.0,"turns":1.0},{"damage":6.0,"enemies":"3 Louse","floor":13.0,"turns":2.0},{"damage":8.0,"enemies":"Gremlin Nob","floor":14.0,"turns":3.0},{"damage":63.0,"enemies":"The Guardian","floor":16.0,"turns":8.0},{"damage":10.0,"enemies":"Chosen","floor":18.0,"turns":3.0},{"damage":33,"enemies":"2 Thieves","floor":20,"turns":3},{"damage":27,"enemies":"Slavers","floor":23,"turns":6},{"damage":14,"enemies":"Centurion and Healer","floor":27,"turns":3},{"damage":0,"enemies":"Snecko","floor":28,"turns":3},{"damage":65,"enemies":"Book of Stabbing","floor":30,"turns":5}],"seed_played":"-5392982401380470488","potions_obtained":[{"floor":4.0,"key":"EntropicBrew"},{"floor":5.0,"key":"DuplicationPotion"},{"floor":6.0,"key":"Ancient Potion"},{"floor":8.0,"key":"Energy Potion"},{"floor":12.0,"key":"Regen Potion"},{"floor":18.0,"key":"Dexterity Potion"},{"floor":20,"key":"LiquidMemories"}],"is_trial":false,"path_per_floor":["M","M","M","M","M","E","R","E","T","?","R","M","M","E","R","B",null,"M","?","M","$","?","E","?","R","T","M","M","R","E"],"character_chosen":"IRONCLAD","items_purchased":["Membership Card","HornCleat"],"campfire_rested":1,"item_purchase_floors":[21,21],"current_hp_per_floor":[80,80,80,75,75,71,71,69,69,69,69,72,72,70,70,28,67,63,63,36,36,36,15,15,31,31,31,52,52,0,0],"gold":127,"neow_bonus":"TRANSFORM_CARD","is_daily":false,"chose_seed":false,"campfire_upgraded":4,"win_rate":0.0,"timestamp":1613531561,"path_taken":["M","M","M","M","M","E","R","E","T","?","R","M","M","E","R","BOSS","M","?","?","$","?","E","?","R","T","M","M","R","E"],"items_purchased_type":["Relic","Relic"],"build_version":"2020-12-22","purchased_purges":1,"victory":false,"max_hp_per_floor":[80,80,80,80,80,80,80,80,80,80,80,80,80,80,80,80,80,80,80,80,80,80,80,56,56,56,56,56,56,56,56],"card_choices":[{"not_picked":["Sword Boomerang","Iron Wave"],"picked":"Cleave","floor":1.0},{"not_picked":["Flex","Anger"],"picked":"Bludgeon","floor":2.0},{"not_picked":["Perfected Strike","Body Slam"],"picked":"Pommel Strike","floor":3.0},{"not_picked":["Rampage","Havoc"],"picked":"Bloodletting","floor":4.0},{"not_picked":["True Grit","Sentinel"],"picked":"Armaments","floor":5.0},{"not_picked":["Rampage","Evolve"],"picked":"Thunderclap","floor":6.0},{"not_picked":["Twin Strike","Heavy Blade"],"picked":"Intimidate","floor":8.0},{"not_picked":["Thunderclap","Dropkick","Rage"],"picked":"SKIP","floor":12.0},{"not_picked":["Pommel Strike","Perfected Strike"],"picked":"Armaments","floor":13.0},{"not_picked":["Sever Soul","Metallicize+1"],"picked":"Spot Weakness","floor":14.0},{"not_picked":["Exhume","Reaper"],"picked":"Limit Break","floor":16.0},{"not_picked":["Second Wind+1","Pommel Strike","Sword Boomerang"],"picked":"SKIP","floor":18.0},{"not_picked":["Twin Strike","Metallicize+1","Anger"],"picked":"SKIP","floor":20},{"not_picked":["Juggernaut+1","Dropkick+1","Armaments"],"picked":"SKIP","floor":23},{"not_picked":["Sword Boomerang+1","Blood for Blood","Disarm+1"],"picked":"SKIP","floor":27},{"not_picked":["Iron Wave","Dual Wield","Flex"],"picked":"SKIP","floor":27},{"not_picked":["Second Wind","Power Through"],"picked":"Metallicize+1","floor":28},{"not_picked":["Heavy Blade","Wild Strike+1","Reckless Charge"],"picked":"SKIP","floor":28}],"player_experience":133265,"relics_obtained":[{"floor":6.0,"key":"Paper Frog"},{"floor":8.0,"key":"Bag of Preparation"},{"floor":9.0,"key":"Frozen Egg 2"},{"floor":14.0,"key":"Centennial Puzzle"},{"floor":23,"key":"Charon\u0027s Ashes"},{"floor":26,"key":"Prayer Wheel"}],"event_choices":[{"cards_removed":["Strike_R"],"damage_healed":0.0,"max_hp_gain":0.0,"max_hp_loss":0.0,"gold_gain":0.0,"event_name":"The Cleric","player_choice":"Card Removal","floor":10.0,"gold_loss":50.0,"damage_taken":0.0},{"damage_healed":0,"gold_gain":0,"player_choice":"1 cards matched","damage_taken":0,"max_hp_gain":0,"max_hp_loss":0,"event_name":"Match and Keep!","floor":19,"gold_loss":0,"cards_obtained":["Impervious"]},{"damage_healed":0,"gold_gain":0,"player_choice":"Ignored","damage_taken":0,"max_hp_gain":0,"max_hp_loss":0,"event_name":"Ghosts","floor":22,"gold_loss":0},{"damage_healed":0,"gold_gain":0,"player_choice":"Became a vampire","damage_taken":0,"max_hp_gain":0,"max_hp_loss":24,"event_name":"Vampires","floor":24,"gold_loss":0,"cards_obtained":["Bite","Bite","Bite","Bite","Bite"]}],"is_beta":false,"boss_relics":[{"not_picked":["Pandora\u0027s Box","Mark of Pain"],"picked":"Calling Bell"}],"items_purged_floors":[21],"is_endless":false,"potions_floor_spawned":[4,5,6,8,12,18,20],"killed_by":"Book of Stabbing","ascension_level":5}}