{"host":"sav7uxregyirlf69","time":1613570535,"event":{"mods":["AchievementEnabler","BaseMod","Colored Map","DeckTracker","Keyboard Shortcuts","Minty Spire (QoL Compilation)","READ ME - Guardian Mod","StSLib","SuperFastMode"],"gold_per_floor":[119,119,139,139,151,182,182,107,107,107,32,32,43,53,53,130,130,149,149,165,165,182,182,195,195,195,221,221,56,56,70,70,70,70],"floor_reached":33,"language":"KOR","playtime":480,"items_purged":["Strike_G"],"score":580,"play_id":"0e6cfdcb-a78a-49a5-b6c3-a3a46c12385a","local_time":"20210217230215","is_ascension_mode":true,"campfire_choices":[{"data":"Blade Dance","floor":7,"key":"SMITH"},{"data":"Footwork","floor":12,"key":"SMITH"},{"data":"Accuracy","floor":15,"key":"SMITH"},{"floor":23,"key":"REST"},{"floor":25,"key":"REST"},{"data":"Footwork","floor":32,"key":"SMITH"}],"circlet_count":0,"master_deck":["AscendersBane","Strike_G+1","Strike_G+1","Strike_G+1","Strike_G+1","Defend_G+1","Defend_G+1","Defend_G+1","Survivor","Neutralize","Blade Dance+1","Predator","Deadly Poison","Footwork+1","Cloak And Dagger","Accuracy+1","Burst","Footwork+1","Blade Dance","Noxious Fumes","Escape Plan"],"relics":["Ring of the Snake","NeowsBlessing","Unceasing Top","Bird Faced Urn","WristBlade","Meat on the Bone","TungstenRod","ClockworkSouvenir","MutagenicStrength"],"acts_visited":["Exordium","TheCity"],"potions_floor_usage":[6,16,16,27,33],"damage_taken":[{"damage":0,"enemies":"Small Slimes","floor":1,"turns":1},{"damage":0,"enemies":"Cultist","floor":3,"turns":1},{"damage":0,"enemies":"Jaw Worm","floor":5,"turns":1},{"damage":27,"enemies":"3 Sentries","floor":6,"turns":9},{"damage":7,"enemies":"3 Louse","floor":13,"turns":4},{"damage":10,"enemies":"Exordium Wildlife","floor":14,"turns":4},{"damage":19,"enemies":"Hexaghost","floor":16,"turns":8},{"damage":10,"enemies":"Shell Parasite","floor":18,"turns":4},{"damage":0,"enemies":"Spheric Guardian","floor":20,"turns":1},{"damage":28,"enemies":"Shelled Parasite and Fungi","floor":22,"turns":4},{"damage":22,"enemies":"3 Cultists","floor":24,"turns":5},{"damage":0,"enemies":"Gremlin Leader","floor":27,"turns":6},{"damage":0,"enemies":"Chosen and Byrds","floor":31,"turns":3},{"damage":69,"enemies":"Collector","floor":33,"turns":8}],"seed_played":"7919384773635818688","potions_obtained":[{"floor":1,"key":"DuplicationPotion"},{"floor":13,"key":"EntropicBrew"},{"floor":18,"key":"DuplicationPotion"}],"is_trial":false,"path_per_floor":["M","?","M","?","M","E","R","$","T","?","?","R","M","M","R","B",null,"M","?","M","?","M","R","M","R","T","E","?","$","?","M","R","B"],"character_chosen":"THE_SILENT","items_purchased":["ClockworkSouvenir"],"campfire_rested":2,"item_purchase_floors":[29],"current_hp_per_floor":[59,59,59,59,59,32,32,32,32,32,32,32,27,19,19,6,51,45,45,49,49,27,46,28,47,47,55,55,55,55,57,57,0,0],"gold":70,"neow_bonus":"THREE_ENEMY_KILL","is_daily":false,"chose_seed":false,"campfire_upgraded":4,"win_rate":0.0,"timestamp":1613570535,"path_taken":["M","?","M","?","?","E","R","$","T","?","?","R","M","M","R","BOSS","M","?","M","?","M","R","M","R","T","E","?","$","?","M","R","BOSS"],"items_purchased_type":["Relic"],"build_version":"2020-12-22","purchased_purges":1,"victory":false,"max_hp_per_floor":[66,66,66,66,66,66,66,66,66,66,66,66,66,66,66,66,66,66,66,66,66,66,66,66,66,66,66,66,66,66,66,66,66,66],"card_choices":[{"not_picked":["Riddle With Holes","Dagger Throw"],"picked":"Blade Dance","floor":1},{"not_picked":["Underhanded Strike","Predator"],"picked":"Deadly Poison","floor":3},{"not_picked":["Calculated Gamble","Acrobatics","Sucker Punch"],"picked":"SKIP","floor":5},{"not_picked":["Quick Slash","Riddle With Holes"],"picked":"Footwork","floor":6},{"not_picked":["Setup","Cloak And Dagger","Poisoned Stab"],"picked":"SKIP","floor":13},{"not_picked":["Setup","Poisoned Stab"],"picked":"Cloak And Dagger","floor":13},{"not_picked":["All Out Attack","Prepared"],"picked":"Accuracy","floor":14},{"not_picked":["Unload","Tools of the Trade"],"picked":"Burst","floor":16},{"not_picked":["Reflex","Bane","Dagger Spray"],"picked":"SKIP","floor":18},{"not_picked":["Underhanded Strike+1","Storm of Steel"],"picked":"Footwork","floor":20},{"not_picked":["Flying Knee","Poisoned Stab+1","Bane"],"picked":"SKIP","floor":22},{"not_picked":["Flying Knee","Riddle With Holes"],"picked":"Blade Dance","floor":24},{"not_picked":["Crippling Poison","Dash"],"picked":"Noxious Fumes","floor":27},{"not_picked":["Flying Knee","Noxious Fumes"],"picked":"Escape Plan","floor":31}],"player_experience":1597470,"relics_obtained":[{"floor":6,"key":"Unceasing Top"},{"floor":9,"key":"Bird Faced Urn"},{"floor":26,"key":"Meat on the Bone"},{"floor":27,"key":"TungstenRod"}],"event_choices":[{"damage_healed":0,"gold_gain":0,"cards_transformed":["Defend_G"],"player_choice":"Change","damage_taken":0,"max_hp_gain":0,"max_hp_loss":0,"event_name":"Living Wall","floor":2,"gold_loss":0,"cards_obtained":["Predator"]},{"damage_healed":0,"gold_gain":0,"player_choice":"0 cards matched","damage_taken":0,"max_hp_gain":0,"max_hp_loss":0,"event_name":"Match and Keep!","floor":4,"gold_loss":0,"cards_obtained":[]},{"damage_healed":0,"gold_gain":0,"player_choice":"Ignored","damage_taken":0,"max_hp_gain":0,"max_hp_loss":0,"event_name":"Liars Game","floor":10,"gold_loss":0},{"cards_removed":["Defend_G"],"damage_healed":0,"gold_gain":0,"player_choice":"Card Removal","damage_taken":0,"max_hp_gain":0,"max_hp_loss":0,"event_name":"The Cleric","floor":11,"gold_loss":75},{"damage_healed":0,"gold_gain":0,"player_choice":"Simplicity","damage_taken":0,"max_hp_gain":0,"max_hp_loss":0,"event_name":"Back to Basics","floor":19,"gold_loss":0,"cards_upgraded":["Strike_G","Strike_G","Strike_G","Strike_G","Defend_G","Defend_G","Defend_G"]},{"damage_healed":0,"gold_gain":0,"player_choice":"Ignored","damage_taken":0,"max_hp_gain":0,"max_hp_loss":0,"event_name":"The Mausoleum","floor":21,"gold_loss":0},{"damage_healed":0,"gold_gain":0,"player_choice":"Ignored","damage_taken":0,"max_hp_gain":0,"max_hp_loss":0,"event_name":"Ghosts","floor":28,"gold_loss":0},{"damage_healed":0,"gold_gain":0,"player_choice":"Inject Mutagens","damage_taken":0,"relics_obtained":["MutagenicStrength"],"max_hp_gain":0,"max_hp_loss":0,"event_name":"Drug Dealer","floor":30,"gold_loss":0}],"is_beta":false,"boss_relics":[{"not_picked":["Ectoplasm","SacredBark"],"picked":"WristBlade"}],"items_purged_floors":[8],"is_endless":false,"potions_floor_spawned":[1,13,18,20,24],"killed_by":"Collector","ascension_level":20}}