{"host":"9nqlpswyo8o6ezw3","time":1613538055,"event":{"mods":["Act Like it!","BaseMod","Colored Powertips","Downfall","Hallownest","Hermit","Lobotomy","LobotomyExtend","Marisa????????","Minty Spire (QoL Compilation)","StSLib","The Bug Knight","The Cursed"],"gold_per_floor":[111,111,128,128,81,81,93,93,93,93,112,0,0,15,15,15,15],"floor_reached":16,"language":"ENG","playtime":645,"items_purged":[],"score":90,"play_id":"419c5885-a0df-4942-899d-d92ab9777ec3","local_time":"20210217000055","is_ascension_mode":false,"campfire_choices":[{"data":"hermit:CursedWeapon","floor":6,"key":"SMITH"},{"data":"hermit:WideOpen","floor":8,"key":"SMITH"},{"data":"hermit:BigShot","floor":10,"key":"SMITH"},{"floor":15,"key":"REST"}],"circlet_count":0,"master_deck":["hermit:Strike_Hermit","hermit:Strike_Hermit","hermit:Strike_Hermit","hermit:Strike_Hermit","hermit:Defend_Hermit","hermit:Defend_Hermit","hermit:Defend_Hermit","hermit:Defend_Hermit","hermit:Snapshot+1","hermit:Covet","hermit:BigShot+1","hermit:CursedWeapon+1","hermit:WideOpen+1","hermit:TakeAim","hermit:Quickdraw","hermit:Maintenance"],"relics":["hermit:Momento","RabbitCall","LetterFromLob","Hallownest:DreamNailRelic","Toy Ornithopter","Hallownest:BankAccountRelic"],"acts_visited":["Hallownest:Greenpath"],"potions_floor_usage":[16],"damage_taken":[{"damage":12,"enemies":"Hallownest:2_Baldur","floor":1,"turns":6},{"damage":0,"enemies":"Hallownest:monsterHuskWarrior","floor":3,"turns":3},{"damage":2,"enemies":"2_ Uuma","floor":7,"turns":5},{"damage":8,"enemies":"Hallownest:MossCreep_and_Mosskin","floor":11,"turns":6},{"damage":2,"enemies":"Hallownest:monsterFoolEater","floor":14,"turns":2},{"damage":69,"enemies":"Hallownest:BossHornet","floor":16,"turns":10}],"seed_played":"-7553312343363966935","potions_obtained":[{"floor":11,"key":"Guardian:BlockOnCardUsePotion"},{"floor":14,"key":"SteroidPotion"}],"is_trial":false,"path_per_floor":["M","?","M","?","$","R","M","R","T","R","M","?","?","M","R","B"],"character_chosen":"HERMIT","items_purchased":["hermit:WideOpen"],"campfire_rested":1,"item_purchase_floors":[5],"current_hp_per_floor":[63,63,63,63,63,63,61,61,61,61,53,53,44,42,64,0,0],"gold":15,"neow_bonus":"","is_daily":false,"chose_seed":false,"campfire_upgraded":3,"win_rate":0.0,"timestamp":1613538055,"path_taken":["M","?","M","?","$","R","M","R","T","R","?","?","?","M","R","BOSS"],"items_purchased_type":["Card"],"build_version":"2020-12-22","purchased_purges":0,"victory":false,"max_hp_per_floor":[75,75,75,75,75,75,75,75,75,75,75,75,75,75,75,75,75],"card_choices":[{"not_picked":["hermit:Feint","hermit:Quickdraw"],"picked":"hermit:BigShot","floor":1},{"not_picked":["hermit:Gestalt","hermit:ItchyTrigger"],"picked":"hermit:CursedWeapon","floor":3},{"not_picked":["hermit:LoneWolf","hermit:Snipe"],"picked":"hermit:TakeAim","floor":7},{"not_picked":["hermit:HighCaliber","hermit:Gestalt"],"picked":"hermit:Quickdraw","floor":11},{"not_picked":["hermit:Scavenge","hermit:Headshot"],"picked":"hermit:Maintenance","floor":14}],"player_experience":61587,"relics_obtained":[{"floor":1,"key":"LetterFromLob"},{"floor":9,"key":"Toy Ornithopter"}],"event_choices":[],"is_beta":false,"boss_relics":[],"items_purged_floors":[],"is_endless":false,"potions_floor_spawned":[11,14],"killed_by":"Hallownest:BossHornet","ascension_level":0}}