{"host":"syfsfjmzue8y1a6l","time":1613576295,"event":{"mods":["AchievementEnabler","BaseMod","Colored Map","DeckTracker","Minty Spire (QoL Compilation)","Permanent Neow","SuperFastMode"],"gold_per_floor":[117,128,141,43,61,96,96,96,27,103,119,146,146,146,165,165,285,285,301,315,169,192,192,228,228,269,318,342,342,368,368,278,278,402,402,420,438,46,70,403,403,434,450,450,450,450,450],"floor_reached":46,"language":"KOR","playtime":2377,"items_purged":["Defend_R","Strike_R","Rupture"],"score":673,"play_id":"78fb129b-f6e4-455d-a100-8d4939bff0d9","local_time":"20210218003815","is_ascension_mode":false,"campfire_choices":[{"data":"Armaments","floor":8.0,"key":"SMITH"},{"data":"Fire Breathing","floor":13.0,"key":"SMITH"},{"data":"Evolve","floor":16.0,"key":"SMITH"},{"data":"Body Slam","floor":25.0,"key":"SMITH"},{"data":"True Grit","floor":29,"key":"SMITH"},{"data":"Entrench","floor":33,"key":"SMITH"},{"data":"Corruption","floor":41,"key":"SMITH"},{"floor":45,"key":"REST"}],"circlet_count":0,"master_deck":["Strike_R","Defend_R","Defend_R","Bash","Power Through","Shrug It Off","Immolate","Armaments+1","Fire Breathing+1","Regret","Entrench+1","Evolve+1","Injury","Entrench","Offering","Body Slam+1","Power Through+1","Immolate","Decay","True Grit+1","Writhe","Reaper","CurseOfTheBell","Power Through+1","Dark Embrace","Havoc","Corruption+1","Warcry","Dark Embrace+1","Parasite","Juggernaut","Normality"],"relics":["Cursed Key","Lizard Tail","Mummified Hand","Bronze Scales","Empty Cage","Blood Vial","Happy Flower","Nunchaku","Calling Bell","Art of War","Mercury Hourglass","Calipers","Orrery","Prayer Wheel","Boot"],"acts_visited":["Exordium","TheCity","TheBeyond"],"potions_floor_usage":[34,43,46],"damage_taken":[{"damage":1.0,"enemies":"Jaw Worm","floor":1.0,"turns":4.0},{"damage":3.0,"enemies":"Small Slimes","floor":2.0,"turns":4.0},{"damage":6.0,"enemies":"Cultist","floor":3.0,"turns":4.0},{"damage":0.0,"enemies":"Exordium Thugs","floor":5.0,"turns":4.0},{"damage":10.0,"enemies":"Lagavulin","floor":6.0,"turns":6.0},{"damage":0.0,"enemies":"3 Louse","floor":11.0,"turns":2.0},{"damage":5.0,"enemies":"3 Sentries","floor":12.0,"turns":5.0},{"damage":2.0,"enemies":"Large Slime","floor":15.0,"turns":3.0},{"damage":27.0,"enemies":"Slime Boss","floor":17.0,"turns":5.0},{"damage":25.0,"enemies":"Spheric Guardian","floor":19.0,"turns":6.0},{"damage":3.0,"enemies":"3 Byrds","floor":20.0,"turns":3.0},{"damage":26.0,"enemies":"Sentry and Sphere","floor":22.0,"turns":4.0},{"damage":18.0,"enemies":"Gremlin Leader","floor":24.0,"turns":4.0},{"damage":22,"enemies":"Book of Stabbing","floor":26,"turns":4},{"damage":13,"enemies":"Cultist and Chosen","floor":28,"turns":4},{"damage":17,"enemies":"Champ","floor":34,"turns":8},{"damage":9,"enemies":"3 Darklings","floor":36,"turns":5},{"damage":10,"enemies":"Orb Walker","floor":37,"turns":4},{"damage":4,"enemies":"3 Darklings","floor":39,"turns":6},{"damage":16,"enemies":"Giant Head","floor":42,"turns":5},{"damage":45,"enemies":"Writhing Mass","floor":43,"turns":4},{"damage":56,"enemies":"Maw","floor":46,"turns":6}],"seed_played":"7799887751865998976","potions_obtained":[{"floor":1.0,"key":"Block Potion"},{"floor":2.0,"key":"Fruit Juice"},{"floor":3.0,"key":"Strength Potion"},{"floor":15.0,"key":"LiquidBronze"},{"floor":17.0,"key":"Energy Potion"},{"floor":20.0,"key":"SmokeBomb"},{"floor":22.0,"key":"SkillPotion"},{"floor":26,"key":"DuplicationPotion"},{"floor":34,"key":"Block Potion"},{"floor":36,"key":"HeartOfIron"},{"floor":39,"key":"Swift Potion"},{"floor":43,"key":"Explosive Potion"}],"is_trial":false,"path_per_floor":["M","M","M","$","M","E","E","R","$","T","M","E","R","?","M","R","B",null,"M","M","$","M","?","E","R","E","T","M","R","T","?","?","R","B",null,"M","M","$","M","?","R","E","M","T","R","M"],"character_chosen":"IRONCLAD","items_purchased":["Armaments","Fire Breathing","Body Slam","Dark Embrace","Havoc","Orrery"],"campfire_rested":1,"item_purchase_floors":[4,9,21,38,38,38],"current_hp_per_floor":[79,76,70,70,70,65,65,65,65,65,65,60,60,60,58,58,31,85,60,57,57,31,31,15,15,42,42,31,31,31,31,31,31,16,85,76,68,68,66,66,66,58,21,21,46,0,0],"gold":450,"neow_bonus":"BOSS_RELIC","is_daily":false,"chose_seed":false,"campfire_upgraded":7,"win_rate":0.0,"timestamp":1613576295,"path_taken":["M","M","M","$","M","E","E","R","$","T","M","E","R","?","M","R","BOSS","M","M","$","M","?","E","R","E","T","?","R","?","?","?","R","BOSS","M","M","$","M","?","R","E","M","T","R","M"],"items_purchased_type":["Card","Card","Card","Card","Card","Relic"],"build_version":"2020-12-22","purchased_purges":3,"victory":false,"max_hp_per_floor":[80,80,80,80,80,85,85,85,85,85,85,85,85,85,85,85,85,85,85,85,85,85,85,85,85,85,85,85,85,85,85,85,85,85,85,85,85,85,85,85,85,85,85,85,85,85,85],"card_choices":[{"not_picked":["Second Wind","Headbutt"],"picked":"Power Through","floor":1.0},{"not_picked":["Heavy Blade","Havoc"],"picked":"Shrug It Off","floor":2.0},{"not_picked":["Havoc","Headbutt"],"picked":"Immolate","floor":3.0},{"not_picked":["Clash","Shrug It Off","Armaments"],"picked":"SKIP","floor":5.0},{"not_picked":["Armaments","Rampage","Fiend Fire"],"picked":"SKIP","floor":6.0},{"not_picked":["Perfected Strike","Searing Blow"],"picked":"Entrench","floor":11.0},{"not_picked":["Clothesline","Spot Weakness"],"picked":"Evolve","floor":12.0},{"not_picked":["Cleave","Hemokinesis"],"picked":"Entrench","floor":15.0},{"not_picked":["Reaper","Double Tap"],"picked":"Offering","floor":17.0},{"not_picked":["True Grit+1","Flex"],"picked":"Rupture","floor":19.0},{"not_picked":["Anger","Uppercut+1","Seeing Red+1"],"picked":"SKIP","floor":20.0},{"not_picked":["Spot Weakness","Clothesline","Twin Strike+1"],"picked":"SKIP","floor":22.0},{"not_picked":["Sword Boomerang+1","Ghostly Armor"],"picked":"Power Through","floor":24.0},{"not_picked":["Twin Strike","Wild Strike"],"picked":"Immolate","floor":26},{"not_picked":["Disarm","Body Slam"],"picked":"True Grit","floor":28},{"not_picked":["Bludgeon","Demon Form"],"picked":"Reaper","floor":34},{"not_picked":["Infernal Blade+1","Clash+1","Perfected Strike+1"],"picked":"SKIP","floor":36},{"not_picked":["Uppercut","Cleave+1"],"picked":"Power Through+1","floor":37},{"not_picked":["Burning Pact+1","Clothesline+1"],"picked":"Corruption","floor":38},{"not_picked":["Dual Wield","Wild Strike"],"picked":"Warcry","floor":38},{"not_picked":["Cleave","Flex+1","Dropkick+1"],"picked":"SKIP","floor":39},{"not_picked":["Thunderclap","Flex"],"picked":"Dark Embrace+1","floor":42},{"not_picked":["Sever Soul","Armaments+1"],"picked":"Juggernaut","floor":43},{"not_picked":["Sword Boomerang","Clash+1","Heavy Blade+1"],"picked":"SKIP","floor":43}],"player_experience":125240,"relics_obtained":[{"floor":6.0,"key":"Lizard Tail"},{"floor":10.0,"key":"Mummified Hand"},{"floor":12.0,"key":"Bronze Scales"},{"floor":26,"key":"Happy Flower"},{"floor":30,"key":"Nunchaku"},{"floor":35,"key":"Art of War"},{"floor":35,"key":"Mercury Hourglass"},{"floor":35,"key":"Calipers"},{"floor":42,"key":"Prayer Wheel"},{"floor":44,"key":"Boot"}],"event_choices":[{"damage_healed":0.0,"max_hp_gain":0.0,"max_hp_loss":0.0,"gold_gain":0.0,"event_name":"Golden Idol","player_choice":"Take Wound","floor":14.0,"gold_loss":0.0,"damage_taken":0.0,"relics_obtained":["Golden Idol"],"cards_obtained":["Injury"]},{"damage_healed":0.0,"max_hp_gain":0.0,"max_hp_loss":0.0,"gold_gain":0.0,"event_name":"WeMeetAgain","player_choice":"Gave Potion","floor":23.0,"gold_loss":0.0,"damage_taken":0.0,"relics_obtained":["Blood Vial"]},{"cards_removed":["Strike_R"],"damage_healed":0,"gold_gain":0,"player_choice":"Elegance","damage_taken":0,"max_hp_gain":0,"max_hp_loss":0,"event_name":"Back to Basics","floor":31,"gold_loss":0},{"cards_removed":["Strike_R"],"damage_healed":0,"gold_gain":0,"player_choice":"Upgrade and Remove","damage_taken":0,"max_hp_gain":0,"max_hp_loss":0,"event_name":"Designer","floor":32,"gold_loss":90,"cards_upgraded":["Power Through"]},{"damage_healed":0,"gold_gain":333,"player_choice":"Gave Idol","damage_taken":0,"max_hp_gain":0,"max_hp_loss":0,"event_name":"The Moai Head","floor":40,"relics_lost":["Golden Idol"],"gold_loss":0}],"is_beta":false,"boss_relics":[{"not_picked":["Runic Pyramid","Fusion Hammer"],"picked":"Empty Cage"},{"not_picked":["Tiny House","Velvet Choker"],"picked":"Calling Bell"}],"items_purged_floors":[4,21,38],"is_endless":false,"potions_floor_spawned":[1,2,3,15,17,20,22,26,34,36,39,43],"killed_by":"Maw","ascension_level":0}}