{"host":"ufhw4cf0hh51lveu","time":1613561621,"event":{"mods":["BaseMod","DeckTracker","Minty Spire (QoL Compilation)","SuperFastMode"],"gold_per_floor":[113,133,133,133,32,61,61,89,101,126,138,169,181,206,218,329,341,370,402,193,193,193,221,221,240,240,252,6,17,17,33,33,33,33],"floor_reached":33,"language":"KOR","playtime":1428,"items_purged":["Strike_G","Noxious Fumes"],"score":327,"play_id":"f67f690a-91f1-4877-bbd9-f6a518c1cd86","local_time":"20210217203341","is_ascension_mode":false,"campfire_choices":[{"data":"Bullet Time","floor":7,"key":"SMITH"},{"data":"Accuracy","floor":11,"key":"SMITH"},{"data":"Neutralize","floor":13,"key":"SMITH"},{"data":"Blade Dance","floor":15,"key":"SMITH"},{"data":"Acrobatics","floor":24,"key":"SMITH"},{"floor":32,"key":"REST"}],"circlet_count":0,"master_deck":["Strike_G","Defend_G","Defend_G","Defend_G","Defend_G","Defend_G","Survivor","Neutralize+1","Accuracy+1","Acrobatics","Dodge and Roll","Blade Dance+1","Cloak And Dagger","Bullet Time+1","PiercingWail","Backflip","Backflip","Adrenaline","Finisher+1","Blade Dance","Accuracy","PiercingWail","Acrobatics+1","Poisoned Stab+1","Flying Knee+1","Leg Sweep+1","Backflip"],"relics":["Ring of the Snake","NeowsBlessing","Ice Cream","MawBank","Molten Egg 2","Sozu","Anchor","Girya","HandDrill"],"acts_visited":["Exordium","TheCity"],"potions_floor_usage":[8,10,16,23],"damage_taken":[{"damage":0,"enemies":"Jaw Worm","floor":1,"turns":1},{"damage":0,"enemies":"Small Slimes","floor":2,"turns":1},{"damage":0,"enemies":"3 Sentries","floor":6,"turns":1},{"damage":23,"enemies":"Lagavulin","floor":8,"turns":8},{"damage":0,"enemies":"Cultist","floor":10,"turns":2},{"damage":3,"enemies":"Lots of Slimes","floor":12,"turns":6},{"damage":8,"enemies":"Blue Slaver","floor":14,"turns":5},{"damage":27,"enemies":"The Guardian","floor":16,"turns":15},{"damage":0,"enemies":"Chosen","floor":18,"turns":3},{"damage":12,"enemies":"Spheric Guardian","floor":19,"turns":6},{"damage":16,"enemies":"Gremlin Leader","floor":23,"turns":5},{"damage":0,"enemies":"3 Cultists","floor":25,"turns":4},{"damage":2,"enemies":"Centurion and Healer","floor":27,"turns":5},{"damage":0,"enemies":"Snecko","floor":29,"turns":7},{"damage":18,"enemies":"Cultist and Chosen","floor":31,"turns":8},{"damage":62,"enemies":"Automaton","floor":33,"turns":6}],"seed_played":"4173086282908761778","potions_obtained":[{"floor":2,"key":"Block Potion"},{"floor":10,"key":"Fruit Juice"},{"floor":14,"key":"Explosive Potion"},{"floor":16,"key":"SneckoOil"}],"is_trial":false,"path_per_floor":["M","M","?","?","$","E","R","E","T","M","R","M","R","M","R","B",null,"M","M","$","?","?","E","R","M","T","M","$","M","$","M","R","B"],"character_chosen":"THE_SILENT","items_purchased":["Blade Dance","Cloak And Dagger","Blade Dance","Accuracy","PiercingWail","HandDrill"],"campfire_rested":1,"item_purchase_floors":[5,5,20,20,20,28],"current_hp_per_floor":[70,70,70,70,70,70,70,47,47,52,52,49,49,41,41,14,75,75,63,63,63,63,47,47,47,47,45,45,45,45,27,49,0,0],"gold":33,"neow_bonus":"THREE_ENEMY_KILL","is_daily":false,"chose_seed":false,"campfire_upgraded":5,"win_rate":0.0,"timestamp":1613561621,"path_taken":["M","M","?","?","$","E","R","E","T","M","R","M","R","M","R","BOSS","M","M","$","?","?","E","R","M","T","M","?","M","?","?","R","BOSS"],"items_purchased_type":["Card","Card","Card","Card","Card","Relic"],"build_version":"2020-12-22","purchased_purges":2,"victory":false,"max_hp_per_floor":[70,70,70,70,70,70,70,70,70,75,75,75,75,75,75,75,75,75,75,75,75,75,75,75,75,75,75,75,75,75,75,75,75,75],"card_choices":[{"not_picked":["Dagger Spray","Crippling Poison"],"picked":"Accuracy","floor":1},{"not_picked":["Escape Plan","Dagger Spray"],"picked":"Acrobatics","floor":2},{"not_picked":["Dash","Accuracy"],"picked":"Bullet Time","floor":6},{"not_picked":["Eviscerate","Dodge and Roll","Masterful Stab"],"picked":"SKIP","floor":8},{"not_picked":["Cloak And Dagger","Blur"],"picked":"PiercingWail","floor":10},{"not_picked":["Quick Slash+1","Acrobatics"],"picked":"Backflip","floor":12},{"not_picked":["Heel Hook+1","Endless Agony+1"],"picked":"Backflip","floor":14},{"not_picked":["Corpse Explosion","Bullet Time"],"picked":"Adrenaline","floor":16},{"not_picked":["Acrobatics","Poisoned Stab+1","Quick Slash+1"],"picked":"SKIP","floor":18},{"not_picked":["Tools of the Trade","Outmaneuver"],"picked":"Finisher+1","floor":19},{"not_picked":["Acrobatics+1","Quick Slash+1"],"picked":"Poisoned Stab+1","floor":23},{"not_picked":["Backflip","Tactician"],"picked":"Flying Knee+1","floor":25},{"not_picked":["Reflex+1","Deflect"],"picked":"Leg Sweep+1","floor":27},{"not_picked":["Deadly Poison","Envenom"],"picked":"Backflip","floor":29},{"not_picked":["Sucker Punch+1","Deadly Poison+1","Bouncing Flask+1"],"picked":"SKIP","floor":31}],"player_experience":30220,"relics_obtained":[{"floor":6,"key":"Ice Cream"},{"floor":8,"key":"MawBank"},{"floor":9,"key":"Molten Egg 2"},{"floor":23,"key":"Anchor"},{"floor":26,"key":"Girya"}],"event_choices":[{"damage_healed":0,"gold_gain":0,"cards_transformed":["Strike_G"],"player_choice":"Change","damage_taken":0,"max_hp_gain":0,"max_hp_loss":0,"event_name":"Living Wall","floor":3,"gold_loss":0,"cards_obtained":["Dodge and Roll"]},{"damage_healed":0,"gold_gain":0,"player_choice":"Ignored","damage_taken":0,"max_hp_gain":0,"max_hp_loss":0,"event_name":"Shining Light","floor":4,"gold_loss":0},{"damage_healed":0,"gold_gain":0,"cards_transformed":["Strike_G","Strike_G"],"player_choice":"Became Test Subject","damage_taken":0,"max_hp_gain":0,"max_hp_loss":0,"event_name":"Drug Dealer","floor":21,"gold_loss":0,"cards_obtained":["Acrobatics","Noxious Fumes"]},{"damage_healed":0,"gold_gain":0,"player_choice":"Ignored","damage_taken":0,"max_hp_gain":0,"max_hp_loss":0,"event_name":"Vampires","floor":22,"gold_loss":0}],"is_beta":false,"boss_relics":[{"not_picked":["Fusion Hammer","Coffee Dripper"],"picked":"Sozu"}],"items_purged_floors":[20,28],"is_endless":false,"potions_floor_spawned":[2,10,14,16,23,25,31],"killed_by":"Automaton","ascension_level":0}}