{"host":"a3gu5zu37ht99mpa","time":1613589210,"event":{"mods":["100% Spire Juice","A Magickal Journey","Act Like it!","Arknights","BaseMod","Better Silent Start","BetterRewards","Conspire","Downfall","Energized Spire","GifTheSpireLib","Gold Saver","Halation","Minty Spire (QoL Compilation)","Prisma Mod","Reliquary","Robot Space Explorer","StSLib","Stuff the Spire","The Animator","The Cursed","The Marked","The Servant 0.9.4","Virulent Crown","Wandering Minibosses","yUi"],"gold_per_floor":[202,277,277,19,19,19,49,49,98,98,111,36,100,116,116,211,211,229,139,149,149,164,195,195,208,208,208,208],"floor_reached":27,"language":"ENG","playtime":1082,"items_purged":["Regret"],"score":279,"play_id":"a8c5a525-7e56-4ffc-b956-b0f67a251c2a","local_time":"20210217141330","is_ascension_mode":false,"campfire_choices":[{"floor":6,"key":"REST"},{"floor":15,"key":"REST"}],"circlet_count":0,"master_deck":["theMarked:Strike","theMarked:Strike","theMarked:Strike","theMarked:Strike","theMarked:Strike","theMarked:Defend+1","theMarked:Defend","theMarked:Defend+1","theMarked:SoldierOfQuellstein","theMarked:SwordAndMagic","theMarked:Indomitable","theMarked:Opportunist","theMarked:ParalyzingBlade","theMarked:Parkour","theMarked:RepellingDischarge","theMarked:ChainLightning","CurseOfTheBell","CurseOfTheBell","theMarked:BiggerThanFate","theMarked:SwordAndMagic+1","theMarked:EmpowerWeapon","theMarked:EnhanceMovement","theMarked:UnarmedFury","theMarked:RogueSparks","theMarked:Parkour","theMarked:Friction","theMarked:MuscleMemory"],"relics":["theMarked:BronzeBlade","halation:SwordOfLegend","War Paint","halation:PinkSoulGem","theMarked:Gun","reliquary:OuijaBoard","reliquary:Aerogel","reliquary:Knoch","downfall:ExtraCursedBell","Boot","reliquary:BoilingFlask","StuffTheSpire:DarkSteelAnvil","reliquary:SilkGlove","halation:LettersToHer","FaceOfCleric"],"acts_visited":["Exordium","TheCity"],"potions_floor_usage":[16,20,27],"damage_taken":[{"damage":0,"enemies":"ats:Genji","floor":1,"turns":4},{"damage":13,"enemies":"Gremlin Nob","floor":7,"turns":4},{"damage":6,"enemies":"conspire:RoseBush","floor":11,"turns":3},{"damage":20,"enemies":"Gremlin Nob","floor":13,"turns":4},{"damage":0,"enemies":"Small Slimes","floor":14,"turns":3},{"damage":33,"enemies":"Slime Boss","floor":16,"turns":9},{"damage":0,"enemies":"Chosen","floor":18,"turns":4},{"damage":2,"enemies":"2 Thieves","floor":20,"turns":3},{"damage":28,"enemies":"Snecko","floor":22,"turns":5},{"damage":0,"enemies":"Slavers","floor":23,"turns":1},{"damage":16,"enemies":"3 Cultists","floor":25,"turns":4},{"damage":21,"enemies":"Gremlin Leader","floor":27,"turns":2}],"seed_played":"-207578547214397294","potions_obtained":[{"floor":1,"key":"Explosive Potion"},{"floor":18,"key":"Block Potion"},{"floor":22,"key":"Regen Potion"},{"floor":23,"key":"LiquidBronze"}],"is_trial":false,"path_per_floor":["M","?","?","$","?","R","E","$","T","?","M","$","?","M","R","B",null,"M","?","M","?","M","E","?","M","T","E"],"character_chosen":"THE_DEFAULT","items_purchased":["theMarked:Indomitable","War Paint","theMarked:Opportunist","theMarked:ParalyzingBlade","theMarked:Parkour","theMarked:Gun"],"campfire_rested":2,"item_purchase_floors":[0,0,0,0,0,4],"current_hp_per_floor":[38,27,27,27,27,51,38,38,38,38,32,32,12,12,39,6,70,70,70,68,55,27,27,27,12,12,0,0],"gold":208,"neow_bonus":"","is_daily":false,"chose_seed":false,"campfire_upgraded":0,"win_rate":0.0,"timestamp":1613589210,"path_taken":["M","?","?","$","?","R","E","$","T","?","?","?","?","M","R","BOSS","M","?","?","?","M","E","?","?","T","E"],"items_purchased_type":["Card","Relic","Card","Card","Card","Relic"],"build_version":"2020-12-22","purchased_purges":1,"victory":false,"max_hp_per_floor":[70,70,70,70,70,70,70,70,70,70,70,70,70,70,70,70,70,70,70,70,75,75,75,75,76,76,76,76],"card_choices":[{"not_picked":["theMarked:KeepCalmAndFight","theMarked:Parkour"],"picked":"theMarked:RepellingDischarge","floor":1},{"not_picked":["theMarked:ThrowWeapon","theMarked:Parkour"],"picked":"theMarked:ChainLightning","floor":7},{"not_picked":["theMarked:RepellingDischarge","theMarked:CreepingChasm"],"picked":"theMarked:SwordAndMagic","floor":11},{"not_picked":["theMarked:SelfDefenseTraining","theMarked:OneWithTheBlade"],"picked":"theMarked:EmpowerWeapon","floor":13},{"not_picked":["theMarked:Opportunist","theMarked:ChannelForce"],"picked":"theMarked:EnhanceMovement","floor":14},{"not_picked":["theMarked:DispelDoubt","theMarked:Levitate"],"picked":"theMarked:UnarmedFury","floor":16},{"not_picked":["theMarked:Frustration","theMarked:ShockingTouch+1"],"picked":"theMarked:RogueSparks","floor":18},{"not_picked":["theMarked:WardOff","theMarked:ChainLightning"],"picked":"theMarked:Parkour","floor":20},{"not_picked":["theMarked:Parry","theMarked:RepellingDischarge","theMarked:HeightenedSenses"],"picked":"SKIP","floor":22},{"not_picked":["theMarked:ElectricStrings","theMarked:HeightenedSenses"],"picked":"theMarked:Friction","floor":23},{"not_picked":["theMarked:ShockingTouch","theMarked:Frustration"],"picked":"theMarked:MuscleMemory","floor":25}],"player_experience":113695,"relics_obtained":[{"floor":7,"key":"reliquary:Aerogel"},{"floor":9,"key":"reliquary:Knoch"},{"floor":10,"key":"Boot"},{"floor":10,"key":"reliquary:BoilingFlask"},{"floor":10,"key":"StuffTheSpire:DarkSteelAnvil"},{"floor":13,"key":"reliquary:SilkGlove"},{"floor":23,"key":"halation:LettersToHer"},{"floor":26,"key":"halation:LettersToHer"}],"event_choices":[{"damage_healed":0,"gold_gain":75,"player_choice":"Gather Gold","damage_taken":11,"max_hp_gain":0,"max_hp_loss":0,"event_name":"World of Goop","floor":2,"gold_loss":0},{"damage_healed":0,"gold_gain":0,"player_choice":"Box","damage_taken":0,"relics_obtained":["reliquary:OuijaBoard"],"max_hp_gain":0,"max_hp_loss":0,"event_name":"Big Fish","floor":5,"gold_loss":0,"cards_obtained":["Regret"]},{"damage_healed":0,"gold_gain":0,"player_choice":"Searched \u00272\u0027 times","damage_taken":0,"max_hp_gain":0,"max_hp_loss":0,"event_name":"Dead Adventurer","floor":13,"gold_loss":0},{"cards_removed":["animator:Curse_Nutcracker"],"damage_healed":0,"gold_gain":0,"player_choice":"Upgrade and Remove","damage_taken":0,"max_hp_gain":0,"max_hp_loss":0,"event_name":"Designer","floor":19,"gold_loss":90,"cards_upgraded":["theMarked:SwordAndMagic"]},{"damage_healed":0,"gold_gain":0,"player_choice":"Shed Blood","damage_taken":18,"max_hp_gain":5,"max_hp_loss":0,"event_name":"Forgotten Altar","floor":21,"gold_loss":0},{"damage_healed":0,"gold_gain":0,"player_choice":"Trade","damage_taken":0,"relics_obtained":["FaceOfCleric"],"max_hp_gain":0,"max_hp_loss":0,"event_name":"FaceTrader","floor":24,"gold_loss":0}],"is_beta":false,"boss_relics":[{"not_picked":["StuffTheSpire:RunicHypercube","halation:LoveArrow"],"picked":"theMarked:BronzeBlade"}],"items_purged_floors":[12],"is_endless":false,"potions_floor_spawned":[1,18,22,23],"killed_by":"Gremlin Leader","ascension_level":0}}