{"host":"pjgcdp3h1plnbocs","time":1613581820,"event":{"mods":["AchievementEnabler","BaseMod","Colored Map","Downfall","Highlight Path","Minty Spire (QoL Compilation)","StSLib"],"gold_per_floor":[114,138,154,154,8,41,53,87,87,104,120,148,166,17,17,119,119,131,131,46,63,73,105,34,34,34,34,65,65,100,100,100,203,253,268,268,285,285,300,300,332,332,332,332,332],"floor_reached":44,"language":"ENG","playtime":1287,"items_purged":["Strike_B"],"score":825,"play_id":"1f5e085f-871d-4c63-b071-c2603aba9d51","local_time":"20210217181020","is_ascension_mode":true,"campfire_choices":[{"floor":15,"key":"REST"},{"data":"Apotheosis","floor":25,"key":"SMITH"},{"data":"1","floor":27,"key":"LIFT"},{"data":"2","floor":29,"key":"LIFT"},{"data":"3","floor":32,"key":"LIFT"},{"floor":40,"key":"RECALL"},{"floor":42,"key":"REST"}],"circlet_count":0,"master_deck":["Strike_B","Strike_B","Defend_B","Defend_B","Defend_B","Defend_B","Zap","Dualcast","Apotheosis+1","Beam Cell","Redo+1","Beam Cell","Defragment","Go for the Eyes","Gash","Defragment","All For One","Go for the Eyes","Gash+1","FTL","Coolheaded","Core Surge","Machine Learning","Double Energy"],"relics":["FrozenCore","Art of War","Mercury Hourglass","Oddly Smooth Stone","Symbiotic Virus","Prayer Wheel","Cables","Ice Cream","Pen Nib","Blood Vial","Girya","Blue Candle","Mummified Hand","Tiny House","Lantern"],"acts_visited":["Exordium","TheCity","TheBeyond"],"potions_floor_usage":[8,21,28,41,41],"damage_taken":[{"damage":0.0,"enemies":"Cultist","floor":1.0,"turns":2.0},{"damage":4.0,"enemies":"Jaw Worm","floor":3.0,"turns":3.0},{"damage":13,"enemies":"Lagavulin","floor":6,"turns":6},{"damage":0,"enemies":"2 Louse","floor":7,"turns":2},{"damage":0,"enemies":"Gremlin Nob","floor":8,"turns":2},{"damage":4,"enemies":"2 Fungi Beasts","floor":10,"turns":2},{"damage":0,"enemies":"Large Slime","floor":11,"turns":3},{"damage":11,"enemies":"3 Sentries","floor":12,"turns":4},{"damage":15,"enemies":"Exordium Wildlife","floor":13,"turns":3},{"damage":0,"enemies":"Slime Boss","floor":16,"turns":3},{"damage":0,"enemies":"Spheric Guardian","floor":18,"turns":3},{"damage":2,"enemies":"2 Thieves","floor":21,"turns":4},{"damage":17,"enemies":"Shelled Parasite and Fungi","floor":22,"turns":4},{"damage":14,"enemies":"Book of Stabbing","floor":23,"turns":5},{"damage":7,"enemies":"Slavers","floor":28,"turns":3},{"damage":9,"enemies":"Gremlin Leader","floor":30,"turns":3},{"damage":22,"enemies":"Automaton","floor":33,"turns":7},{"damage":10,"enemies":"3 Darklings","floor":35,"turns":5},{"damage":14,"enemies":"Orb Walker","floor":37,"turns":2},{"damage":25,"enemies":"Writhing Mass","floor":39,"turns":4},{"damage":17,"enemies":"Reptomancer","floor":41,"turns":5},{"damage":34,"enemies":"Nemesis","floor":44,"turns":4}],"seed_played":"-2907815044254632984","potions_obtained":[{"floor":3.0,"key":"SpeedPotion"},{"floor":6,"key":"DistilledChaos"},{"floor":8,"key":"FocusPotion"},{"floor":13,"key":"Guardian:BlockOnCardUsePotion"},{"floor":21,"key":"Energy Potion"},{"floor":34,"key":"Fire Potion"},{"floor":39,"key":"PowerPotion"}],"is_trial":false,"path_per_floor":["M","T","M","T","$","E","M","E","T","M","M","E","M","$","R","B",null,"M","?","?","M","M","E","$","R","T","R","E","R","E","?","R","B",null,"M","?","M","?","M","R","E","R","T","E"],"character_chosen":"DEFECT","items_purchased":["Oddly Smooth Stone","Defragment","FTL"],"campfire_rested":2,"item_purchase_floors":[5,14,24],"current_hp_per_floor":[50,50,46,46,46,33,33,33,33,29,29,18,3,3,25,25,63,63,63,63,61,44,30,30,30,30,30,25,25,18,43,43,23,67,59,59,47,47,24,24,9,31,31,0,0],"gold":332,"neow_bonus":"RANDOM_COLORLESS_2","is_daily":false,"chose_seed":false,"campfire_upgraded":1,"win_rate":0.0,"timestamp":1613581820,"path_taken":["M","?","?","?","$","E","M","E","T","M","M","E","M","?","R","BOSS","M","?","?","M","M","E","$","R","T","R","E","R","E","?","R","BOSS","M","?","M","?","?","R","E","R","T","E"],"items_purchased_type":["Relic","Card","Card"],"build_version":"2020-12-22","purchased_purges":1,"victory":false,"max_hp_per_floor":[75,75,75,75,75,75,75,75,75,75,75,75,75,75,75,75,75,75,75,75,75,75,75,75,75,75,75,75,75,75,75,75,75,80,80,76,76,76,76,76,76,76,76,76,76],"card_choices":[{"not_picked":["HandOfGreed","Thinking Ahead"],"picked":"Apotheosis","floor":0.0},{"not_picked":["Auto Shields","Turbo"],"picked":"Beam Cell","floor":1.0},{"not_picked":["Chill","Go for the Eyes"],"picked":"Redo","floor":3.0},{"not_picked":["Beam Cell","Barrage","Thunder Strike"],"picked":"SKIP","floor":6},{"not_picked":["Beam Cell","Barrage","Thunder Strike"],"picked":"SKIP","floor":6},{"not_picked":["Barrage","Thunder Strike"],"picked":"Beam Cell","floor":6},{"not_picked":["Sweeping Beam","Storm"],"picked":"Defragment","floor":7},{"not_picked":["White Noise","Stack"],"picked":"Go for the Eyes","floor":8},{"not_picked":["White Noise","BootSequence"],"picked":"Gash","floor":10},{"not_picked":["Heatsinks","Static Discharge","Scrape"],"picked":"SKIP","floor":10},{"not_picked":["Go for the Eyes","Ball Lightning","Aggregate"],"picked":"SKIP","floor":11},{"not_picked":["Compile Driver","Coolheaded","Skim"],"picked":"SKIP","floor":11},{"not_picked":["Thunder Strike","Melter","Scrape"],"picked":"SKIP","floor":12},{"not_picked":["Rebound","Darkness","Hologram"],"picked":"SKIP","floor":13},{"not_picked":["Double Energy","Ball Lightning","Hologram"],"picked":"SKIP","floor":13},{"not_picked":["Seek","Multi-Cast"],"picked":"All For One","floor":16},{"not_picked":["Aggregate","Sweeping Beam+1"],"picked":"Go for the Eyes","floor":18},{"not_picked":["Rebound","Steam+1","Cold Snap+1"],"picked":"SKIP","floor":18},{"not_picked":["Streamline","FTL","Leap"],"picked":"SKIP","floor":21},{"not_picked":["Rebound+1","Coolheaded","Hologram"],"picked":"SKIP","floor":21},{"not_picked":["Streamline","Heatsinks"],"picked":"Gash+1","floor":22},{"not_picked":["Streamline","Recycle","Rip and Tear"],"picked":"SKIP","floor":22},{"not_picked":["Compile Driver","Beam Cell+1","Heatsinks"],"picked":"SKIP","floor":23},{"not_picked":["Rebound","Conserve Battery"],"picked":"Coolheaded","floor":28},{"not_picked":["Consume","Leap"],"picked":"Core Surge","floor":30},{"not_picked":["Core Surge","Rainbow"],"picked":"Machine Learning","floor":33},{"not_picked":["Consume","Double Energy+1","Rebound+1"],"picked":"SKIP","floor":35},{"not_picked":["Go for the Eyes+1","Chaos","Compile Driver"],"picked":"SKIP","floor":35},{"not_picked":["Redo","Hologram+1","Streamline+1"],"picked":"SKIP","floor":37},{"not_picked":["Barrage+1","Go for the Eyes+1","Electrodynamics"],"picked":"SKIP","floor":37},{"not_picked":["Steam+1","Go for the Eyes","Defragment"],"picked":"SKIP","floor":39},{"not_picked":["Ball Lightning","Sweeping Beam+1","Sunder+1"],"picked":"SKIP","floor":39},{"not_picked":["Reinforced Body","Stack+1","Rebound+1"],"picked":"SKIP","floor":41}],"player_experience":246084,"relics_obtained":[{"floor":2.0,"key":"Art of War"},{"floor":4.0,"key":"Mercury Hourglass"},{"floor":6,"key":"Symbiotic Virus"},{"floor":8,"key":"Prayer Wheel"},{"floor":9,"key":"Cables"},{"floor":12,"key":"Ice Cream"},{"floor":23,"key":"Blood Vial"},{"floor":26,"key":"Girya"},{"floor":28,"key":"Blue Candle"},{"floor":30,"key":"Mummified Hand"},{"floor":41,"key":"Lantern"}],"event_choices":[{"cards_removed":["Strike_B"],"damage_healed":0,"gold_gain":0,"player_choice":"Elegance","damage_taken":0,"max_hp_gain":0,"max_hp_loss":0,"event_name":"Back to Basics","floor":19,"gold_loss":0},{"damage_healed":0,"gold_gain":0,"player_choice":"Obtained Relic","damage_taken":0,"relics_obtained":["Pen Nib"],"max_hp_gain":0,"max_hp_loss":0,"event_name":"Addict","floor":20,"gold_loss":85},{"damage_healed":25,"gold_gain":0,"player_choice":"Heal","damage_taken":0,"max_hp_gain":0,"max_hp_loss":0,"event_name":"The Library","floor":31,"gold_loss":0},{"damage_healed":0,"gold_gain":0,"player_choice":"Max HP","damage_taken":0,"max_hp_gain":0,"max_hp_loss":4,"event_name":"Winding Halls","floor":36,"gold_loss":0},{"damage_healed":0,"gold_gain":0,"player_choice":"1 cards matched","damage_taken":0,"max_hp_gain":0,"max_hp_loss":0,"event_name":"Match and Keep!","floor":38,"gold_loss":0,"cards_obtained":["Double Energy"]}],"is_beta":false,"boss_relics":[{"not_picked":["Astrolabe","bronze:MakeshiftBattery"],"picked":"FrozenCore"},{"not_picked":["Runic Dome","Runic Pyramid"],"picked":"Tiny House"}],"items_purged_floors":[14],"is_endless":false,"potions_floor_spawned":[3,6,8,13,18,21,37,39],"killed_by":"Nemesis","ascension_level":8}}