{"host":"mhzgc0zma59jtmoj","time":1613541580,"event":{"mods":["BaseMod","BetterRewards","Custom Start","Glutton Mod","Ironclad Rager","Minty Spire (QoL Compilation)","Replay The Spire","Somnambulant","StSLib","The Cursed","The Hierophant","The Jungle","Treasure Hunter"],"gold_per_floor":[569,582,599,599,616,648,648,723,747,761,761,761,777,793,793,793,793],"floor_reached":16,"language":"ENG","playtime":1053,"items_purged":["TheCursedMod:Defend_TheCursed","TheCursedMod:Strike_TheCursed","TheCursedMod:Stretching+1","TheCursedMod:Defend_TheCursed"],"score":154,"play_id":"a90ae197-892f-40f1-a96e-380732763e6f","local_time":"20210217005940","is_ascension_mode":false,"campfire_choices":[{"floor":7,"key":"REST"},{"data":"TheCursedMod:SurpriseAttack","floor":11,"key":"SMITH"},{"data":"TheCursedMod:SurpriseAttack","floor":15,"key":"SMITH"}],"circlet_count":0,"master_deck":["TheCursedMod:Strike_TheCursed","TheCursedMod:Strike_TheCursed","TheCursedMod:Defend_TheCursed","TheCursedMod:Defend_TheCursed","TheCursedMod:CursedWand","TheCursedMod:CleanUpWorkshop","TheCursedMod:Dregs","TheCursedMod:SpitefulPlan+1","TheCursedMod:SurpriseAttack+1","TheCursedMod:HellfireBreathing","TheCursedMod:SpitefulStrike","TheCursedMod:WearCloak","TheCursedMod:WearCloak","Amnesia","TheCursedMod:SurpriseAttack+1","TH:Mimic","TheCursedMod:CursedBlade","TheCursedMod:BlessingInDisguise","TheCursedMod:CircleOfFlame","TheCursedMod:SpitefulPray"],"relics":["TheCursedMod:BlackMagic101","Art of War","Mummified Hand","Guide Book","Onion Ring","Tiny Chest","Strawberry"],"acts_visited":["Exordium"],"potions_floor_usage":[16,16],"damage_taken":[{"damage":0,"enemies":"2 Louse","floor":1,"turns":1},{"damage":0,"enemies":"Small Slimes","floor":2,"turns":2},{"damage":3,"enemies":"Jaw Worm","floor":3,"turns":2},{"damage":0,"enemies":"Blue Slaver","floor":5,"turns":2},{"damage":17,"enemies":"Gremlin Nob","floor":6,"turns":4},{"damage":8,"enemies":"Lots of Slimes","floor":10,"turns":3},{"damage":0,"enemies":"Exordium Thugs","floor":13,"turns":3},{"damage":0,"enemies":"Exordium Wildlife","floor":14,"turns":3},{"damage":16,"enemies":"Hexaghost","floor":16,"turns":11}],"seed_played":"-6711662297528971686","potions_obtained":[{"floor":3,"key":"Elixir"},{"floor":10,"key":"Toxic Potion"},{"floor":13,"key":"SkillPotion"}],"is_trial":false,"path_per_floor":["M","M","M","?","M","E","R","?","T","M","R","?","M","M","R","B"],"character_chosen":"THE_CURSED","items_purchased":["TheCursedMod:SpitefulPlan","Mummified Hand","Guide Book","TheCursedMod:SurpriseAttack","Onion Ring","TheCursedMod:HellfireBreathing","TheCursedMod:SpitefulStrike","TheCursedMod:WearCloak"],"campfire_rested":1,"item_purchase_floors":[0,0,0,0,0,0,0,0],"current_hp_per_floor":[28,28,25,25,25,8,27,16,23,15,15,15,15,15,15,0,0],"gold":793,"neow_bonus":"","is_daily":false,"chose_seed":false,"campfire_upgraded":2,"win_rate":0.0,"timestamp":1613541580,"path_taken":["M","M","M","?","M","E","R","?","T","?","R","?","M","M","R","BOSS"],"items_purchased_type":["Card","Relic","Relic","Card","Relic","Card","Card","Card"],"build_version":"2020-12-22","purchased_purges":4,"victory":false,"max_hp_per_floor":[65,65,65,65,65,65,65,65,72,72,72,72,72,72,72,72,72],"card_choices":[{"not_picked":["TheCursedMod:Stretching","TheCursedMod:Evocation"],"picked":"TheCursedMod:WearCloak","floor":1},{"not_picked":["TheCursedMod:CursedMace","TheCursedMod:CursedShiv","TheCursedMod:SmokeScreen"],"picked":"SKIP","floor":2},{"not_picked":["TheCursedMod:SmokeScreen","TheCursedMod:SpreadPlague","TheCursedMod:Grudge"],"picked":"SKIP","floor":3},{"not_picked":["TheCursedMod:VitalStrike","TheCursedMod:Stretching"],"picked":"TheCursedMod:SurpriseAttack","floor":5},{"not_picked":["TH:ArmorSpikes","TH:DeckOfManyThings"],"picked":"SKIP","floor":6},{"not_picked":["TheCursedMod:AntiAging","TheCursedMod:TroublousMinions","TheCursedMod:VitalStrike"],"picked":"SKIP","floor":6},{"not_picked":["TH:TreasureMap"],"picked":"TH:Mimic","floor":9},{"not_picked":["TheCursedMod:StingEye","TheCursedMod:CursedAmulet"],"picked":"TheCursedMod:CursedBlade","floor":10},{"not_picked":["TheCursedMod:CircleOfBlood","TheCursedMod:Obscuration"],"picked":"TheCursedMod:CircleOfFlame","floor":13},{"not_picked":["TheCursedMod:CursedAmulet","TheCursedMod:VitalStrike"],"picked":"TheCursedMod:SpitefulPray","floor":14}],"player_experience":290237,"relics_obtained":[{"floor":6,"key":"Tiny Chest"},{"floor":9,"key":"Strawberry"}],"event_choices":[{"damage_healed":0,"gold_gain":75,"player_choice":"Gather Gold","damage_taken":11,"max_hp_gain":0,"max_hp_loss":0,"event_name":"World of Goop","floor":8,"gold_loss":0},{"damage_healed":0,"gold_gain":0,"cards_transformed":["TheCursedMod:Strike_TheCursed"],"player_choice":"Transformed","damage_taken":0,"max_hp_gain":0,"max_hp_loss":0,"event_name":"Transmorgrifier","floor":12,"gold_loss":0,"cards_obtained":["TheCursedMod:BlessingInDisguise"]}],"is_beta":false,"boss_relics":[],"items_purged_floors":[0,0,0,0],"is_endless":false,"potions_floor_spawned":[3,10,13],"killed_by":"Hexaghost","ascension_level":0}}