{"host":"flm17o2q7bfjyna6","time":1613584350,"event":{"mods":["2.2 Compatiblity","Act Like it!","BaseMod","Better Altar","Better Match","Better Note","Better Sensory Stone","Better Skull","Better Third Choice","Better Vampires","Colored Map","Colored Powertips","DeckTracker","Fox Events","Hermit","Minty Spire (QoL Compilation)","Quick Restart","Replay The Spire","Reworked Bosses","Spicy Shops","StSLib","TheSwordswoman","Wandering Minibosses"],"gold_per_floor":[115,115,115,139,67,108,108,147,171,202,222,67,90,18,18,146,146,167,192,192,84,99,138,138,173,200,200,200,200,200,218,218,341,341,355,48,66,66,146,146,189,189,216,230,246,280,280,320,320,320,320,320,73,109,109],"floor_reached":56,"language":"ENG","playtime":5513,"items_purged":["blazmod:Strike"],"score":1722,"play_id":"b3ce2afc-07e4-46dd-b12a-66459927a924","local_time":"20210217125230","is_ascension_mode":true,"campfire_choices":[{"data":"blazmod:ButterflyEffect","floor":7,"key":"SMITH"},{"floor":15,"key":"DIG"},{"data":"blazmod:EightLifePilgrimage","floor":24,"key":"SMITH"},{"data":"blazmod:Swordstorm","floor":27,"key":"SMITH"},{"data":"blazmod:PhysicalEndurance","floor":29,"key":"SMITH"},{"floor":32,"key":"REST"},{"floor":40,"key":"REST"},{"floor":42,"key":"REST"},{"floor":47,"key":"REST"},{"data":"blazmod:GlasswingWaltz","floor":49,"key":"SMITH"},{"data":"blazmod:SecondSight","floor":52,"key":"SMITH"}],"circlet_count":0,"master_deck":["blazmod:Strike+1","blazmod:Defend","blazmod:Defend","blazmod:ButterflyEffect+1","blazmod:Kyokasuigetsu","blazmod:FortifiedVigor+1","Injury","blazmod:BladeOfEnlightenment","blazmod:SecondSight+1","blazmod:BladeOfEnlightenment+1","blazmod:PhysicalEndurance+1","blazmod:Quickdraw+1","blazmod:DevilDivine","blazmod:EightLifePilgrimage+1","blazmod:StanceChange+1","blazmod:Setsuna+1","blazmod:Trasient+1","blazmod:FlashRock+1","blazmod:KatanaStrike+1","blazmod:BlindingFlash+1","blazmod:Swordstorm+1","blazmod:SureOfHand","blazmod:TravelJournal","blazmod:GlasswingWaltz+1","blazmod:DevilDivine+1","Dramatic Entrance+1","blazmod:WildButterfly+1","blazmod:DevilDivine+1","blazmod:Swordstorm+1","blazmod:ClearTheMind+1","blazmod:AlmightyPassage","blazmod:SecondSight+1"],"relics":["blazmod:Venustas","NeowsBlessing","Golden Idol","CultistMask","Du-Vu Doll","Oddly Smooth Stone","Ancient Tea Set","Omamori","Dream Catcher","Whetstone","Shuriken","Astrolabe","Girya","ReplayTheSpireMod:Ninjato","Mirror","Calling Bell","Centennial Puzzle","Replay:Bottled Steam","WingedGreaves","MealTicket","Gremlin Food","Frozen Egg 2","Art of War","ReplayFunnel","Bronze Scales","Toy Ornithopter","Letter Opener","ReplayTheSpireMod:CursedCoin","Happy Flower","Mango"],"acts_visited":["Exordium","TheCity","TheBeyond","TheEnding"],"potions_floor_usage":[8,10,19,22,25,33,35,54,55,55],"damage_taken":[{"damage":0,"enemies":"Small Slimes","floor":1,"turns":1},{"damage":0,"enemies":"Jaw Worm","floor":4,"turns":1},{"damage":0,"enemies":"Lagavulin","floor":6,"turns":2},{"damage":9,"enemies":"3 Sentries","floor":8,"turns":6},{"damage":7,"enemies":"Lagavulin","floor":10,"turns":8},{"damage":0,"enemies":"Cultist","floor":11,"turns":3},{"damage":0,"enemies":"2 Fungi Beasts","floor":13,"turns":2},{"damage":13,"enemies":"Slime Boss","floor":16,"turns":7},{"damage":11,"enemies":"Spheric Guardian","floor":18,"turns":7},{"damage":18,"enemies":"2 Thieves","floor":19,"turns":8},{"damage":1,"enemies":"Chosen and Byrds","floor":22,"turns":3},{"damage":2,"enemies":"Replay:Snechameleon","floor":23,"turns":5},{"damage":25,"enemies":"Slavers","floor":25,"turns":5},{"damage":0,"enemies":"Centurion and Healer","floor":31,"turns":1},{"damage":0,"enemies":"Automaton","floor":33,"turns":5},{"damage":25,"enemies":"3 Darklings","floor":35,"turns":4},{"damage":0,"enemies":"3 Shapes","floor":37,"turns":2},{"damage":7,"enemies":"R_Hoarder","floor":41,"turns":6},{"damage":6,"enemies":"Maw","floor":44,"turns":3},{"damage":9,"enemies":"Jaw Worm Horde","floor":45,"turns":2},{"damage":2,"enemies":"Nemesis","floor":46,"turns":5},{"damage":0,"enemies":"R_Hoarder","floor":48,"turns":5},{"damage":0,"enemies":"bossMod:newShapes","floor":50,"turns":5},{"damage":0,"enemies":"Shield and Spear","floor":54,"turns":3},{"damage":32,"enemies":"The Heart","floor":55,"turns":5}],"seed_played":"-1633456716806705951","potions_obtained":[{"floor":1,"key":"Milkshake"},{"floor":4,"key":"Explosive Potion"},{"floor":10,"key":"LiquidBronze"},{"floor":11,"key":"Energy Potion"},{"floor":23,"key":"Energy Potion"},{"floor":25,"key":"PowerPotion"},{"floor":33,"key":"Swift Potion"},{"floor":35,"key":"AttackPotion"},{"floor":41,"key":"Adrenaline Potion"},{"floor":54,"key":"ColorlessPotion"}],"is_trial":false,"path_per_floor":["M","?","?","M","$","E","R","E","T","E","M","$","M","$","R_BF","B",null,"M","M","?","$","M","E","R","E","T","R","?","R","T","M","R","B",null,"M","$","M","?","T","R","E","R","T","M","M","E","R","E","R","B",null,"R","$","E","B",null],"character_chosen":"THE_SWORDSWOMAN","items_purchased":["Du-Vu Doll","Whetstone","blazmod:DevilDivine","blazmod:KatanaStrike+1","MealTicket","Gremlin Food","Dramatic Entrance","Letter Opener","ReplayTheSpireMod:CursedCoin","Happy Flower"],"campfire_rested":4,"item_purchase_floors":[5,12,14,21,36,36,36,53,53,53],"current_hp_per_floor":[40,40,40,40,40,40,40,31,31,24,24,24,24,24,24,11,40,37,27,27,27,26,32,32,15,15,15,15,15,15,23,35,40,40,15,15,15,15,15,27,28,40,40,34,25,31,40,40,40,40,40,40,40,54,30],"gold":109,"neow_bonus":"THREE_ENEMY_KILL","is_daily":false,"chose_seed":false,"campfire_upgraded":6,"win_rate":0.0,"timestamp":1613584350,"path_taken":["M","?","?","M","$","E","R","E","T","E","M","$","M","$","R_BF","BOSS","M","?","?","$","M","E","R","E","T","R","?","R","?","M","R","BOSS","M","$","M","?","?","R","E","R","T","?","M","E","R","E","R","BOSS","R","$","E","BOSS"],"items_purchased_type":["Relic","Relic","Card","Card","Relic","Relic","Card","Relic","Relic","Relic"],"build_version":"2020-12-22","purchased_purges":1,"victory":true,"max_hp_per_floor":[40,40,40,40,40,40,40,40,40,40,40,40,40,40,40,40,40,40,40,40,40,40,40,40,40,40,40,40,40,40,40,40,40,40,40,40,40,40,40,40,40,40,40,40,40,40,40,40,40,40,40,40,40,54,54],"card_choices":[{"not_picked":["blazmod:MoonlightBlossoms","blazmod:DrippingWaterHollowsStone"],"picked":"blazmod:FortifiedVigor","floor":1},{"not_picked":["blazmod:StanceChange","blazmod:ButterFlutter","blazmod:UnderPurifyingWaters"],"picked":"SKIP","floor":4},{"not_picked":["blazmod:DrippingWaterHollowsStone","blazmod:PhoenixPlume"],"picked":"blazmod:BladeOfEnlightenment","floor":6},{"not_picked":["blazmod:ButterFlutter","blazmod:RevolvingPhoenix"],"picked":"blazmod:SecondSight","floor":8},{"not_picked":["blazmod:Valiance","blazmod:Crosscut"],"picked":"blazmod:BladeOfEnlightenment","floor":10},{"not_picked":["blazmod:MentalFocus","blazmod:SidewaySolace"],"picked":"blazmod:PhysicalEndurance","floor":11},{"not_picked":["blazmod:KatanaStrike","blazmod:DanceOfTheGods"],"picked":"blazmod:Quickdraw","floor":13},{"not_picked":["blazmod:Setsuna","blazmod:MirrorImage"],"picked":"blazmod:EightLifePilgrimage","floor":16},{"not_picked":["blazmod:OpenSpirit","blazmod:BoulderFlash"],"picked":"blazmod:FlashRock+1","floor":18},{"not_picked":["blazmod:SidewaySolace","blazmod:BoulderFlash","blazmod:TandenKatsu"],"picked":"SKIP","floor":19},{"not_picked":["blazmod:CastAwayDew","blazmod:KatanaStrike+1"],"picked":"blazmod:BlindingFlash+1","floor":22},{"not_picked":["blazmod:PhysicalEndurance","blazmod:FlashRock","blazmod:Unrestrained+1"],"picked":"SKIP","floor":23},{"not_picked":["blazmod:BladeOfEnlightenment","blazmod:FortifiedVigor"],"picked":"blazmod:Swordstorm","floor":25},{"not_picked":["blazmod:FlashRock","blazmod:CastAwayDew"],"picked":"blazmod:SureOfHand","floor":31},{"not_picked":["blazmod:QuickBlade","blazmod:BeTheBlade"],"picked":"blazmod:TravelJournal","floor":32},{"not_picked":["blazmod:ForgeWays","blazmod:OneWithNature"],"picked":"blazmod:GlasswingWaltz","floor":33},{"not_picked":["blazmod:TrueOfHeart","blazmod:ClearTheMind+1"],"picked":"blazmod:DevilDivine+1","floor":35},{"not_picked":["blazmod:ButterFlutter","blazmod:HarmonyComplete+1","blazmod:FlashRock"],"picked":"SKIP","floor":37},{"not_picked":["blazmod:KatanaStrike","blazmod:BoulderFlash"],"picked":"blazmod:WildButterfly+1","floor":40},{"not_picked":["blazmod:OneWithNature","blazmod:BladeOfEnlightenment"],"picked":"blazmod:DevilDivine+1","floor":41},{"not_picked":["blazmod:BoulderFlash+1","blazmod:UnderPurifyingWaters+1"],"picked":"blazmod:Swordstorm+1","floor":42},{"not_picked":["blazmod:ButterFlutter+1","blazmod:LoveAndHonor+1","blazmod:FortifiedVigor"],"picked":"SKIP","floor":44},{"not_picked":["blazmod:PhysicalEndurance+1","blazmod:BlindBlade"],"picked":"blazmod:ClearTheMind+1","floor":45},{"not_picked":["blazmod:BoulderFlash+1","blazmod:KatanaStrike+1","blazmod:FleetOfFoot+1"],"picked":"SKIP","floor":46},{"not_picked":["blazmod:PhysicalEndurance+1","blazmod:Valiance"],"picked":"blazmod:AlmightyPassage","floor":48},{"not_picked":["blazmod:Quickdraw","blazmod:OpenSpirit+1"],"picked":"blazmod:SecondSight+1","floor":54}],"player_experience":1786939,"relics_obtained":[{"floor":6,"key":"Oddly Smooth Stone"},{"floor":8,"key":"Ancient Tea Set"},{"floor":9,"key":"Omamori"},{"floor":10,"key":"Dream Catcher"},{"floor":15,"key":"Shuriken"},{"floor":23,"key":"Girya"},{"floor":25,"key":"ReplayTheSpireMod:Ninjato"},{"floor":30,"key":"Mirror"},{"floor":34,"key":"Centennial Puzzle"},{"floor":34,"key":"Replay:Bottled Steam"},{"floor":34,"key":"WingedGreaves"},{"floor":39,"key":"Frozen Egg 2"},{"floor":41,"key":"Art of War"},{"floor":43,"key":"ReplayFunnel"},{"floor":46,"key":"Bronze Scales"},{"floor":48,"key":"Toy Ornithopter"},{"floor":54,"key":"Mango"}],"event_choices":[{"damage_healed":0,"gold_gain":0,"player_choice":"Take Wound","damage_taken":0,"relics_obtained":["Golden Idol"],"max_hp_gain":0,"max_hp_loss":0,"event_name":"Golden Idol","floor":2,"gold_loss":0,"cards_obtained":["Injury"]},{"damage_healed":0,"gold_gain":0,"player_choice":"Trade","damage_taken":0,"relics_obtained":["CultistMask"],"max_hp_gain":0,"max_hp_loss":0,"event_name":"FaceTrader","floor":3,"gold_loss":0},{"cards_removed":["blazmod:Defend"],"damage_healed":0,"gold_gain":0,"player_choice":"Purged","damage_taken":0,"max_hp_gain":0,"max_hp_loss":0,"event_name":"Purifier","floor":20,"gold_loss":0},{"cards_removed":["blazmod:Defend"],"damage_healed":0,"gold_gain":0,"player_choice":"Give","damage_taken":0,"max_hp_gain":0,"max_hp_loss":0,"event_name":"betterNote:BetterNote","floor":28,"gold_loss":0,"cards_obtained":["blazmod:Strike"]}],"is_beta":false,"boss_relics":[{"not_picked":["Kintsugi","Snecko Eye"],"picked":"Astrolabe"},{"not_picked":["Fusion Hammer","Velvet Choker"],"picked":"Calling Bell"}],"items_purged_floors":[21],"is_endless":false,"potions_floor_spawned":[1,4,6,10,11,23,25,33,35,41,44,54],"ascension_level":4}}