{"host":"3j2m8n0ywf988fwb","time":1613549828,"event":{"mods":["2.2 Compatiblity","AchievementEnabler","Act Like it!","BaseMod","Better Altar","Better Match","Better Note","Better Sensory Stone","Better Skull","Better Third Choice","Colored Map","Colored Powertips","Dark Map","Hallownest","HexUI Lib","Highlight Path","Marked Mod","Mimic Mod","Minty Spire (QoL Compilation)","Random Character Button","Relic Stats","Robot Space Explorer","Ruina","Shapeshifter Mod","Shop Mod","Somnambulant","StSLib","The Bug Knight","The Servant 0.9.4","Unceasing Turn Reminder","Weighted Paths","everything is the same but u backflip on backflip"],"gold_per_floor":[110,110,128,32,32,63,63,91,127,127,140,174,191,249,249,349,399,416,426,36,52,52,52,52],"floor_reached":23,"language":"ENG","playtime":726,"items_purged":["Strike_B"],"score":251,"play_id":"77fb1ac0-6511-4b30-87c1-8fd54e7f602d","local_time":"20210217021708","is_ascension_mode":true,"campfire_choices":[{"data":"Dualcast","floor":7,"key":"SMITH"},{"floor":15,"key":"REST"}],"circlet_count":0,"master_deck":["Strike_B","Strike_B","Strike_B","Defend_B","Defend_B","Defend_B+1","Defend_B","Zap+1","Dualcast+1","Barrage","Streamline","Defragment","Ball Lightning","Loop","Steam","Scrape+1","Biased Cognition","Gash","Coolheaded","Echo Form","Redo","Redo","Reboot","Doubt"],"relics":["Cracked Core","HollowMod:StagPassRelic","Mercury Hourglass","Anchor","StrikeDummy","Akabeko","Tiny House","Membership Card","Eternal Feather","Bronze Scales","Boot"],"acts_visited":["Exordium","ruina:Briah"],"potions_floor_usage":[14,21],"damage_taken":[{"damage":0,"enemies":"Small Slimes","floor":1,"turns":2},{"damage":6,"enemies":"Cultist","floor":3,"turns":3},{"damage":35,"enemies":"3 Sentries","floor":6,"turns":6},{"damage":15,"enemies":"Lagavulin","floor":8,"turns":4},{"damage":1,"enemies":"2 Louse","floor":9,"turns":4},{"damage":0,"enemies":"2 Louse","floor":11,"turns":2},{"damage":1,"enemies":"HollowMod:MossKnight","floor":12,"turns":4},{"damage":0,"enemies":"Large Slime","floor":13,"turns":3},{"damage":7,"enemies":"Lagavulin Event","floor":14,"turns":3},{"damage":28,"enemies":"The Guardian","floor":16,"turns":8},{"damage":1,"enemies":"ruina:BadWolf","floor":18,"turns":3},{"damage":22,"enemies":"ruina:2_Scarecrows","floor":19,"turns":4},{"damage":52,"enemies":"ruina:KnightOfDespair","floor":21,"turns":6},{"damage":8,"enemies":"ruina:ServantOfWrath","floor":23,"turns":2}],"seed_played":"68148905359110968","potions_obtained":[{"floor":1,"key":"GamblersBrew"},{"floor":2,"key":"BlessingOfTheForge"},{"floor":2,"key":"LiquidBronze"},{"floor":8,"key":"Weak Potion"},{"floor":11,"key":"AttackPotion"},{"floor":14,"key":"BlessingOfTheForge"},{"floor":17,"key":"PotionOfCapacity"}],"is_trial":false,"path_per_floor":["M","?","M","$","$","E","R","E","MIM","?","M","E","M","?","R","B",null,"M","M","$","M","?","E"],"character_chosen":"DEFECT","items_purchased":["Defragment","Ball Lightning","Membership Card","Eternal Feather","Bronze Scales"],"campfire_rested":1,"item_purchase_floors":[4,4,20,20,20],"current_hp_per_floor":[75,75,69,69,69,34,34,19,18,18,18,17,17,10,32,4,80,79,57,57,5,5,0,0],"gold":52,"neow_bonus":"UPGRADE_CARD","is_daily":false,"chose_seed":false,"campfire_upgraded":1,"win_rate":0.0,"timestamp":1613549828,"path_taken":["M","?","M","?","$","E","R","E","MIM","?","M","E","?","?","R","BOSS","M","M","$","M","?","E"],"items_purchased_type":["Card","Card","Relic","Relic","Relic"],"build_version":"2020-12-22","purchased_purges":1,"victory":false,"max_hp_per_floor":[75,75,75,75,75,75,75,75,75,75,75,75,75,75,75,75,80,80,80,80,80,80,80,80],"relic_stats":{"counters":[14,52],"Bronze Scales":[12],"Eternal Feather":0,"Boot":[0],"obtain_stats":[{"Frozen Eye":19,"Anchor":9,"Tiny House":17,"Bronze Scales":20,"Eternal Feather":20,"Membership Card":20,"Cracked Core":0,"HollowMod:StagPassRelic":6,"StrikeDummy":12,"Boot":22,"Akabeko":14,"Mercury Hourglass":8},{"Frozen Eye":11,"Anchor":5,"Tiny House":10,"Bronze Scales":12,"Eternal Feather":12,"Membership Card":12,"Cracked Core":0,"HollowMod:StagPassRelic":3,"StrikeDummy":7,"Boot":13,"Akabeko":9,"Mercury Hourglass":4},{"Frozen Eye":41,"Anchor":19,"Tiny House":38,"Bronze Scales":44,"Eternal Feather":44,"Membership Card":44,"Cracked Core":0,"HollowMod:StagPassRelic":11,"StrikeDummy":25,"Boot":50,"Akabeko":30,"Mercury Hourglass":15}],"Mercury Hourglass":[122]},"card_choices":[{"not_picked":["Undo","Stack"],"picked":"Barrage","floor":1},{"not_picked":["Fusion","Rip and Tear"],"picked":"Streamline","floor":3},{"not_picked":["Stack","Sweeping Beam"],"picked":"Loop","floor":6},{"not_picked":["Scrape","Chill"],"picked":"Steam","floor":8},{"not_picked":["Force Field","Auto Shields"],"picked":"Scrape","floor":9},{"not_picked":["Darkness","Reprogram"],"picked":"Biased Cognition","floor":11},{"not_picked":["Streamline","Beam Cell"],"picked":"Gash","floor":12},{"not_picked":["Leap","Ball Lightning","Rebound"],"picked":"SKIP","floor":13},{"not_picked":["Turbo","Barrage"],"picked":"Coolheaded","floor":14},{"not_picked":["Fission","Core Surge"],"picked":"Echo Form","floor":16},{"not_picked":["Cold Snap","Compile Driver"],"picked":"Redo","floor":17},{"not_picked":["Rebound","Ball Lightning+1","Heatsinks"],"picked":"SKIP","floor":18},{"not_picked":["Blizzard","Chaos"],"picked":"Redo","floor":19},{"not_picked":["Heatsinks","Undo"],"picked":"Reboot","floor":21}],"player_experience":987419,"relics_obtained":[{"floor":6,"key":"HollowMod:StagPassRelic"},{"floor":8,"key":"Mercury Hourglass"},{"floor":9,"key":"Anchor"},{"floor":12,"key":"StrikeDummy"},{"floor":14,"key":"Akabeko"}],"event_choices":[{"damage_healed":0,"gold_gain":0,"player_choice":"Got Potions","damage_taken":0,"max_hp_gain":0,"max_hp_loss":0,"event_name":"Lab","floor":2,"gold_loss":0},{"damage_healed":0,"gold_gain":0,"player_choice":"Forge","damage_taken":0,"max_hp_gain":0,"max_hp_loss":0,"event_name":"Accursed Blacksmith","floor":10,"gold_loss":0,"cards_upgraded":["Scrape"]},{"damage_healed":0,"gold_gain":30,"player_choice":"Searched \u00272\u0027 times","damage_taken":0,"max_hp_gain":0,"max_hp_loss":0,"event_name":"Dead Adventurer","floor":14,"gold_loss":0}],"is_beta":false,"boss_relics":[{"not_picked":["Ectoplasm","Fusion Hammer"],"picked":"Tiny House"}],"items_purged_floors":[20],"is_endless":false,"potions_floor_spawned":[1,8,11,12,14,19],"killed_by":"ruina:ServantOfWrath","ascension_level":4}}