{"host":"bq4pt811tk9yrmjl","time":1613578038,"event":{"mods":["AchievementEnabler","BaseMod","Colored Map","Colored Powertips","Defuse TimeMaze Blight","Minty Spire (QoL Compilation)","Smile Girya","StSLib","SuperFastMode"],"gold_per_floor":[111,286,236,236,60,60,86,104,104,123,123,69,69,82,82,183,183,201,201,201,201,251,283,297,297,379,407,407,75,99,130,130,233,233,252,252,262,276,276,276,276,129,129,129,145,174,102,113,113,113,113,113,38,38,38],"floor_reached":54,"language":"ENG","playtime":1079,"items_purged":["Writhe"],"score":778,"play_id":"ecd093be-9770-47e0-bf23-e8f18353ff78","local_time":"20210217140718","is_ascension_mode":true,"campfire_choices":[{"data":"Apotheosis","floor":6.0,"key":"SMITH"},{"floor":11.0,"key":"RECALL"},{"data":"Body Slam","floor":13.0,"key":"SMITH"},{"floor":15.0,"key":"REST"},{"floor":25,"key":"REST"},{"floor":28,"key":"REST"},{"floor":32,"key":"REST"},{"data":"1","floor":41,"key":"LIFT"},{"data":"2","floor":49,"key":"LIFT"},{"data":"3","floor":52,"key":"LIFT"}],"circlet_count":0,"master_deck":["Strike_R","Strike_R","Defend_R","Defend_R","Defend_R","Defend_R","Bash","Heavy Blade","Apotheosis+1","Body Slam+1","Iron Wave","Anger","Rage","Disarm","Twin Strike","Pommel Strike+1","Disarm","Whirlwind+1","Anger+1","Double Tap+1","Double Tap+1","Iron Wave+1","Spot Weakness","Writhe","Shrug It Off+1","Ghostly Armor+1","Rage+1"],"relics":["Burning Blood","NeowsBlessing","Pantograph","Letter Opener","Kunai","Black Star","Darkstone Periapt","Blue Candle","Calipers","Shuriken","Toy Ornithopter","Dead Branch","Sling","Juzu Bracelet","Girya","Oddly Smooth Stone","Astrolabe","Self Forming Clay","Medical Kit","Sundial","Peace Pipe","FossilizedHelix"],"acts_visited":["Exordium","TheCity","TheBeyond","TheEnding"],"potions_floor_usage":[23,33,33,45,45,50,50],"damage_taken":[{"damage":0.0,"enemies":"Small Slimes","floor":1.0,"turns":1.0},{"damage":0.0,"enemies":"Gremlin Nob","floor":7.0,"turns":1.0},{"damage":0.0,"enemies":"Jaw Worm","floor":8.0,"turns":1.0},{"damage":0.0,"enemies":"2 Louse","floor":10.0,"turns":3.0},{"damage":9.0,"enemies":"Blue Slaver","floor":14.0,"turns":3.0},{"damage":23.0,"enemies":"Hexaghost","floor":16.0,"turns":10.0},{"damage":7.0,"enemies":"2 Thieves","floor":18.0,"turns":4.0},{"damage":28,"enemies":"Gremlin Leader","floor":23,"turns":7},{"damage":5,"enemies":"Shell Parasite","floor":24,"turns":6},{"damage":26,"enemies":"Book of Stabbing","floor":27,"turns":7},{"damage":82,"enemies":"Gremlin Leader","floor":31,"turns":10},{"damage":48,"enemies":"Collector","floor":33,"turns":10},{"damage":21,"enemies":"3 Shapes","floor":35,"turns":6},{"damage":15,"enemies":"3 Darklings","floor":37,"turns":7},{"damage":55,"enemies":"Transient","floor":38,"turns":5},{"damage":20,"enemies":"4 Shapes","floor":45,"turns":3},{"damage":38,"enemies":"Giant Head","floor":46,"turns":7},{"damage":17,"enemies":"Spire Growth","floor":48,"turns":5},{"damage":86,"enemies":"Donu and Deca","floor":50,"turns":8},{"damage":56,"enemies":"Shield and Spear","floor":54,"turns":6}],"seed_played":"-8072438362571029508","potions_obtained":[{"floor":7.0,"key":"DistilledChaos"},{"floor":8.0,"key":"AttackPotion"},{"floor":10.0,"key":"Energy Potion"},{"floor":14.0,"key":"HeartOfIron"},{"floor":18.0,"key":"CultistPotion"},{"floor":27,"key":"Ancient Potion"},{"floor":31,"key":"GamblersBrew"},{"floor":35,"key":"Explosive Potion"},{"floor":38,"key":"DistilledChaos"},{"floor":46,"key":"Explosive Potion"}],"is_trial":false,"path_per_floor":["M","?","?","T","$","R","E","M","T","M","R","$","R","M","R","B",null,"M","?","?","T","?","E","M","R","T","E","R","$","T","E","R","B",null,"M","T","M","M","?","?","R","$","T","?","M","E","$","M","R","B",null,"R","$","E"],"character_chosen":"IRONCLAD","items_purchased":["Apotheosis","Iron Wave","Sling","FairyPotion","Disarm","Medical Kit","Regen Potion"],"campfire_rested":4,"item_purchase_floors":[5,12,29,29,29,42,47],"current_hp_per_floor":[80,80,80,80,80,80,80,80,80,80,80,80,80,77,80,63,80,79,79,85,85,85,63,64,86,86,66,86,86,86,10,35,28,86,71,71,62,13,13,41,41,41,41,80,66,34,34,23,23,18,80,80,80,24,24],"gold":38,"neow_bonus":"THREE_ENEMY_KILL","is_daily":false,"chose_seed":false,"campfire_upgraded":2,"win_rate":0.0,"timestamp":1613578038,"path_taken":["M","?","?","?","?","R","E","M","T","M","R","$","R","M","R","BOSS","M","?","?","?","?","E","?","R","T","E","R","?","?","E","R","BOSS","M","?","M","M","?","?","R","$","T","?","M","E","$","M","R","BOSS","R","$","E"],"items_purchased_type":["Card","Card","Relic","Potion","Card","Relic","Potion"],"build_version":"2020-12-22","purchased_purges":1,"victory":false,"max_hp_per_floor":[80,80,80,80,80,80,80,80,80,80,80,80,80,80,80,80,80,80,80,86,86,86,86,86,86,86,86,86,86,86,86,86,86,86,86,86,86,86,86,92,92,92,92,80,80,80,80,80,80,80,80,80,80,80,80],"card_choices":[{"not_picked":["Clothesline","Sword Boomerang"],"picked":"Heavy Blade","floor":1.0},{"not_picked":["Evolve","Thunderclap","Reckless Charge"],"picked":"SKIP","floor":7.0},{"not_picked":["Headbutt","Feel No Pain"],"picked":"Body Slam","floor":8.0},{"not_picked":["Thunderclap","Evolve","Sword Boomerang"],"picked":"SKIP","floor":10.0},{"not_picked":["Body Slam","Clothesline"],"picked":"Anger","floor":14.0},{"not_picked":["Combust+1","Fire Breathing","Bloodletting"],"picked":"SKIP","floor":18.0},{"not_picked":["Heavy Blade","Entrench"],"picked":"Disarm","floor":23},{"not_picked":["Clothesline","Thunderclap"],"picked":"Twin Strike","floor":24},{"not_picked":["Pummel","Bloodletting"],"picked":"Pommel Strike+1","floor":27},{"not_picked":["Shrug It Off","Anger"],"picked":"Whirlwind+1","floor":31},{"not_picked":["Warcry+1","Reckless Charge+1"],"picked":"Iron Wave+1","floor":35},{"not_picked":["Combust+1","Wild Strike+1","Metallicize"],"picked":"SKIP","floor":37},{"not_picked":["Pommel Strike+1","Iron Wave+1"],"picked":"Spot Weakness","floor":38},{"not_picked":["Dropkick","Warcry+1"],"picked":"Shrug It Off+1","floor":45},{"not_picked":["Entrench+1","Reckless Charge+1"],"picked":"Ghostly Armor+1","floor":46},{"not_picked":["Flex","Fire Breathing+1"],"picked":"Rage+1","floor":48}],"player_experience":255353,"relics_obtained":[{"floor":4.0,"key":"Pantograph"},{"floor":7.0,"key":"Letter Opener"},{"floor":9.0,"key":"Kunai"},{"floor":23,"key":"Blue Candle"},{"floor":23,"key":"Calipers"},{"floor":26,"key":"Shuriken"},{"floor":27,"key":"Toy Ornithopter"},{"floor":27,"key":"Dead Branch"},{"floor":30,"key":"Juzu Bracelet"},{"floor":31,"key":"Girya"},{"floor":31,"key":"Oddly Smooth Stone"},{"floor":36,"key":"Self Forming Clay"},{"floor":43,"key":"Sundial"},{"floor":46,"key":"Peace Pipe"},{"floor":46,"key":"FossilizedHelix"}],"event_choices":[{"damage_healed":0.0,"max_hp_gain":0.0,"max_hp_loss":0.0,"gold_gain":175.0,"event_name":"Liars Game","player_choice":"AGREE","floor":2.0,"gold_loss":0.0,"damage_taken":0.0,"cards_obtained":["Doubt"]},{"cards_removed":["Doubt"],"damage_healed":0.0,"max_hp_gain":0.0,"max_hp_loss":0.0,"gold_gain":0.0,"event_name":"The Cleric","player_choice":"Card Removal","floor":3.0,"gold_loss":50.0,"damage_taken":0.0},{"damage_healed":0.0,"max_hp_gain":0.0,"max_hp_loss":0.0,"gold_gain":0.0,"event_name":"The Library","player_choice":"Read","floor":19.0,"gold_loss":0.0,"damage_taken":0.0,"cards_obtained":["Rage"]},{"damage_healed":0.0,"max_hp_gain":0.0,"max_hp_loss":0.0,"gold_gain":0.0,"event_name":"The Mausoleum","player_choice":"Opened","floor":20.0,"gold_loss":0.0,"damage_taken":0.0,"relics_obtained":["Darkstone Periapt"],"cards_obtained":["Writhe"]},{"damage_healed":0,"gold_gain":100,"player_choice":"Bet on Murderer","damage_taken":0,"max_hp_gain":0,"max_hp_loss":0,"event_name":"The Joust","floor":22,"gold_loss":50},{"damage_healed":0,"gold_gain":0,"player_choice":"Memory 1","damage_taken":0,"max_hp_gain":0,"max_hp_loss":0,"event_name":"SensoryStone","floor":39,"gold_loss":0},{"damage_healed":22,"gold_gain":0,"player_choice":"Writhe","damage_taken":0,"max_hp_gain":0,"max_hp_loss":0,"event_name":"Winding Halls","floor":40,"gold_loss":0,"cards_obtained":["Writhe"]},{"damage_healed":80,"gold_gain":0,"player_choice":"Heal","damage_taken":0,"max_hp_gain":0,"max_hp_loss":12,"event_name":"The Moai Head","floor":44,"gold_loss":0}],"is_beta":false,"boss_relics":[{"not_picked":["Philosopher\u0027s Stone","Cursed Key"],"picked":"Black Star"},{"not_picked":["SacredBark","Tiny House"],"picked":"Astrolabe"}],"items_purged_floors":[53],"is_endless":false,"potions_floor_spawned":[7,8,10,14,18,27,31,35,38,46],"killed_by":"Shield and Spear","ascension_level":1}}