{"host":"hd6x97p58c0rxspr","time":1613588465,"event":{"mods":["AchievementEnabler","Aspiration","Bard","BaseMod","Better Note","Better Skull","BetterRewards","Colored Powertips","Conspire","Downfall","Energized Spire","Halation","Hermit","Hubris","Infinite Spire","Jorbs\u0027s Wanderer Trilogy","Marisa????????","Marked Mod","Minty Spire (QoL Compilation)","Permanent Neow","Replay The Spire","Shop Mod","Spicy Shops","StSLib","The Animator","The Blue Laboratory","The Cursed","The Hierophant","The Runesmith","Wandering Minibosses"],"gold_per_floor":[118,118,118,118,143,178,192,192,192,192,206,249,249,58,58,196,196,238,256,283,283,288,288],"floor_reached":22,"language":"ENG","playtime":1147,"items_purged":[],"score":219,"play_id":"16bcfc10-0774-4cb3-9295-68b9199cff6c","local_time":"20210217130105","is_ascension_mode":false,"campfire_choices":[{"data":"hermit:Ricochet","floor":8,"key":"SMITH"},{"data":"hermit:Roulette","floor":15,"key":"SMITH"}],"circlet_count":0,"master_deck":["hermit:Strike_Hermit","hermit:Strike_Hermit","hermit:Strike_Hermit","hermit:Defend_Hermit","hermit:Defend_Hermit","hermit:Defend_Hermit","hermit:Defend_Hermit","hermit:Snapshot","hermit:Covet","hermit:Roulette+1","Injury","hermit:Brawl","hermit:Ricochet+1","hermit:Spite","hermit:LoneWolf","hermit:Glare","hermit:EternalForm","hermit:Combo","hermit:Feint+1","hermit:ItchyTrigger","hermit:Brawl"],"relics":["PureWater","NeowsBlessing","Golden Idol","infinitespire:Cubic Diamond","halation:SwordOfLegend","ReplayFunnel","halation:IllGainedPizza","hermit:Spyglass","HandDrill","hubris:Backtick","Mummified Hand"],"acts_visited":["Exordium","TheCity"],"potions_floor_usage":[7],"damage_taken":[{"damage":0,"enemies":"2 Louse","floor":1,"turns":1},{"damage":0,"enemies":"Jaw Worm","floor":5,"turns":1},{"damage":0,"enemies":"Gremlin Nob","floor":6,"turns":1},{"damage":0,"enemies":"Cultist","floor":7,"turns":2},{"damage":7,"enemies":"Blue Slaver","floor":11,"turns":2},{"damage":16,"enemies":"Lagavulin","floor":12,"turns":7},{"damage":48,"enemies":"The Guardian","floor":16,"turns":10},{"damage":17,"enemies":"3 Byrds","floor":18,"turns":6},{"damage":21,"enemies":"Shell Parasite","floor":19,"turns":4},{"damage":27,"enemies":"Snake Plant","floor":20,"turns":3},{"damage":18,"enemies":"3 Cultists","floor":22,"turns":3}],"seed_played":"-5761131301816674924","potions_obtained":[{"floor":5,"key":"GamblersBrew"},{"floor":11,"key":"Venom Potion"},{"floor":12,"key":"blueLaboratory:PyrophylliteBrew"},{"floor":19,"key":"blueLaboratory:NullPotion"}],"is_trial":false,"path_per_floor":["M","?","?","?","M","E","M","R","T","?","M","E","?","$","R","B",null,"M","M","M","?","M"],"character_chosen":"HERMIT","items_purchased":["hermit:Glare","HandDrill"],"campfire_rested":0,"item_purchase_floors":[14,14],"current_hp_per_floor":[75,75,75,75,75,75,75,75,75,75,68,52,52,52,55,7,75,58,37,10,10,0,0],"gold":288,"neow_bonus":"THREE_ENEMY_KILL","is_daily":false,"chose_seed":false,"campfire_upgraded":2,"win_rate":0.0,"timestamp":1613588465,"path_taken":["M","?","?","?","?","E","M","R","T","?","?","E","?","$","R","BOSS","M","M","M","?","M"],"items_purchased_type":["Card","Relic"],"build_version":"2020-12-22","purchased_purges":0,"victory":false,"max_hp_per_floor":[75,75,75,75,75,75,75,75,75,75,75,75,75,75,75,75,75,75,75,75,75,75,75],"card_choices":[{"not_picked":["hermit:HighCaliber","hermit:LowProfile"],"picked":"hermit:Roulette","floor":1},{"not_picked":["hermit:Glare","hermit:BigShot"],"picked":"hermit:Brawl","floor":5},{"not_picked":["hermit:TakeAim","hermit:Dive"],"picked":"hermit:Reprieve","floor":6},{"not_picked":["hermit:HighCaliber","hermit:TrackingShot"],"picked":"hermit:Ricochet","floor":7},{"not_picked":["hermit:Ricochet","hermit:Coalescence"],"picked":"hermit:Spite","floor":11},{"not_picked":["hermit:Roughhouse","hermit:GoldenBullet"],"picked":"hermit:LoneWolf","floor":12},{"not_picked":["hermit:OverwhelmingPower","hermit:FinalCanter"],"picked":"hermit:EternalForm","floor":16},{"not_picked":["hermit:Horror","hermit:LoneWolf"],"picked":"hermit:Combo","floor":18},{"not_picked":["hermit:EyeOfTheStorm","hermit:NoHoldsBarred"],"picked":"hermit:Feint+1","floor":19},{"not_picked":["hermit:Headshot","hermit:Desperado"],"picked":"hermit:ItchyTrigger","floor":20}],"player_experience":867607,"relics_obtained":[{"floor":6,"key":"halation:SwordOfLegend"},{"floor":12,"key":"halation:IllGainedPizza"},{"floor":13,"key":"hermit:Spyglass"}],"event_choices":[{"damage_healed":0,"gold_gain":0,"player_choice":"Take Wound","damage_taken":0,"relics_obtained":["Golden Idol"],"max_hp_gain":0,"max_hp_loss":0,"event_name":"Golden Idol","floor":2,"gold_loss":0,"cards_obtained":["Injury"]},{"cards_removed":["hermit:Strike_Hermit"],"damage_healed":0,"gold_gain":0,"player_choice":"Offered Basic","damage_taken":0,"max_hp_gain":0,"max_hp_loss":0,"event_name":"Bonfire Elementals","floor":4,"gold_loss":0},{"cards_removed":["hermit:Reprieve"],"damage_healed":0,"gold_gain":0,"player_choice":"Gave Card","damage_taken":0,"relics_obtained":["ReplayFunnel"],"max_hp_gain":0,"max_hp_loss":0,"event_name":"WeMeetAgain","floor":10,"gold_loss":0},{"damage_healed":0,"gold_gain":0,"cards_transformed":["hermit:Glare"],"player_choice":"Transformed","damage_taken":0,"max_hp_gain":0,"max_hp_loss":0,"event_name":"Transmorgrifier","floor":21,"gold_loss":0,"cards_obtained":["hermit:Brawl"]}],"is_beta":false,"boss_relics":[{"not_picked":["conspire:SeveredTorchhead","Busted Crown"],"picked":"hubris:Backtick"}],"items_purged_floors":[],"is_endless":false,"potions_floor_spawned":[5,11,12,19],"killed_by":"3 Cultists","ascension_level":0}}