{"host":"erogqkeozdzdhb46","time":1613526119,"event":{"mods":["AchievementEnabler","BaseMod","Bestiary","Colored Powertips","Minty Spire (QoL Compilation)","Relic Stats","StSLib","Together in Spire"],"gold_per_floor":[119,119,129,143,158,192,211,211,211,239,253,253,253,266,266,369,369,382,307,322,339,339,352,383,83,110,126,126,139,170,185,185,281,281,294,310,326,20,0,0,10,30,84,119,129,129,129,158,158,158],"floor_reached":51,"language":"ENG","playtime":3976,"items_purged":[],"score":765,"play_id":"a363d860-01d4-45d8-ad91-e8597a5fc397","local_time":"20210216194159","is_ascension_mode":false,"campfire_choices":[{"data":"Zap","floor":8.0,"key":"SMITH"},{"data":"Gash","floor":13.0,"key":"SMITH"},{"data":"Biased Cognition","floor":15.0,"key":"SMITH"},{"data":"Dualcast","floor":28.0,"key":"SMITH"},{"data":"Echo Form","floor":32.0,"key":"SMITH"},{"data":"Rainbow","floor":40.0,"key":"SMITH"},{"data":"Redo","floor":46,"key":"SMITH"},{"data":"All For One","floor":49,"key":"SMITH"}],"circlet_count":0,"master_deck":["Strike_B+1","Strike_B+1","Defend_B+1","Defend_B+1","Defend_B+1","Defend_B+1","Zap+1","Dualcast+1","All For One+1","Gash","Gash+1","Self Repair","Beam Cell","Scrape","Gash","Defragment","Cold Snap","Biased Cognition+1","Core Surge","Redo+1","Redo+1","Conserve Battery","Go for the Eyes","Reinforced Body","Echo Form+1","Rainbow+1","Conserve Battery+1","Loop+1","Parasite","Conserve Battery+1","Parasite","Hologram+1","Core Surge"],"relics":["Cracked Core","Kunai","Darkstone Periapt","Juzu Bracelet","Nuclear Battery","Ice Cream","StoneCalendar","Boot","Mummified Hand","Cursed Key","Mango","Red Mask","Bronze Scales","Du-Vu Doll","Ornamental Fan"],"acts_visited":[],"potions_floor_usage":[50,50,50],"damage_taken":[{"damage":6.0,"enemies":"Jaw Worm","floor":1.0,"turns":2.0},{"damage":0.0,"enemies":"Cultist","floor":3.0,"turns":2.0},{"damage":7.0,"enemies":"2 Louse","floor":4.0,"turns":2.0},{"damage":6.0,"enemies":"Large Slime","floor":5.0,"turns":4.0},{"damage":8.0,"enemies":"3 Sentries","floor":6.0,"turns":4.0},{"damage":0.0,"enemies":"2 Fungi Beasts","floor":7.0,"turns":2.0},{"damage":0.0,"enemies":"Lagavulin","floor":10.0,"turns":3.0},{"damage":0.0,"enemies":"3 Louse","floor":11.0,"turns":1.0},{"damage":0.0,"enemies":"Blue Slaver","floor":14.0,"turns":1.0},{"damage":19.0,"enemies":"Hexaghost","floor":16.0,"turns":4.0},{"damage":0.0,"enemies":"Spheric Guardian","floor":18.0,"turns":2.0},{"damage":3.0,"enemies":"Shell Parasite","floor":20.0,"turns":2.0},{"damage":9.0,"enemies":"Chosen and Byrds","floor":21.0,"turns":2.0},{"damage":2.0,"enemies":"Cultist and Chosen","floor":23.0,"turns":2.0},{"damage":3.0,"enemies":"Book of Stabbing","floor":24.0,"turns":2.0},{"damage":0.0,"enemies":"Snecko","floor":27.0,"turns":3.0},{"damage":6.0,"enemies":"Snake Plant","floor":29.0,"turns":2.0},{"damage":12.0,"enemies":"Slavers","floor":30.0,"turns":4.0},{"damage":2.0,"enemies":"Centurion and Healer","floor":31.0,"turns":3.0},{"damage":22.0,"enemies":"Collector","floor":33.0,"turns":4.0},{"damage":13.0,"enemies":"Orb Walker","floor":35.0,"turns":3.0},{"damage":0.0,"enemies":"3 Shapes","floor":36.0,"turns":3.0},{"damage":0.0,"enemies":"3 Darklings","floor":37.0,"turns":2.0},{"damage":0.0,"enemies":"Writhing Mass","floor":41.0,"turns":4.0},{"damage":0.0,"enemies":"Spire Growth","floor":42.0,"turns":2.0},{"damage":15,"enemies":"Reptomancer","floor":44,"turns":5},{"damage":0,"enemies":"Maw","floor":45,"turns":4},{"damage":1,"enemies":"Giant Head","floor":48,"turns":4},{"damage":42,"enemies":"Awakened One","floor":50,"turns":5}],"seed_played":"2948686251190653257","potions_obtained":[{"floor":5.0,"key":"Weak Potion"},{"floor":6.0,"key":"CultistPotion"},{"floor":10.0,"key":"SteroidPotion"},{"floor":11.0,"key":"Explosive Potion"},{"floor":12.0,"key":"CultistPotion"},{"floor":20.0,"key":"DistilledChaos"},{"floor":24.0,"key":"FearPotion"},{"floor":31.0,"key":"GamblersBrew"},{"floor":33.0,"key":"FearPotion"},{"floor":42.0,"key":"LiquidBronze"}],"is_trial":false,"path_per_floor":["M","?","M","M","M","E","M","R","T","E","M","?","R","M","R","B",null,"M","?","M","M","?","M","E","$","T","M","R","M","E","M","R","B",null,"M","M","M","$","?","R","M","M","T","E","M","R","?","E","R","B",null],"character_chosen":"DEFECT","items_purchased":["StoneCalendar","Mango"],"campfire_rested":0,"item_purchase_floors":[25,38],"current_hp_per_floor":[69,69,69,62,63,62,62,62,62,69,69,69,69,75,75,63,75,75,75,75,66,66,71,68,68,68,75,75,69,64,62,62,47,75,69,69,69,83,83,83,89,89,95,94,101,101,101,100,100,65],"gold":158,"neow_bonus":"ONE_RANDOM_RARE_CARD","is_daily":false,"chose_seed":false,"campfire_upgraded":8,"win_rate":0.0,"timestamp":1613526119,"path_taken":["M","?","M","?","M","E","M","R","T","E","M","?","R","M","R","BOSS","M","?","M","M","?","M","E","$","T","M","R","M","E","M","R","BOSS","M","M","M","$","?","R","M","M","T","E","M","R","?","E","R","BOSS"],"items_purchased_type":["Relic","Relic"],"build_version":"2020-12-22","purchased_purges":0,"victory":true,"max_hp_per_floor":[75,75,75,75,75,75,75,75,75,75,75,75,75,75,75,75,75,75,75,75,75,75,75,75,75,75,75,75,75,75,75,75,75,75,75,75,75,89,89,89,95,95,101,101,101,101,101,101,101,101],"relic_stats":{"Darkstone Periapt":0,"counters":[4,18],"Mummified Hand":[20],"Ornamental Fan":[4],"Bronze Scales":[42],"StoneCalendar":[0],"Juzu Bracelet":0,"Kunai":[5],"Boot":[2],"Cursed Key":0,"obtain_stats":[{"Darkstone Periapt":0,"Ice Cream":0,"StoneCalendar":0,"Mango":0,"Juzu Bracelet":0,"Boot":0,"Cursed Key":0,"Nuclear Battery":0,"Du-Vu Doll":44,"Mummified Hand":0,"Ornamental Fan":48,"Bronze Scales":0,"Red Mask":0,"Kunai":0,"Cracked Core":0},{"Darkstone Periapt":0,"Ice Cream":0,"StoneCalendar":0,"Mango":0,"Juzu Bracelet":0,"Boot":0,"Cursed Key":0,"Nuclear Battery":0,"Du-Vu Doll":1,"Mummified Hand":0,"Ornamental Fan":3,"Bronze Scales":0,"Red Mask":0,"Kunai":0,"Cracked Core":0},{"Darkstone Periapt":0,"Ice Cream":0,"StoneCalendar":0,"Mango":0,"Juzu Bracelet":0,"Boot":0,"Cursed Key":0,"Nuclear Battery":0,"Du-Vu Doll":5,"Mummified Hand":0,"Ornamental Fan":13,"Bronze Scales":0,"Red Mask":0,"Kunai":0,"Cracked Core":0}]},"card_choices":[{"not_picked":["Hologram","Barrage"],"picked":"Gash","floor":1.0},{"not_picked":["Hologram","Coolheaded"],"picked":"Gash","floor":3.0},{"not_picked":["Hello World","Ball Lightning"],"picked":"Self Repair","floor":4.0},{"not_picked":["Scrape","Fusion"],"picked":"Beam Cell","floor":5.0},{"not_picked":["Seek","Chaos"],"picked":"Scrape","floor":6.0},{"not_picked":["Ball Lightning","Barrage"],"picked":"Gash","floor":7.0},{"not_picked":["Turbo","Leap"],"picked":"Defragment","floor":10.0},{"not_picked":["Barrage","Stack"],"picked":"Cold Snap","floor":11.0},{"not_picked":["Heatsinks","Reprogram"],"picked":"Biased Cognition","floor":14.0},{"not_picked":["Rainbow","Multi-Cast"],"picked":"Core Surge","floor":16.0},{"not_picked":["Go for the Eyes","Streamline+1"],"picked":"Redo","floor":18.0},{"not_picked":["Sunder","Force Field"],"picked":"Redo+1","floor":20.0},{"not_picked":["Melter","Auto Shields"],"picked":"Conserve Battery","floor":21.0},{"not_picked":["Rip and Tear+1","Cold Snap"],"picked":"Go for the Eyes","floor":23.0},{"not_picked":["Heatsinks","Ball Lightning"],"picked":"Reinforced Body","floor":24.0},{"not_picked":["Turbo","Conserve Battery"],"picked":"Creative AI","floor":27.0},{"not_picked":["Go for the Eyes","Turbo","Redo+1"],"picked":"SKIP","floor":29.0},{"not_picked":["Cold Snap","Barrage","Stack"],"picked":"SKIP","floor":30.0},{"not_picked":["Capacitor","Doom and Gloom"],"picked":"Echo Form","floor":31.0},{"not_picked":["Seek","Echo Form"],"picked":"Rainbow","floor":33.0},{"not_picked":["Aggregate","Redo","Turbo+1"],"picked":"SKIP","floor":35.0},{"not_picked":["Hello World+1","Steam"],"picked":"Conserve Battery+1","floor":36.0},{"not_picked":["Gash","Beam Cell"],"picked":"Loop+1","floor":37.0},{"not_picked":["Barrage","Sweeping Beam","Compile Driver+1"],"picked":"SKIP","floor":41.0},{"not_picked":["Steam","Gash"],"picked":"Conserve Battery+1","floor":42.0},{"not_picked":["Barrage+1","Gash+1"],"picked":"Hologram+1","floor":44},{"not_picked":["Hologram","Coolheaded","Gash+1"],"picked":"SKIP","floor":45},{"not_picked":["Self Repair+1","Ball Lightning"],"picked":"Core Surge","floor":48}],"player_experience":1039010,"relics_obtained":[{"floor":6.0,"key":"Kunai"},{"floor":9.0,"key":"Darkstone Periapt"},{"floor":10.0,"key":"Juzu Bracelet"},{"floor":24.0,"key":"Ice Cream"},{"floor":26.0,"key":"Boot"},{"floor":30.0,"key":"Mummified Hand"},{"floor":43.0,"key":"Bronze Scales"},{"floor":44,"key":"Du-Vu Doll"},{"floor":48,"key":"Ornamental Fan"}],"event_choices":[{"cards_removed":["Strike_B"],"damage_healed":0.0,"max_hp_gain":0.0,"max_hp_loss":0.0,"gold_gain":0.0,"event_name":"Purifier","player_choice":"Purged","floor":2.0,"gold_loss":0.0,"damage_taken":0.0},{"damage_healed":0.0,"max_hp_gain":0.0,"max_hp_loss":0.0,"gold_gain":0.0,"event_name":"Lab","player_choice":"Got Potions","floor":12.0,"gold_loss":0.0,"damage_taken":0.0},{"cards_removed":["Strike_B"],"damage_healed":0.0,"max_hp_gain":0.0,"max_hp_loss":0.0,"gold_gain":0.0,"event_name":"Beggar","player_choice":"Gave Gold","floor":19.0,"gold_loss":75.0,"damage_taken":0.0},{"damage_healed":0.0,"max_hp_gain":0.0,"max_hp_loss":0.0,"gold_gain":0.0,"event_name":"Back to Basics","player_choice":"Simplicity","floor":22.0,"gold_loss":0.0,"damage_taken":0.0,"cards_upgraded":["Strike_B","Strike_B","Defend_B","Defend_B","Defend_B","Defend_B"]},{"damage_healed":0.0,"max_hp_gain":0.0,"max_hp_loss":0.0,"gold_gain":0.0,"event_name":"Tomb of Lord Red Mask","player_choice":"Paid","floor":39.0,"gold_loss":20.0,"damage_taken":0.0,"relics_obtained":["Red Mask"]},{"cards_removed":["Creative AI"],"damage_healed":0,"gold_gain":0,"player_choice":"Removed Power","damage_taken":0,"max_hp_gain":0,"max_hp_loss":0,"event_name":"Falling","floor":47,"gold_loss":0}],"is_beta":false,"boss_relics":[{"not_picked":["Inserter","Philosopher\u0027s Stone"],"picked":"Nuclear Battery"},{"not_picked":["Empty Cage","Sozu"],"picked":"Cursed Key"}],"items_purged_floors":[],"is_endless":false,"potions_floor_spawned":[5,6,10,11,20,23,24,27,31,33,37,42],"ascension_level":0}}