{"host":"neeznpvpgo0qgfkd","time":1613539285,"event":{"mods":["AchievementEnabler","BaseMod","BetterRewards","Colored Map","Colored Powertips","Exacting","Minty Spire (QoL Compilation)","Permanent Neow","Quick Restart","Shop Mod"],"gold_per_floor":[112,139,139,158,167,167,92,128,128,128,14,56,93,125,125,231,258,283,162,179,54,54,82,82,82,109,139,171,213,225,255,267,390,402,433,495,566,600,621,633,633],"floor_reached":40,"language":"ENG","playtime":1956,"items_purged":["Regret"],"score":973,"play_id":"eee6fbc1-f3ab-46f6-b0b0-4475ddb3517a","local_time":"20210217002125","is_ascension_mode":true,"campfire_choices":[{"data":"Apotheosis","floor":6.0,"key":"SMITH"},{"data":"Feed","floor":10.0,"key":"SMITH"},{"floor":15.0,"key":"RECALL"},{"data":"Metallicize","floor":25.0,"key":"SMITH"},{"data":"Metallicize","floor":32.0,"key":"SMITH"}],"circlet_count":0,"master_deck":["Strike_R","Strike_R","Strike_R","Defend_R","Defend_R","Defend_R","Bash","Apotheosis+1","Metallicize+1","Thunderclap","Metallicize+1","Feed+1","Sword Boomerang","Thunderclap","Reaper","Rupture+1","Armaments+1","Twin Strike","Demon Form","Flex+1","Heavy Blade+1","Panache"],"relics":["Burning Blood","Regal Pillow","Turnip","ClockworkSouvenir","Mummified Hand","CeramicFish","Sundial","The Courier","Vajra","Strawberry","Astrolabe","Omamori","HandDrill","MutagenicStrength","Happy Flower","MawBank","Calipers","Black Star","WingedGreaves","Torii"],"acts_visited":["Exordium","TheCity","TheBeyond"],"potions_floor_usage":[40,40],"damage_taken":[{"damage":6.0,"enemies":"Cultist","floor":1.0,"turns":3.0},{"damage":0.0,"enemies":"Small Slimes","floor":2.0,"turns":4.0},{"damage":5.0,"enemies":"2 Louse","floor":4.0,"turns":3.0},{"damage":0.0,"enemies":"Gremlin Nob","floor":8.0,"turns":3.0},{"damage":11.0,"enemies":"3 Sentries","floor":12.0,"turns":7.0},{"damage":2.0,"enemies":"Exordium Wildlife","floor":13.0,"turns":3.0},{"damage":9.0,"enemies":"Lots of Slimes","floor":14.0,"turns":3.0},{"damage":0.0,"enemies":"Slime Boss","floor":16.0,"turns":8.0},{"damage":21.0,"enemies":"Spheric Guardian","floor":18.0,"turns":6.0},{"damage":20.0,"enemies":"Shell Parasite","floor":20.0,"turns":6.0},{"damage":25.0,"enemies":"Gremlin Leader","floor":23.0,"turns":5.0},{"damage":39.0,"enemies":"Slavers","floor":27.0,"turns":4.0},{"damage":17.0,"enemies":"Snecko","floor":28.0,"turns":5.0},{"damage":23.0,"enemies":"Gremlin Leader","floor":29.0,"turns":5.0},{"damage":5.0,"enemies":"Centurion and Healer","floor":31.0,"turns":4.0},{"damage":32.0,"enemies":"Collector","floor":33.0,"turns":9.0},{"damage":27.0,"enemies":"Orb Walker","floor":35.0,"turns":4.0},{"damage":71.0,"enemies":"2 Orb Walkers","floor":36.0,"turns":5.0},{"damage":2.0,"enemies":"Mind Bloom Boss Battle","floor":37.0,"turns":6.0},{"damage":31.0,"enemies":"3 Shapes","floor":38.0,"turns":2.0},{"damage":74,"enemies":"Giant Head","floor":40,"turns":6}],"seed_played":"1509867818066981732","potions_obtained":[{"floor":4.0,"key":"AttackPotion"},{"floor":13.0,"key":"PowerPotion"},{"floor":18.0,"key":"Dexterity Potion"},{"floor":24.0,"key":"HeartOfIron"},{"floor":24.0,"key":"CultistPotion"},{"floor":24.0,"key":"Ancient Potion"},{"floor":36.0,"key":"DistilledChaos"},{"floor":37.0,"key":"LiquidMemories"},{"floor":38.0,"key":"ColorlessPotion"}],"is_trial":false,"path_per_floor":["M","M","?","M","?","R","$","E","T","R","$","E","M","M","R","B",null,"M","$","M","$","?","E","?","R","T","E","M","E","?","M","R","B",null,"M","?","?","M","?","E"],"character_chosen":"IRONCLAD","items_purchased":["Regal Pillow","Apotheosis","ClockworkSouvenir","Metallicize","Vajra","Omamori","HandDrill"],"campfire_rested":0,"item_purchase_floors":[0,0,0,0,11,19,21],"current_hp_per_floor":[72,78,71,72,72,72,72,78,78,78,78,80,88,89,89,99,99,84,84,70,70,70,80,80,80,80,77,75,82,99,99,99,103,103,95,30,42,53,53,0,0],"gold":633,"neow_bonus":"","is_daily":false,"chose_seed":false,"campfire_upgraded":4,"win_rate":0.0,"timestamp":1613539285,"path_taken":["M","?","?","M","?","R","?","E","T","R","$","E","M","M","R","BOSS","M","?","M","$","?","E","?","R","T","E","?","E","?","M","R","BOSS","M","?","?","M","?","E"],"items_purchased_type":["Relic","Card","Relic","Card","Relic","Relic","Relic"],"build_version":"2020-12-22","purchased_purges":1,"victory":false,"max_hp_per_floor":[80,80,80,80,80,80,80,80,80,80,80,87,91,95,95,99,99,99,99,99,99,99,99,99,99,99,99,99,99,99,99,99,103,103,103,103,107,107,107,107,107],"card_choices":[{"not_picked":["Clothesline","Anger"],"picked":"Thunderclap","floor":1.0},{"not_picked":["Anger","Warcry","Wild Strike"],"picked":"SKIP","floor":2.0},{"not_picked":["Uppercut","Perfected Strike"],"picked":"Metallicize","floor":4.0},{"not_picked":["Pummel","Iron Wave"],"picked":"Feed","floor":8.0},{"not_picked":["Shrug It Off","Sentinel"],"picked":"Sword Boomerang","floor":12.0},{"not_picked":["Cleave","Pommel Strike"],"picked":"Thunderclap","floor":13.0},{"not_picked":["Havoc","Pommel Strike","Corruption"],"picked":"SKIP","floor":14.0},{"not_picked":["Impervious","Brutality"],"picked":"Reaper","floor":16.0},{"not_picked":["Anger","Uppercut+1"],"picked":"Twin Strike","floor":18.0},{"not_picked":["Feel No Pain","Combust+1","Power Through"],"picked":"SKIP","floor":20.0},{"not_picked":["Hemokinesis","Pommel Strike","Searing Blow"],"picked":"SKIP","floor":23.0},{"not_picked":["Disarm","Anger","Body Slam+1"],"picked":"SKIP","floor":27.0},{"not_picked":["Clash","Feel No Pain","Second Wind"],"picked":"SKIP","floor":28.0},{"not_picked":["Havoc+1","Bloodletting","Sword Boomerang"],"picked":"SKIP","floor":29.0},{"not_picked":["Clash","True Grit","Reckless Charge+1"],"picked":"SKIP","floor":31.0},{"not_picked":["Impervious","Fiend Fire"],"picked":"Demon Form","floor":33.0},{"not_picked":["Battle Trance+1","Perfected Strike+1","Intimidate"],"picked":"SKIP","floor":35.0},{"not_picked":["Combust","Headbutt+1"],"picked":"Flex+1","floor":37.0},{"not_picked":["Havoc+1","Ghostly Armor"],"picked":"Heavy Blade+1","floor":38.0},{"not_picked":["Apotheosis","Chrysalis"],"picked":"Panache","floor":39.0}],"player_experience":1424945,"relics_obtained":[{"floor":8.0,"key":"Sundial"},{"floor":9.0,"key":"The Courier"},{"floor":12.0,"key":"Strawberry"},{"floor":23.0,"key":"Happy Flower"},{"floor":27.0,"key":"MawBank"},{"floor":29.0,"key":"Calipers"},{"floor":36.0,"key":"WingedGreaves"},{"floor":37.0,"key":"Torii"}],"event_choices":[{"damage_healed":0.0,"max_hp_gain":0.0,"max_hp_loss":0.0,"gold_gain":0.0,"event_name":"Scrap Ooze","player_choice":"Success","floor":3.0,"gold_loss":0.0,"damage_taken":7.0,"relics_obtained":["Mummified Hand"]},{"damage_healed":0.0,"max_hp_gain":0.0,"max_hp_loss":0.0,"gold_gain":0.0,"event_name":"Big Fish","player_choice":"Box","floor":5.0,"gold_loss":0.0,"damage_taken":0.0,"relics_obtained":["CeramicFish"],"cards_obtained":["Regret"]},{"damage_healed":0.0,"max_hp_gain":0.0,"max_hp_loss":0.0,"gold_gain":0.0,"event_name":"Drug Dealer","player_choice":"Inject Mutagens","floor":22.0,"gold_loss":0.0,"damage_taken":0.0,"relics_obtained":["MutagenicStrength"]},{"damage_healed":0.0,"max_hp_gain":0.0,"max_hp_loss":0.0,"gold_gain":0.0,"event_name":"Lab","player_choice":"Got Potions","floor":24.0,"gold_loss":0.0,"damage_taken":0.0},{"cards_removed":["Sentinel"],"damage_healed":17.0,"max_hp_gain":0.0,"max_hp_loss":0.0,"gold_gain":0.0,"event_name":"Bonfire Elementals","player_choice":"Offered Uncommon","floor":30.0,"gold_loss":0.0,"damage_taken":0.0},{"damage_healed":0.0,"max_hp_gain":0.0,"max_hp_loss":0.0,"gold_gain":0.0,"event_name":"Mysterious Sphere","player_choice":"Fight","floor":36.0,"gold_loss":0.0,"damage_taken":0.0},{"damage_healed":0.0,"max_hp_gain":0.0,"max_hp_loss":0.0,"gold_gain":0.0,"event_name":"MindBloom","player_choice":"Fight","floor":37.0,"gold_loss":0.0,"damage_taken":0.0},{"damage_healed":0.0,"max_hp_gain":0.0,"max_hp_loss":0.0,"gold_gain":0.0,"event_name":"SensoryStone","player_choice":"Memory 1","floor":39.0,"gold_loss":0.0,"damage_taken":0.0}],"is_beta":false,"boss_relics":[{"not_picked":["Philosopher\u0027s Stone","Pandora\u0027s Box"],"picked":"Astrolabe"},{"not_picked":["Mark of Pain","Calling Bell"],"picked":"Black Star"}],"items_purged_floors":[7],"is_endless":false,"potions_floor_spawned":[4,13,18,28,31,36,37,38],"killed_by":"Giant Head","ascension_level":8}}