{"host":"me7pax5d7uwssv6n","time":1613554649,"event":{"mods":["BaseMod","Minty Spire (QoL Compilation)","Replay The Spire","StSLib"],"gold_per_floor":[119,119,69,86,86,113,113,133,158,169,203,223,241,268,268,366,366,386,396,183,198,198,198],"floor_reached":22,"language":"ENG","playtime":2095,"items_purged":[],"score":273,"play_id":"924ed4c2-0c10-4e39-9ce8-e952e1a9f626","local_time":"20210217173729","is_ascension_mode":false,"campfire_choices":[{"data":"Eruption","floor":7,"key":"SMITH"},{"floor":15,"key":"RECALL"}],"circlet_count":0,"master_deck":["Strike_P","Defend_P","Defend_P","Eruption+1","Vigilance+1","LikeWater+1","Replay:ManipulateFuture","Adaptation","Replay:Hum","CutThroughFate","CutThroughFate","LessonLearned+1","Consecrate+1","Worship+1","BattleHymn+1","Meditate","ThirdEye","Nirvana","Nirvana","FlurryOfBlows+1"],"relics":["PureWater","NeowsBlessing","Ancient Tea Set","Kunai","Replay:Baseball","Astrolabe","Guide Book"],"acts_visited":["Exordium","TheCity"],"potions_floor_usage":[11],"damage_taken":[{"damage":0,"enemies":"Jaw Worm","floor":1,"turns":1},{"damage":0,"enemies":"Small Slimes","floor":4,"turns":2},{"damage":0,"enemies":"3 Sentries","floor":6,"turns":2},{"damage":0,"enemies":"2 Louse","floor":8,"turns":3},{"damage":2,"enemies":"Looter","floor":10,"turns":4},{"damage":3,"enemies":"Lagavulin","floor":11,"turns":7},{"damage":1,"enemies":"2 Fungi Beasts","floor":12,"turns":3},{"damage":7,"enemies":"3 Louse","floor":13,"turns":4},{"damage":0,"enemies":"Slime Boss","floor":16,"turns":6},{"damage":27,"enemies":"2 Thieves","floor":18,"turns":3},{"damage":18,"enemies":"Shell Parasite","floor":19,"turns":4},{"damage":23,"enemies":"Snake Plant","floor":21,"turns":5},{"damage":10,"enemies":"Shelled Parasite and Fungi","floor":22,"turns":1}],"seed_played":"-4890312637240227491","potions_obtained":[{"floor":1,"key":"SkillPotion"},{"floor":4,"key":"Dexterity Potion"},{"floor":10,"key":"Elixir"},{"floor":11,"key":"Strength Potion"}],"is_trial":false,"path_per_floor":["M","?","?","M","?","E","R","M","T","M","E","M","M","T","R","B",null,"M","M","$","M","M"],"character_chosen":"WATCHER","items_purchased":["Guide Book","Nirvana"],"campfire_rested":0,"item_purchase_floors":[20,20],"current_hp_per_floor":[72,72,72,72,72,72,72,72,72,70,67,66,59,59,59,59,72,45,27,27,4,0,0],"gold":198,"neow_bonus":"THREE_ENEMY_KILL","is_daily":false,"chose_seed":false,"campfire_upgraded":1,"win_rate":0.0,"timestamp":1613554649,"path_taken":["M","?","?","M","?","E","R","M","T","M","E","M","M","?","R","BOSS","M","M","$","M","M"],"items_purchased_type":["Relic","Card"],"build_version":"2020-12-22","purchased_purges":0,"victory":false,"max_hp_per_floor":[72,72,72,72,72,72,72,72,72,72,72,72,72,72,72,72,72,72,72,72,72,72,72],"card_choices":[{"not_picked":["DeceiveReality","SashWhip"],"picked":"LikeWater","floor":1},{"not_picked":["FlurryOfBlows","CarveReality"],"picked":"Replay:ManipulateFuture","floor":4},{"not_picked":["FollowUp","Fasting2"],"picked":"Adaptation","floor":6},{"not_picked":["WheelKick","Replay:Cycle"],"picked":"Replay:Hum","floor":8},{"not_picked":["Meditate","SignatureMove"],"picked":"CutThroughFate","floor":10},{"not_picked":["Replay:AtTheReady","ReachHeaven","MasterReality"],"picked":"SKIP","floor":11},{"not_picked":["SignatureMove","Wallop"],"picked":"CutThroughFate","floor":12},{"not_picked":["Protect","Tantrum","Wallop"],"picked":"SKIP","floor":13},{"not_picked":["MasterReality","DeusExMachina"],"picked":"LessonLearned","floor":16},{"not_picked":["Protect","ReachHeaven"],"picked":"Meditate","floor":18},{"not_picked":["PathToVictory","FlurryOfBlows+1"],"picked":"ThirdEye","floor":19},{"not_picked":["DeceiveReality","Replay:BluntJabs"],"picked":"FlurryOfBlows+1","floor":21}],"player_experience":28979,"relics_obtained":[{"floor":6,"key":"Ancient Tea Set"},{"floor":11,"key":"Kunai"},{"floor":14,"key":"Replay:Baseball"}],"event_choices":[{"damage_healed":0,"gold_gain":0,"player_choice":"Ignored","damage_taken":0,"max_hp_gain":0,"max_hp_loss":0,"event_name":"Liars Game","floor":2,"gold_loss":0},{"cards_removed":["Strike_P"],"damage_healed":0,"gold_gain":0,"player_choice":"Card Removal","damage_taken":0,"max_hp_gain":0,"max_hp_loss":0,"event_name":"The Cleric","floor":3,"gold_loss":50}],"is_beta":false,"boss_relics":[{"not_picked":["ChewingGum","Empty Cage"],"picked":"Astrolabe"}],"items_purged_floors":[],"is_endless":false,"potions_floor_spawned":[1,4,10,11],"killed_by":"Shelled Parasite and Fungi","ascension_level":0}}