{"host":"2c84cb4cp1emursg","time":1613593284,"event":{"mods":["Act Like it!","BaseMod","Better Third Choice","Bossed Relics","Hermit","Mimic Mod","Minty Spire (QoL Compilation)","Permanent Neow","StSLib"],"gold_per_floor":[113,123,139,151,169,201,201,234,234,234,234,234],"floor_reached":11,"language":"ENG","playtime":823,"items_purged":[],"score":94,"play_id":"be2ca08f-49e7-4a37-8571-3d482617f800","local_time":"20210217132124","is_ascension_mode":true,"campfire_choices":[{"data":"Bandage Up","floor":7,"key":"SMITH"},{"data":"hermit:LuckOfTheDraw","floor":10,"key":"SMITH"}],"circlet_count":0,"master_deck":["hermit:Strike_Hermit","hermit:Strike_Hermit","hermit:Strike_Hermit","hermit:Strike_Hermit","hermit:Defend_Hermit","hermit:Defend_Hermit","hermit:Defend_Hermit","hermit:Defend_Hermit","hermit:Snapshot","hermit:Covet","Bandage Up+1","hermit:ShadowCloak","hermit:Horror","hermit:GhostlyPresence","hermit:Misfire","hermit:Cheat","hermit:LuckOfTheDraw+1","hermit:Glare"],"relics":["hermit:Momento","Anchor","Mercury Hourglass","Ginger"],"acts_visited":["Exordium"],"potions_floor_usage":[6],"damage_taken":[{"damage":9,"enemies":"2 Louse","floor":1,"turns":3},{"damage":8,"enemies":"Jaw Worm","floor":2,"turns":6},{"damage":6,"enemies":"Cultist","floor":3,"turns":3},{"damage":3,"enemies":"Exordium Thugs","floor":4,"turns":5},{"damage":6,"enemies":"Blue Slaver","floor":5,"turns":4},{"damage":18,"enemies":"Gremlin Nob","floor":6,"turns":5},{"damage":21,"enemies":"Lagavulin","floor":8,"turns":6},{"damage":36,"enemies":"3 Sentries","floor":11,"turns":8}],"seed_played":"-5319274411551050166","potions_obtained":[{"floor":4,"key":"Weak Potion"}],"is_trial":false,"path_per_floor":["M","M","M","M","M","E","R","E","T","R","E"],"character_chosen":"HERMIT","items_purchased":[],"campfire_rested":0,"item_purchase_floors":[],"current_hp_per_floor":[66,62,60,61,59,45,45,30,30,30,0,0],"gold":234,"neow_bonus":"RANDOM_COLORLESS","is_daily":false,"chose_seed":false,"campfire_upgraded":2,"win_rate":0.0,"timestamp":1613593284,"path_taken":["M","M","M","M","M","E","R","E","T","R","E"],"items_purchased_type":[],"build_version":"2020-12-22","purchased_purges":0,"victory":false,"max_hp_per_floor":[75,75,75,75,75,75,75,75,75,75,75,75],"card_choices":[{"not_picked":["Deep Breath","Forethought"],"picked":"Bandage Up","floor":0},{"not_picked":["hermit:Glare","hermit:Headshot"],"picked":"hermit:ShadowCloak","floor":1},{"not_picked":["hermit:Ricochet","hermit:Dive"],"picked":"hermit:Horror","floor":2},{"not_picked":["hermit:Headshot","hermit:Ricochet"],"picked":"hermit:GhostlyPresence","floor":3},{"not_picked":["hermit:CalledShot","hermit:LowProfile"],"picked":"hermit:Misfire","floor":4},{"not_picked":["hermit:Headshot","hermit:Vantage"],"picked":"hermit:Cheat","floor":5},{"not_picked":["hermit:FlashPowder","hermit:PistolWhip"],"picked":"hermit:LuckOfTheDraw","floor":6},{"not_picked":["hermit:LuckOfTheDraw","hermit:PistolWhip"],"picked":"hermit:Glare","floor":8}],"player_experience":526740,"relics_obtained":[{"floor":6,"key":"Anchor"},{"floor":8,"key":"Mercury Hourglass"},{"floor":9,"key":"Ginger"}],"event_choices":[],"is_beta":false,"boss_relics":[],"items_purged_floors":[],"is_endless":false,"potions_floor_spawned":[4],"killed_by":"3 Sentries","ascension_level":2}}