{"host":"0rxdudjy6rylha1k","time":1613592674,"event":{"mods":["Aspiration","BaseMod","Colored Map","Colored Powertips","Downfall","Highlight Path","Hubris","Minty Spire (QoL Compilation)","StSLib"],"gold_per_floor":[99,110,125,225,237,267,267,296,306,406,436,454,354,354,368,463,463,463,482,482,493,493,493,493],"floor_reached":22,"language":"ENG","playtime":6568,"items_purged":[],"score":288,"play_id":"fe932150-a4d4-4dbb-a737-a710cbf7b80e","local_time":"20210217131114","is_ascension_mode":true,"campfire_choices":[{"floor":1.0,"key":"REST"},{"floor":13.0,"key":"REST"},{"floor":18,"key":"RECALL"}],"circlet_count":0,"master_deck":["champ:Strike","champ:Strike","champ:Strike","champ:Strike","champ:Defend","champ:Defend","champ:Defend","champ:Defend","champ:Execute","champ:Taunt","Sadistic Nature","champ:FlashCut","champ:ShieldWall","champ:DefensiveShout","champ:HoldFirm","champ:EnGarde","champ:SwordSigil","champ:FanOfKnives","champ:MurderStrike","champ:RapidStrikes"],"relics":["champ:ChampionCrown","champ:DefensiveTrainingManual","Kunai","TungstenRod","Tiny Chest","downfall:HeartBlessingGreen","CultistMask"],"acts_visited":["Exordium","TheCity"],"potions_floor_usage":[16,16],"damage_taken":[{"damage":5.0,"enemies":"2 Louse","floor":2.0,"turns":3.0},{"damage":12.0,"enemies":"Cultist","floor":3.0,"turns":3.0},{"damage":20.0,"enemies":"Small Slimes","floor":5.0,"turns":3.0},{"damage":20.0,"enemies":"Lagavulin","floor":6.0,"turns":4.0},{"damage":28.0,"enemies":"Gremlin Nob","floor":8.0,"turns":4.0},{"damage":0.0,"enemies":"Red Slaver","floor":9.0,"turns":3.0},{"damage":24.0,"enemies":"3 Sentries","floor":11.0,"turns":9.0},{"damage":6.0,"enemies":"Exordium Wildlife","floor":12.0,"turns":4.0},{"damage":0.0,"enemies":"2 Fungi Beasts","floor":15.0,"turns":4.0},{"damage":36,"enemies":"DF_ARCHETYPE_STREAMLINE","floor":16,"turns":7},{"damage":25,"enemies":"Shell Parasite","floor":19,"turns":8},{"damage":17,"enemies":"3 Byrds","floor":21,"turns":6},{"damage":66,"enemies":"Cultist and Chosen","floor":22,"turns":5}],"seed_played":"-5641956854897442827","potions_obtained":[{"floor":2.0,"key":"Energy Potion"},{"floor":3.0,"key":"FearPotion"},{"floor":5.0,"key":"hexamod:SoulburnPotion"},{"floor":12.0,"key":"BlessingOfTheForge"},{"floor":15.0,"key":"Slimebound:ThreeZeroPotion"},{"floor":21,"key":"Fruit Juice"}],"is_trial":false,"path_per_floor":["R","M","M","?","M","E","T","E","M","?","E","M","R","?","M","B",null,"R","M","?","M","M"],"character_chosen":"THE_CHAMP","items_purchased":[],"campfire_rested":2,"item_purchase_floors":[],"current_hp_per_floor":[81,81,79,79,79,69,69,61,61,61,57,51,75,75,75,49,73,73,58,58,61,0,0,0],"gold":493,"neow_bonus":"RANDOM_COLORLESS_2","is_daily":false,"chose_seed":false,"campfire_upgraded":0,"win_rate":0.0,"timestamp":1613592674,"path_taken":["R","M","M","?","M","E","T","E","?","?","E","M","R","?","M","BOSS","R","M","?","M","M"],"items_purchased_type":[],"build_version":"2020-12-22","purchased_purges":0,"victory":false,"max_hp_per_floor":[81,81,81,81,81,81,81,81,81,81,81,81,81,81,81,81,81,81,81,81,81,81,81,81],"card_choices":[{"not_picked":["HandOfGreed","Thinking Ahead"],"picked":"Sadistic Nature","floor":0.0},{"not_picked":["champ:AdrenalArmor","champ:HeartStrike"],"picked":"champ:FlashCut","floor":2.0},{"not_picked":["champ:BladeFlurry","champ:CrookedStrike"],"picked":"champ:ShieldWall","floor":3.0},{"not_picked":["champ:FanOfKnives","champ:RapidStrikes"],"picked":"champ:DefensiveShout","floor":5.0},{"not_picked":["champ:RageSigil","champ:FanOfKnives"],"picked":"champ:HoldFirm","floor":6.0},{"not_picked":["champ:BerserkerStyle","champ:RecklessLeap","champ:CalledShot"],"picked":"SKIP","floor":8.0},{"not_picked":["champ:Shatter","champ:RapidStrikes"],"picked":"champ:EnGarde","floor":9.0},{"not_picked":["champ:RageSigil","champ:ShieldSlam"],"picked":"champ:SwordSigil","floor":11.0},{"not_picked":["champ:BringItOn","champ:Backstep","champ:ShieldSigil"],"picked":"SKIP","floor":12.0},{"not_picked":["champ:CrookedStrike","champ:ShieldSigil"],"picked":"champ:FanOfKnives","floor":15.0},{"not_picked":["champ:SwordThrow","champ:SteelEdge"],"picked":"champ:MurderStrike","floor":16},{"not_picked":["champ:AdrenalArmor","champ:GutPunch","champ:FalseCounter"],"picked":"SKIP","floor":19},{"not_picked":["champ:ViciousMockery","champ:EnGarde+1"],"picked":"champ:RapidStrikes","floor":21}],"player_experience":2983569,"relics_obtained":[{"floor":6.0,"key":"champ:DefensiveTrainingManual"},{"floor":7.0,"key":"Kunai"},{"floor":8.0,"key":"TungstenRod"},{"floor":11.0,"key":"Tiny Chest"}],"event_choices":[{"damage_healed":0.0,"max_hp_gain":0.0,"max_hp_loss":0.0,"gold_gain":0.0,"event_name":"FaceTrader","player_choice":"Trade","floor":14.0,"gold_loss":0.0,"damage_taken":0.0,"relics_obtained":["CultistMask"]}],"is_beta":false,"boss_relics":[{"not_picked":["Velvet Choker","hubris:VirtuousBlindfold","Sozu"]}],"items_purged_floors":[],"is_endless":false,"potions_floor_spawned":[2,3,5,12,15,21],"killed_by":"Cultist and Chosen","ascension_level":8}}