{"host":"4ml9yfuv9l3eue62","time":1613588702,"event":{"mods":["AchievementEnabler","BaseMod","Colored Map","Colored Powertips","Hermit","Marisa£¨Ùöéë¡¡Øª×âÞÞ£©","Minty Spire (QoL Compilation)","StSLib","The Cursed","The Hierophant","The Poker Player","The Runesmith"],"gold_per_floor":[209,209,221,237,76,76,107,125,125,139,151,166,166,166,166,271,321,331,246,171,171,171],"floor_reached":20,"language":"KOR","playtime":1320,"items_purged":[],"score":176,"play_id":"b028c033-6986-403d-a77f-181b5ad9d3bd","local_time":"20210218040502","is_ascension_mode":false,"metric_token":798,"campfire_choices":[{"floor":6,"key":"RECALL"},{"floor":15,"key":"REST"}],"circlet_count":0,"master_deck":["PokerPlayerMod:Diamond1","PokerPlayerMod:Diamond2","PokerPlayerMod:Diamond3","PokerPlayerMod:Diamond4","PokerPlayerMod:Diamond5","PokerPlayerMod:Spade1","PokerPlayerMod:Spade2","PokerPlayerMod:Spade3","PokerPlayerMod:Spade4","PokerPlayerMod:Club1","PokerPlayerMod:Club2","PokerPlayerMod:Heart2","PokerPlayerMod:TrumpStrike+1","PokerPlayerMod:BadJoker","PokerPlayerMod:Mulligan","PokerPlayerMod:Diamond4","Decay","PokerPlayerMod:Club4","PokerPlayerMod:Heart4","PokerPlayerMod:Diamond2","PokerPlayerMod:Diamond3","PokerPlayerMod:Club4","PokerPlayerMod:Trickery+1","PokerPlayerMod:Diamond6","PokerPlayerMod:Club9","PokerPlayerMod:Diamond10+","PokerPlayerMod:Diamond5","PokerPlayerMod:Spade3"],"relics":["PokerPlayerMod:DeckCase","ClockworkSouvenir","Meat on the Bone","Shuriken","Matryoshka","Tiny House","Eternal Feather"],"acts_visited":["Exordium","TheCity"],"potions_floor_usage":[16,20],"damage_taken":[{"damage":0,"enemies":"2 Louse","floor":1,"turns":2},{"damage":2,"enemies":"Cultist","floor":3,"turns":3},{"damage":0,"enemies":"Small Slimes","floor":4,"turns":2},{"damage":7,"enemies":"Gremlin Nob","floor":7,"turns":3},{"damage":0,"enemies":"3 Louse","floor":8,"turns":1},{"damage":0,"enemies":"Looter","floor":10,"turns":1},{"damage":14,"enemies":"Exordium Wildlife","floor":11,"turns":3},{"damage":0,"enemies":"2 Fungi Beasts","floor":12,"turns":1},{"damage":40,"enemies":"Hexaghost","floor":16,"turns":11},{"damage":38,"enemies":"Shell Parasite","floor":18,"turns":7},{"damage":37,"enemies":"2 Thieves","floor":20,"turns":3}],"seed_played":"5881886498820388259","potions_obtained":[{"floor":4,"key":"LiquidMemories"},{"floor":7,"key":"Regen Potion"},{"floor":8,"key":"Block Potion"},{"floor":17,"key":"LiquidMemories"}],"is_trial":false,"path_per_floor":["M","?","M","M","$","R","E","M","T","M","M","M","?","?","R","B",null,"M","?","M"],"character_chosen":"THE_POKER_PLAYER","items_purchased":["ClockworkSouvenir","PokerPlayerMod:Diamond2"],"campfire_rested":1,"item_purchase_floors":[5,5],"current_hp_per_floor":[52,52,50,52,52,52,45,52,52,52,38,38,38,35,50,31,57,29,29,0,0,0],"gold":171,"neow_bonus":"HUNDRED_GOLD","is_daily":false,"chose_seed":false,"campfire_upgraded":0,"win_rate":0.0,"timestamp":1613588702,"path_taken":["M","?","M","M","$","R","E","M","T","M","M","?","?","?","R","BOSS","M","?","M"],"items_purchased_type":["Relic","Card"],"build_version":"2020-12-22","purchased_purges":0,"victory":false,"max_hp_per_floor":[52,52,52,52,52,52,52,52,52,52,52,52,52,52,52,52,57,57,57,57,57,57],"card_choices":[{"not_picked":["PokerPlayerMod:DartThrow","PokerPlayerMod:Club3"],"picked":"PokerPlayerMod:Diamond4","floor":1},{"not_picked":["PokerPlayerMod:Club3","PokerPlayerMod:Diamond6"],"picked":"PokerPlayerMod:Club4","floor":3},{"not_picked":["PokerPlayerMod:Trickery","PokerPlayerMod:ClubDance"],"picked":"PokerPlayerMod:Heart4","floor":4},{"not_picked":["PokerPlayerMod:Spade1","PokerPlayerMod:CardBurn"],"picked":"PokerPlayerMod:Diamond3","floor":7},{"not_picked":["PokerPlayerMod:Spade1","PokerPlayerMod:Club5"],"picked":"PokerPlayerMod:Club4","floor":8},{"not_picked":["PokerPlayerMod:Sharpen","PokerPlayerMod:Spade2"],"picked":"PokerPlayerMod:Trickery","floor":10},{"not_picked":["PokerPlayerMod:Heart5","PokerPlayerMod:Sharpen"],"picked":"PokerPlayerMod:Diamond6","floor":11},{"not_picked":["PokerPlayerMod:RiskyBet","PokerPlayerMod:Manipulation"],"picked":"PokerPlayerMod:Club9","floor":12},{"not_picked":["PokerPlayerMod:FakeSymbols","PokerPlayerMod:Spade10+"],"picked":"PokerPlayerMod:Diamond10+","floor":16},{"not_picked":["PokerPlayerMod:Club6","PokerPlayerMod:Configure"],"picked":"PokerPlayerMod:Diamond5","floor":17},{"not_picked":["PokerPlayerMod:Spade2","PokerPlayerMod:Trickery"],"picked":"PokerPlayerMod:Spade3","floor":18}],"player_experience":72638,"relics_obtained":[{"floor":7,"key":"Meat on the Bone"},{"floor":9,"key":"Shuriken"}],"event_choices":[{"damage_healed":0,"gold_gain":0,"player_choice":"Cursed","damage_taken":0,"max_hp_gain":0,"max_hp_loss":0,"event_name":"Wheel of Change","floor":2,"gold_loss":0,"cards_obtained":["Decay"]},{"damage_healed":0,"gold_gain":0,"player_choice":"Grow","damage_taken":0,"max_hp_gain":0,"max_hp_loss":0,"event_name":"Living Wall","floor":13,"gold_loss":0,"cards_upgraded":["PokerPlayerMod:TrumpStrike"]},{"damage_healed":0,"gold_gain":0,"player_choice":"Success","damage_taken":3,"relics_obtained":["Matryoshka"],"max_hp_gain":0,"max_hp_loss":0,"event_name":"Scrap Ooze","floor":14,"gold_loss":0},{"damage_healed":0,"gold_gain":0,"player_choice":"Obtained Relic","damage_taken":0,"relics_obtained":["Eternal Feather"],"max_hp_gain":0,"max_hp_loss":0,"event_name":"Addict","floor":19,"gold_loss":85}],"is_beta":false,"boss_relics":[{"not_picked":["Cursed Key","SacredBark"],"picked":"Tiny House"}],"items_purged_floors":[],"is_endless":false,"potions_floor_spawned":[4,7,8,10,18],"killed_by":"2 Thieves","ascension_level":0}}