{"host":"1ertv6sefge3tobl","time":1613570895,"event":{"mods":["BaseMod","Downfall","Minty Spire (QoL Compilation)","StSLib"],"gold_per_floor":[99,113,113,124,299,299,352,277,296,296,314,63,13,33,47,142,142,92,104,54,54,71,32,58,88,88,105,120,15,32,48,62,160,160,10,24,40,40,56,6,6,18,28,28,28,28,60,70,85,85,85,85],"floor_reached":50,"language":"ZHS","playtime":5807,"items_purged":["downfall:Malfunctioning","Slimebound:Defend_Slimebound"],"score":565,"play_id":"3243a952-9fdd-4045-8afd-a3463a884966","local_time":"20210217220815","is_ascension_mode":false,"campfire_choices":[{"data":"Slimebound:CorrosiveSpit","floor":1.0,"key":"SMITH"},{"data":"Slimebound:Gluttony","floor":6.0,"key":"SMITH"},{"data":"Slimebound:SelfFormingGoo","floor":13.0,"key":"SMITH"},{"data":"Slimebound:SpikyOuterGoop","floor":18.0,"key":"SMITH"},{"data":"expansioncontent:StudyTheSpire","floor":35.0,"key":"SMITH"},{"floor":40.0,"key":"REST"},{"data":"Slimebound:ProtectTheBoss","floor":46.0,"key":"SMITH"}],"circlet_count":0,"master_deck":["Slimebound:Strike_Slimebound","Slimebound:Strike_Slimebound","Slimebound:Strike_Slimebound+1","Slimebound:Tackle","Slimebound:Defend_Slimebound+1","Slimebound:Defend_Slimebound+1","Slimebound:Defend_Slimebound+1","Slimebound:Split","Slimebound:CorrosiveSpit+1","Slimebound:PressTheAttack","Slimebound:SplitMire","Slimebound:Gluttony+1","Slimebound:HauntingLick","Slimebound:SpikyOuterGoop+1","Slimebound:RejuvenatingLick","Slimebound:SelfFormingGoo+1","Slimebound:SplitBruiser","Slimebound:LivingWall","Slimebound:LeechEnergy+1","Slimebound:SlimeBrawl+1","Iron Wave","Slimebound:SlimeBarrage","Slimebound:Replication","Slimebound:SplitLeeching","expansioncontent:StudyTheSpire+1","expansioncontent:LastStand","Slimebound:ProtectTheBoss+1","Slimebound:LeechEnergy","Slimebound:AcidTongue+1","Slimebound:Prepare","Slimebound:WasteNot","Slimebound:LeadByExample+1","Clumsy","Parasite","Parasite","Parasite","Slimebound:RejuvenatingLick+1","Slimebound:SamplingLick"],"relics":["Slimebound:AbsorbEndCombat","Blood Vial","Slimebound:GreedOozeRelic","downfall:ShatteredFragment","Busted Crown","War Paint","Strawberry","Enchiridion","Cursed Key","downfall:HeartBlessingGreen","InkBottle","Slimebound:MaxSlimesRelic","Mummified Hand"],"acts_visited":["Exordium","TheCity","TheBeyond"],"potions_floor_usage":[50],"damage_taken":[{"damage":0.0,"enemies":"2 Louse","floor":2.0,"turns":3.0},{"damage":6.0,"enemies":"Jaw Worm","floor":4.0,"turns":3.0},{"damage":0.0,"enemies":"Small Slimes","floor":9.0,"turns":3.0},{"damage":2.0,"enemies":"Exordium Wildlife","floor":11.0,"turns":4.0},{"damage":0.0,"enemies":"downfall:FleeingMerchant","floor":12.0,"turns":4.0},{"damage":1.0,"enemies":"3 Louse","floor":14.0,"turns":3.0},{"damage":14.0,"enemies":"Exordium Thugs","floor":15.0,"turns":3.0},{"damage":17.0,"enemies":"DF_ARCHETYPE_STREAMLINE","floor":16.0,"turns":6.0},{"damage":20.0,"enemies":"downfall:LooterAlt2","floor":19.0,"turns":3.0},{"damage":0.0,"enemies":"downfall:FleeingMerchant","floor":20.0,"turns":4.0},{"damage":10.0,"enemies":"Chosen","floor":22.0,"turns":3.0},{"damage":8.0,"enemies":"downfall:FleeingMerchant","floor":23.0,"turns":4.0},{"damage":32.0,"enemies":"Book of Stabbing","floor":25.0,"turns":4.0},{"damage":19.0,"enemies":"Shelled Parasite and Fungi","floor":27.0,"turns":4.0},{"damage":11.0,"enemies":"Snake Plant","floor":28.0,"turns":4.0},{"damage":0.0,"enemies":"downfall:FleeingMerchant","floor":29.0,"turns":2.0},{"damage":18.0,"enemies":"Centurion and Healer","floor":30.0,"turns":4.0},{"damage":8.0,"enemies":"Sentry and Sphere","floor":31.0,"turns":5.0},{"damage":0.0,"enemies":"Snecko","floor":32.0,"turns":4.0},{"damage":21.0,"enemies":"IC_MUSHROOM_ARCHETYPE","floor":33.0,"turns":8.0},{"damage":2.0,"enemies":"Orb Walker","floor":36.0,"turns":2.0},{"damage":4.0,"enemies":"3 Darklings","floor":37.0,"turns":5.0},{"damage":28.0,"enemies":"Writhing Mass","floor":39.0,"turns":5.0},{"damage":7.0,"enemies":"Spire Growth","floor":42.0,"turns":4.0},{"damage":0.0,"enemies":"Maw","floor":43.0,"turns":5.0},{"damage":0.0,"enemies":"Giant Head","floor":47.0,"turns":7.0},{"damage":4.0,"enemies":"Writhing Mass","floor":48.0,"turns":5.0},{"damage":13.0,"enemies":"Jaw Worm Horde","floor":49.0,"turns":3.0},{"damage":93,"enemies":"WA_ARCHETYPE_DIVINITY","floor":50,"turns":7}],"seed_played":"-8056171940657241671","potions_obtained":[{"floor":9.0,"key":"champ:CounterPotion"},{"floor":11.0,"key":"LiquidMemories"},{"floor":15.0,"key":"GamblersBrew"},{"floor":25.0,"key":"bronze:BurnAndBuffPotion"},{"floor":28.0,"key":"AttackPotion"},{"floor":31.0,"key":"Fire Potion"},{"floor":33.0,"key":"Explosive Potion"},{"floor":39.0,"key":"Ancient Potion"},{"floor":43.0,"key":"Energy Potion"},{"floor":48.0,"key":"Explosive Potion"},{"floor":49.0,"key":"Slimebound:SpawnSlimePotion"}],"is_trial":false,"path_per_floor":["R","M","?","M","?","R","T","?","M","?","M","$","R","M","M","B",null,"R","M","$","?","M","$","T","E","?","M","M","$","M","M","M","B",null,"R","M","M","?","M","R","T","M","M","?","$","R","E","M","M","B"],"character_chosen":"SLIMEBOUND","items_purchased":["Slimebound:SelfFormingGoo","Slimebound:SlimeBrawl","Slimebound:SplitLeeching","expansioncontent:StudyTheSpire","expansioncontent:LastStand","Slimebound:ProtectTheBoss"],"campfire_rested":1,"item_purchase_floors":[12,20,23,29,29,29],"current_hp_per_floor":[65,65,65,65,65,65,65,65,65,47,55,65,65,65,53,46,65,65,51,61,61,61,57,57,42,26,17,14,20,12,14,22,11,72,72,72,72,72,52,72,72,69,72,72,72,72,72,68,63,0,0,0],"gold":85,"neow_bonus":"THREE_CARDS","is_daily":false,"chose_seed":false,"campfire_upgraded":6,"win_rate":0.0,"timestamp":1613570895,"path_taken":["R","M","?","M","?","R","T","?","?","?","M","$","R","M","M","BOSS","R","M","$","?","M","?","T","E","?","M","M","$","M","?","M","BOSS","R","M","M","?","M","R","T","M","M","?","?","R","E","?","M","BOSS"],"items_purchased_type":["Card","Card","Card","Card","Card","Card"],"build_version":"2020-12-22","purchased_purges":2,"victory":false,"max_hp_per_floor":[65,65,65,65,65,65,65,65,65,65,65,65,65,65,65,65,65,65,65,65,65,65,65,65,72,72,72,72,72,72,72,72,72,72,72,72,72,72,72,72,72,72,72,72,72,72,72,72,72,72,72,72],"card_choices":[{"not_picked":["Slimebound:LeechingTouch","Slimebound:Prepare"],"picked":"Slimebound:PressTheAttack","floor":0.0},{"not_picked":["Slimebound:LeechingTouch","Slimebound:Nibble"],"picked":"Slimebound:SplitMire","floor":2.0},{"not_picked":["Slimebound:PressTheAttack","Slimebound:Replication"],"picked":"Slimebound:Gluttony","floor":4.0},{"not_picked":["Slimebound:Repurpose","Slimebound:DivideAndConquer"],"picked":"Slimebound:HauntingLick","floor":9.0},{"not_picked":["Slimebound:SplitLeeching","Slimebound:FlameTackle"],"picked":"Slimebound:SpikyOuterGoop","floor":11.0},{"not_picked":["Slimebound:Overexert","Slimebound:LeechingTouch"],"picked":"Slimebound:RejuvenatingLick","floor":12.0},{"not_picked":["Slimebound:LeechingTouch","Slimebound:ForwardTackle"],"picked":"Slimebound:SplitBruiser","floor":14.0},{"not_picked":["Slimebound:RejuvenatingLick","Slimebound:PressTheAttack"],"picked":"Slimebound:LivingWall","floor":15.0},{"not_picked":[],"picked":"Slimebound:LeechEnergy+1","floor":19.0},{"not_picked":["Slimebound:Schlurp"],"picked":"SKIP","floor":20.0},{"not_picked":[],"picked":"Slimebound:SlimeBarrage","floor":22.0},{"not_picked":[],"picked":"Slimebound:Replication","floor":23.0},{"not_picked":["Slimebound:Schlurp"],"picked":"SKIP","floor":25.0},{"not_picked":["Slimebound:FinishingTackle"],"picked":"SKIP","floor":27.0},{"not_picked":["Slimebound:LivingWall"],"picked":"SKIP","floor":28.0},{"not_picked":["Slimebound:ComboTackle+1"],"picked":"SKIP","floor":29.0},{"not_picked":[],"picked":"Slimebound:LeechEnergy","floor":30.0},{"not_picked":[],"picked":"Slimebound:AcidTongue+1","floor":31.0},{"not_picked":[],"picked":"Slimebound:Prepare","floor":32.0},{"not_picked":[],"picked":"Slimebound:WasteNot","floor":33.0},{"not_picked":[],"picked":"Slimebound:LeadByExample+1","floor":36.0},{"not_picked":["Slimebound:LivingWall"],"picked":"SKIP","floor":37.0},{"not_picked":["Slimebound:RainOfGoop"],"picked":"SKIP","floor":39.0},{"not_picked":["Slimebound:Prepare"],"picked":"SKIP","floor":42.0},{"not_picked":["Slimebound:ComboTackle+1"],"picked":"SKIP","floor":43.0},{"not_picked":["Slimebound:Prepare"],"picked":"SKIP","floor":47.0},{"not_picked":[],"picked":"Slimebound:RejuvenatingLick+1","floor":48.0},{"not_picked":[],"picked":"Slimebound:SamplingLick","floor":49.0}],"player_experience":310888,"relics_obtained":[{"floor":7.0,"key":"Blood Vial"},{"floor":24.0,"key":"War Paint"},{"floor":25.0,"key":"Strawberry"},{"floor":26.0,"key":"Enchiridion"},{"floor":38.0,"key":"InkBottle"},{"floor":41.0,"key":"Slimebound:MaxSlimesRelic"},{"floor":47.0,"key":"Mummified Hand"}],"event_choices":[{"cards_removed":["Doubt"],"damage_healed":0.0,"max_hp_gain":0.0,"max_hp_loss":0.0,"gold_gain":0.0,"event_name":"NoteForYourself","player_choice":"Took Card","floor":21.0,"gold_loss":0.0,"damage_taken":0.0,"cards_obtained":["Iron Wave"]}],"is_beta":false,"boss_relics":[{"not_picked":["Fusion Hammer","Slimebound:AbsorbEndCombatUpgraded"],"picked":"Busted Crown"},{"not_picked":["bronze:MakeshiftBattery","Snecko Eye"],"picked":"Cursed Key"}],"items_purged_floors":[12,29],"is_endless":false,"potions_floor_spawned":[9,11,15,25,28,30,31,33,39,43,48,49],"killed_by":"WA_ARCHETYPE_DIVINITY","ascension_level":0}}