{"host":"4kmvpqjeiacgn1pr","time":1613521930,"event":{"mods":["A Penny For Your Troubles","AchievementEnabler","AlwaysNeverKeys","Aspiration","BaseMod","Bestiary","Better Altar","Better Match","Better Note","Better Sensory Stone","Better Skull","Better Third Choice","Better Vampires","BetterRewards","Colored Map","Colored Powertips","Conspire","Curses Come First","Downfall","Halation","Highlight Path","Infinite Spire","Minty Spire (QoL Compilation)","Permanent Neow","Quick Restart","Rare Cards Sparkle","Relic Sorter","Relic Stats","Replay The Spire","Reworked Bosses","Shop Mod","Smile Girya","Spicy Shops","Spikes Relics","StSLib","Waifu the Spire"],"gold_per_floor":[11,11,286,304,320,339,339,359,386,403,432,452,471,482,482,578,578,595,112,127,127,127,153,168,78,153,187,187,203,203,203,203,306,306,317,317,330,347,347,374,374,406,406,113,113,113,40,50,50,50,50],"floor_reached":50,"language":"ENG","playtime":2477,"items_purged":["downfall:Icky","Hallucinations"],"score":908,"play_id":"4c21db8c-52e2-40a7-9921-d1dc1f529b3e","local_time":"20210216193210","is_ascension_mode":true,"campfire_choices":[{"floor":32.0,"key":"REST"},{"data":"conspire:SharedLibrary","floor":41.0,"key":"SMITH"}],"circlet_count":0,"master_deck":["Strike_P","Strike_P+1","Defend_P+2","Defend_P","Defend_P","Defend_P+1","Eruption","Vigilance","Judgement","Consecrate+1","CutThroughFate","Worship","ThirdEye","Replay:Fractal Strike","Replay:DivineShield","FollowUp+1","Scrawl","BattleHymn","Replay:DivineShield+1","Replay:BluntJabs","MasterReality","Prostrate+1","MentalFortress+1","SashWhip","Wireheading+1","Replay:BluntJabs+1","JustLucky+1","CutThroughFate","SignatureMove","Slimebound:CheckThePlaybook","Omniscience","EmptyMind","Replay:LoomingThreat","SashWhip+1","Weave","infinitespire:Oblivion","ThirdEye","SpiritShield","Sunder+1","infinitespire:Starlight","Collect+1","Mirror Shield","conspire:SharedLibrary+1","ReplayTheSpireMod:Book of Names","ReplayTheSpireMod:Dual Polarity+1","infinitespire:Oblivion","Hologram+1"],"relics":["m_GuardianBlood","Strange Spoon","DollysMirror","aspiration:ArtOfWarUpgrade","Slimebound:AbsorbEndCombat","Replay:M_StaffOfTheSnake","halation:Prosthetics","infinitespire:CursedDice","conspire:TreasureMap","infinitespire:Bottled Soul","Cauldron","infinitespire:EmptyRelic","infinitespire:EmptyRelic","infinitespire:EmptyRelic","infinitespire:EmptyRelic","infinitespire:EmptyRelic","infinitespire:EmptyRelic","infinitespire:EmptyRelic","infinitespire:EmptyRelic","infinitespire:EmptyRelic","infinitespire:EmptyRelic","infinitespire:EmptyRelic","infinitespire:EmptyRelic","infinitespire:EmptyRelic","infinitespire:Chaos"],"acts_visited":["Exordium","TheCity","TheBeyond"],"potions_floor_usage":[48,48,50,50,50,50],"damage_taken":[{"damage":0.0,"enemies":"Cultist","floor":1.0,"turns":2.0},{"damage":0.0,"enemies":"Small Slimes","floor":4.0,"turns":1.0},{"damage":0.0,"enemies":"Jaw Worm","floor":5.0,"turns":2.0},{"damage":0.0,"enemies":"Blue Slaver","floor":6.0,"turns":1.0},{"damage":0.0,"enemies":"Exordium Wildlife","floor":8.0,"turns":3.0},{"damage":0.0,"enemies":"2 Fungi Beasts","floor":10.0,"turns":2.0},{"damage":28.0,"enemies":"Lagavulin","floor":11.0,"turns":6.0},{"damage":26.0,"enemies":"Red Slaver","floor":12.0,"turns":2.0},{"damage":0.0,"enemies":"Looter","floor":13.0,"turns":1.0},{"damage":0.0,"enemies":"Large Slime","floor":14.0,"turns":4.0},{"damage":3.0,"enemies":"Hexaghost","floor":16.0,"turns":5.0},{"damage":4.0,"enemies":"2 Thieves","floor":18.0,"turns":4.0},{"damage":0.0,"enemies":"conspire:FuzzyDice","floor":20.0,"turns":6.0},{"damage":0.0,"enemies":"conspire:SneckoGhost","floor":23.0,"turns":4.0},{"damage":1.0,"enemies":"Snake Plant","floor":24.0,"turns":2.0},{"damage":30.0,"enemies":"Book of Stabbing","floor":27.0,"turns":4.0},{"damage":0.0,"enemies":"Chosen and Byrds","floor":29.0,"turns":4.0},{"damage":22.0,"enemies":"bossMod:newCollector","floor":33.0,"turns":5.0},{"damage":5.0,"enemies":"3 Shapes","floor":35.0,"turns":5.0},{"damage":4.0,"enemies":"3 Darklings","floor":37.0,"turns":3.0},{"damage":8.0,"enemies":"Maw","floor":38.0,"turns":6.0},{"damage":4.0,"enemies":"Giant Head","floor":40.0,"turns":5.0},{"damage":3.0,"enemies":"Nightmare","floor":42.0,"turns":5.0},{"damage":0.0,"enemies":"Writhing Mass","floor":45.0,"turns":1.0},{"damage":33,"enemies":"Transient","floor":48,"turns":5},{"damage":7,"enemies":"bossMod:newShapes","floor":50,"turns":1}],"seed_played":"-6004660292609060721","potions_obtained":[{"floor":2.0,"key":"Block Potion"},{"floor":2.0,"key":"Energy Potion"},{"floor":2.0,"key":"champ:CounterPotion"},{"floor":5.0,"key":"Explosive Potion"},{"floor":6.0,"key":"Fire Potion"},{"floor":10.0,"key":"Fruit Juice"},{"floor":14.0,"key":"Adrenaline Potion"},{"floor":15.0,"key":"SteroidPotion"},{"floor":15.0,"key":"Languid Potion"},{"floor":16.0,"key":"AttackPotion"},{"floor":18.0,"key":"AttackPotion"},{"floor":20.0,"key":"Energy Potion"},{"floor":33.0,"key":"DistilledChaos"},{"floor":35.0,"key":"SkillPotion"},{"floor":38.0,"key":"Energy Potion"},{"floor":47,"key":"Death Potion"},{"floor":47,"key":"Fire Potion"},{"floor":47,"key":"BottledMiracle"},{"floor":47,"key":"Weak Potion"},{"floor":48,"key":"Venom Potion"}],"is_trial":false,"path_per_floor":["M","?","?","M","M","M","?","M","T","M","E","M","M","M","R_BF","B",null,"M","$","M","?","?","E","M","?","T","E","AVR","M","?","?","R","B",null,"M","AVR","M","M","?","E","R","NM","T","$","M","T","$","M","R_BF","B"],"character_chosen":"WATCHER","items_purchased":["MentalFortress+1","Orrery","Lantern","StoneCalendar","aspiration:Lifesprig","infinitespire:Chaos"],"campfire_rested":1,"item_purchase_floors":[19,19,19,44,44,47],"current_hp_per_floor":[72,72,72,72,72,70,52,52,52,64,38,14,16,18,18,17,37,35,35,37,37,37,39,40,40,40,11,11,13,4,4,15,9,30,27,27,25,29,32,30,30,29,29,29,31,31,3,3,3,0,0],"gold":50,"neow_bonus":"THREE_RARE_CARDS","is_daily":false,"chose_seed":false,"campfire_upgraded":1,"win_rate":0.0,"timestamp":1613521930,"path_taken":["M","?","?","?","M","M","?","M","T","M","E","M","M","M","R_BF","BOSS","M","$","M","?","?","E","?","?","T","E","AVR","?","?","?","R","BOSS","M","AVR","?","M","?","E","R","NM","T","$","M","?","$","M","R_BF","BOSS"],"items_purchased_type":["Card","Relic","Relic","Relic","Relic","Relic"],"build_version":"2020-12-22","purchased_purges":2,"victory":false,"max_hp_per_floor":[72,72,72,72,72,70,70,70,70,80,80,80,80,80,78,78,43,43,43,43,43,41,41,41,41,41,41,39,39,39,39,39,37,37,37,37,35,35,38,38,38,38,38,38,38,38,3,3,3,3,3],"relic_stats":{"Strange Spoon":[2],"counters":[26,88],"obtain_stats":[{"Darkstone Periapt":28,"Lantern":19,"aspiration:Lifesprig":44,"SacredBark":2,"BrokenLever":26,"StoneCalendar":44,"halation:Prosthetics":17,"m_GuardianBlood":47,"halation:HeavySnake":28,"Blood Vial":9,"aspiration:DefectSkillbook":34,"DollysMirror":47,"infinitespire:Bottled Soul":47,"aspiration:ArtOfWarUpgrade":47,"infinitespire:Chaos":47,"aspiration:ChemicalBlood":11,"Potion Belt":2,"conspire:TreasureMap":47,"Replay:M_StaffOfTheSnake":47,"infinitespire:CursedDice":47,"ReplayTheSpireMod:Ring of Addiction":2,"infinitespire:EmptyRelic":47,"SlaversCollar":36,"Strange Spoon":47,"Cauldron":47,"CaptainsWheel":42,"Ring of Misfortune":2,"Orrery":19,"halation:EternalFortune":39,"Simple Rune":36,"infinitespire:EmpoweringShard":23,"Nloth\u0027s Gift":31,"Slimebound:AbsorbEndCombat":47,"halation:AfternoonTea":27,"PureWater":0,"StrikeDummy":43,"Unceasing Top":40},{"Darkstone Periapt":16,"Lantern":12,"aspiration:Lifesprig":23,"SacredBark":1,"BrokenLever":15,"StoneCalendar":23,"halation:Prosthetics":11,"m_GuardianBlood":24,"halation:HeavySnake":16,"Blood Vial":5,"aspiration:DefectSkillbook":18,"DollysMirror":24,"infinitespire:Bottled Soul":24,"aspiration:ArtOfWarUpgrade":24,"infinitespire:Chaos":24,"aspiration:ChemicalBlood":7,"Potion Belt":1,"conspire:TreasureMap":24,"Replay:M_StaffOfTheSnake":24,"infinitespire:CursedDice":24,"ReplayTheSpireMod:Ring of Addiction":1,"infinitespire:EmptyRelic":24,"SlaversCollar":19,"Strange Spoon":24,"Cauldron":24,"CaptainsWheel":23,"Ring of Misfortune":1,"Orrery":12,"halation:EternalFortune":21,"Simple Rune":19,"infinitespire:EmpoweringShard":14,"Nloth\u0027s Gift":17,"Slimebound:AbsorbEndCombat":24,"halation:AfternoonTea":16,"PureWater":0,"StrikeDummy":23,"Unceasing Top":22},{"Darkstone Periapt":49,"Lantern":33,"aspiration:Lifesprig":81,"SacredBark":2,"BrokenLever":45,"StoneCalendar":81,"halation:Prosthetics":29,"m_GuardianBlood":82,"halation:HeavySnake":49,"Blood Vial":9,"aspiration:DefectSkillbook":58,"DollysMirror":82,"infinitespire:Bottled Soul":82,"aspiration:ArtOfWarUpgrade":82,"infinitespire:Chaos":82,"aspiration:ChemicalBlood":17,"Potion Belt":2,"conspire:TreasureMap":82,"Replay:M_StaffOfTheSnake":82,"infinitespire:CursedDice":82,"ReplayTheSpireMod:Ring of Addiction":2,"infinitespire:EmptyRelic":82,"SlaversCollar":63,"Strange Spoon":82,"Cauldron":82,"CaptainsWheel":81,"Ring of Misfortune":2,"Orrery":33,"halation:EternalFortune":72,"Simple Rune":63,"infinitespire:EmpoweringShard":43,"Nloth\u0027s Gift":53,"Slimebound:AbsorbEndCombat":82,"halation:AfternoonTea":49,"PureWater":0,"StrikeDummy":81,"Unceasing Top":76}]},"card_choices":[{"not_picked":["Ragnarok","Blasphemy"],"picked":"Judgement","floor":0.0},{"not_picked":["EmptyFist","Halt"],"picked":"Consecrate","floor":1.0},{"not_picked":["Perseverance","EmptyMind"],"picked":"CutThroughFate","floor":4.0},{"not_picked":["Replay:AtTheReady","Meditate"],"picked":"Worship","floor":5.0},{"not_picked":["MentalFortress","PathToVictory"],"picked":"ThirdEye","floor":6.0},{"not_picked":["ReplayTheSpireMod:Chaos Vortex","infinitespire:SealOfDarkness+"],"picked":"Replay:Fractal Strike","floor":7.0},{"not_picked":["Prostrate","Replay:ManipulateFuture"],"picked":"Replay:DivineShield","floor":8.0},{"not_picked":["InnerPeace","CrushJoints"],"picked":"FollowUp","floor":10.0},{"not_picked":["FollowUp","Replay:ManipulateFuture"],"picked":"Scrawl","floor":11.0},{"not_picked":["JustLucky","ThirdEye"],"picked":"BattleHymn","floor":12.0},{"not_picked":["Tantrum","CrushJoints"],"picked":"Replay:DivineShield","floor":13.0},{"not_picked":["Weave","ClearTheMind"],"picked":"Replay:BluntJabs","floor":14.0},{"not_picked":["Judgement","Devotion"],"picked":"MasterReality","floor":16.0},{"not_picked":["LikeWater","PathToVictory"],"picked":"Prostrate+1","floor":18.0},{"not_picked":["WindmillStrike","Collect"],"picked":"SashWhip","floor":19.0},{"not_picked":["Sanctity+1","FlyingSleeves"],"picked":"Wireheading+1","floor":19.0},{"not_picked":["Blasphemy","ClearTheMind"],"picked":"Replay:BluntJabs+1","floor":19.0},{"not_picked":["Sanctity+1","Adaptation"],"picked":"JustLucky+1","floor":19.0},{"not_picked":["Halt","ClearTheMind"],"picked":"CutThroughFate","floor":19.0},{"not_picked":["Vengeance","Protect"],"picked":"SignatureMove","floor":20.0},{"not_picked":["Halt","EmptyFist"],"picked":"Replay:LoomingThreat","floor":23.0},{"not_picked":["FlyingSleeves","Crescendo"],"picked":"SashWhip+1","floor":24.0},{"not_picked":["TalkToTheHand","Blasphemy"],"picked":"Weave","floor":27.0},{"not_picked":["ClearTheMind","Halt"],"picked":"ThirdEye","floor":29.0},{"not_picked":["DevaForm","Scrawl"],"picked":"SpiritShield","floor":33.0},{"not_picked":["JustLucky","Skim+1","Compile Driver+1"],"picked":"Sunder+1","floor":35.0},{"not_picked":["Turbo","Beam Cell","Conserve Battery+1"],"picked":"Collect+1","floor":37.0},{"not_picked":["EmptyFist","Weave","Evaluate"],"picked":"Mirror Shield","floor":38.0},{"not_picked":["Beam Cell+1","Creative AI","Conclude"],"picked":"conspire:SharedLibrary","floor":40.0},{"not_picked":["infinitespire:Oblivion","infinitespire:Gouge"],"picked":"ReplayTheSpireMod:Book of Names","floor":42.0},{"not_picked":["Electrodynamics","Reboot","ClearTheMind+1"],"picked":"ReplayTheSpireMod:Dual Polarity+1","floor":42.0},{"not_picked":["CarveReality+1","Undo"],"picked":"Hologram+1","floor":48}],"player_experience":485717,"relics_obtained":[{"floor":2.0,"key":"ReplayTheSpireMod:Ring of Addiction"},{"floor":2.0,"key":"SacredBark"},{"floor":2.0,"key":"Potion Belt"},{"floor":2.0,"key":"Ring of Misfortune"},{"floor":9.0,"key":"Blood Vial"},{"floor":11.0,"key":"aspiration:ChemicalBlood"},{"floor":23.0,"key":"infinitespire:EmpoweringShard"},{"floor":26.0,"key":"BrokenLever"},{"floor":27.0,"key":"halation:AfternoonTea"},{"floor":40.0,"key":"Unceasing Top"},{"floor":42.0,"key":"CaptainsWheel"},{"floor":43.0,"key":"StrikeDummy"}],"event_choices":[{"damage_healed":0.0,"max_hp_gain":0.0,"max_hp_loss":0.0,"gold_gain":275.0,"event_name":"Golden Shrine","player_choice":"Desecrate","floor":3.0,"gold_loss":0.0,"damage_taken":0.0,"cards_obtained":["Regret"]},{"damage_healed":0.0,"max_hp_gain":0.0,"max_hp_loss":0.0,"gold_gain":0.0,"cards_transformed":["Strike_P","Strike_P"],"event_name":"Drug Dealer","player_choice":"Became Test Subject","floor":22.0,"gold_loss":0.0,"damage_taken":0.0,"cards_obtained":["Omniscience","EmptyMind"]},{"cards_removed":["Regret"],"damage_healed":0.0,"max_hp_gain":0.0,"max_hp_loss":0.0,"gold_gain":0.0,"event_name":"Designer","player_choice":"Upgrade and Remove","floor":25.0,"gold_loss":90.0,"damage_taken":0.0,"cards_upgraded":["Strike_P"]},{"damage_healed":0.0,"max_hp_gain":0.0,"max_hp_loss":0.0,"gold_gain":0.0,"event_name":"Cursed Tome","player_choice":"Stopped","floor":30.0,"gold_loss":0.0,"damage_taken":9.0},{"damage_healed":0.0,"max_hp_gain":0.0,"max_hp_loss":0.0,"gold_gain":0.0,"event_name":"N\u0027loth","player_choice":"Traded Relic","floor":31.0,"relics_lost":["Lantern"],"gold_loss":0.0,"damage_taken":0.0,"relics_obtained":["Nloth\u0027s Gift"]}],"is_beta":false,"boss_relics":[{"not_picked":["Abe\u0027s Treasure","Runic Pyramid"],"picked":"halation:Prosthetics"},{"not_picked":["halation:ForbiddenBikini","halation:CatFaceCupcake"],"picked":"aspiration:DefectSkillbook"}],"items_purged_floors":[28,36],"is_endless":false,"potions_floor_spawned":[5,6,10,14,16,18,20,33,35,38,45,48],"killed_by":"bossMod:newShapes","ascension_level":5}}