{"host":"7rmsgc3rayi00cdt","time":1613572914,"event":{"mods":["BaseMod","Minty Spire (QoL Compilation)"],"gold_per_floor":[116,130,145,145,156,156,156,183,206,206,206,223,398,416,416,416,416],"floor_reached":16,"language":"ENG","playtime":497,"items_purged":[],"score":148,"play_id":"0fcbe378-16ac-48bd-a58c-a222d435a65d","local_time":"20210217144154","is_ascension_mode":true,"campfire_choices":[{"data":"Defend_R","floor":6,"key":"SMITH"},{"data":"Shrug It Off","floor":10,"key":"SMITH"},{"floor":15,"key":"REST"}],"circlet_count":0,"master_deck":["Strike_R","Strike_R","Strike_R","Strike_R","Defend_R","Defend_R","Defend_R","Defend_R+1","Bash","Sword Boomerang","Headbutt","Warcry","Shrug It Off+1","Doubt","Flex"],"relics":["Burning Blood","Mummified Hand","Eternal Feather","Boot","Paper Frog"],"acts_visited":["Exordium"],"potions_floor_usage":[8,16,16],"damage_taken":[{"damage":2,"enemies":"Small Slimes","floor":1,"turns":4},{"damage":13,"enemies":"Jaw Worm","floor":2,"turns":4},{"damage":1,"enemies":"Cultist","floor":3,"turns":3},{"damage":10,"enemies":"2 Fungi Beasts","floor":5,"turns":3},{"damage":27,"enemies":"Gremlin Nob","floor":8,"turns":5},{"damage":5,"enemies":"Blue Slaver","floor":12,"turns":4},{"damage":9,"enemies":"3 Louse","floor":14,"turns":4},{"damage":70,"enemies":"Slime Boss","floor":16,"turns":18}],"seed_played":"3429530789023330813","potions_obtained":[{"floor":1,"key":"Weak Potion"},{"floor":5,"key":"SkillPotion"},{"floor":8,"key":"FearPotion"}],"is_trial":false,"path_per_floor":["M","M","M","?","M","R","T","E","T","R","?","M","?","M","R","B"],"character_chosen":"IRONCLAD","items_purchased":[],"campfire_rested":1,"item_purchase_floors":[],"current_hp_per_floor":[84,77,82,75,71,71,71,50,50,56,31,32,32,29,64,0,0],"gold":416,"neow_bonus":"TEN_PERCENT_HP_BONUS","is_daily":false,"chose_seed":false,"campfire_upgraded":2,"win_rate":0.0,"timestamp":1613572914,"path_taken":["M","M","M","?","M","R","?","E","T","R","?","M","?","M","R","BOSS"],"items_purchased_type":[],"build_version":"2020-12-22","purchased_purges":0,"victory":false,"max_hp_per_floor":[88,88,88,88,88,88,88,88,88,88,88,88,88,88,88,88,88],"card_choices":[{"not_picked":["Bloodletting","Iron Wave"],"picked":"Sword Boomerang","floor":1},{"not_picked":["Cleave","Rupture"],"picked":"Headbutt","floor":2},{"not_picked":["Havoc","Seeing Red"],"picked":"Warcry","floor":3},{"not_picked":["Warcry","Clash","Entrench"],"picked":"SKIP","floor":5},{"not_picked":["Headbutt","Cleave"],"picked":"Shrug It Off","floor":8},{"not_picked":["Havoc","Perfected Strike","Warcry"],"picked":"SKIP","floor":12},{"not_picked":["Hemokinesis","Uppercut"],"picked":"Flex","floor":14}],"player_experience":818949,"relics_obtained":[{"floor":7,"key":"Mummified Hand"},{"floor":8,"key":"Eternal Feather"},{"floor":9,"key":"Boot"}],"event_choices":[{"cards_removed":["Strike_R"],"damage_healed":0,"gold_gain":0,"player_choice":"Card Removal","damage_taken":7,"max_hp_gain":0,"max_hp_loss":0,"event_name":"Golden Wing","floor":4,"gold_loss":0},{"damage_healed":0,"gold_gain":0,"player_choice":"Success","damage_taken":25,"relics_obtained":["Paper Frog"],"max_hp_gain":0,"max_hp_loss":0,"event_name":"Scrap Ooze","floor":11,"gold_loss":0},{"damage_healed":0,"gold_gain":175,"player_choice":"AGREE","damage_taken":0,"max_hp_gain":0,"max_hp_loss":0,"event_name":"Liars Game","floor":13,"gold_loss":0,"cards_obtained":["Doubt"]}],"is_beta":false,"boss_relics":[],"items_purged_floors":[],"is_endless":false,"potions_floor_spawned":[1,5,8],"killed_by":"Slime Boss","ascension_level":9}}