{"host":"eu6p4n7vldm4bcry","time":1613523114,"event":{"mods":["AchievementEnabler","BaseMod","Highlight Path","Minty Spire (QoL Compilation)","Relic Stats","StSLib","ojb\u0027s Info Mod"],"gold_per_floor":[114,114,62,77,77,77,107,107,107,122,137,152,167,182,182,282,282,297,297,312,87,87,87,117,132,207,32,47,47,62,77,77,177,177,192,207,222,237,252,552,23,23,23,53,53,68,68,83,83,83],"floor_reached":51,"language":"ENG","playtime":2039,"items_purged":["Strike_B","Strike_R"],"score":855,"play_id":"0f97c5bf-f2e5-4912-9300-081731bc4585","local_time":"20210216195154","daily_mods":["Chimera","Uncertain Future","Terminal"],"is_ascension_mode":false,"campfire_choices":[{"data":"Zap","floor":6.0,"key":"SMITH"},{"data":"Survivor","floor":8.0,"key":"SMITH"},{"data":"Wallop","floor":15.0,"key":"SMITH"},{"floor":23.0,"key":"REST"},{"data":"Vault","floor":29.0,"key":"SMITH"},{"floor":32.0,"key":"DIG"},{"floor":40.0,"key":"DIG"},{"floor":42.0,"key":"DIG"},{"floor":49,"key":"DIG"}],"circlet_count":0,"master_deck":["Bash","Survivor+1","Zap+1","Eruption+1","Strike_G","Defend_R","Defend_G","Defend_P","Wallop+1","EmptyFist","BowlingBash","Crescendo","BowlingBash","FearNoEvil","ClearTheMind","Brilliance","CutThroughFate","Vault+1","CurseOfTheBell","BattleHymn+1","Consecrate","Adaptation+1","Consecrate","Tantrum","Evaluate+1","BattleHymn+1","Vault+1","CrushJoints+1","Protect","Wallop","Adaptation","FollowUp","SandsOfTime","FollowUp+1"],"relics":["PureWater","Calipers","Toy Ornithopter","White Beast Statue","Calling Bell","Omamori","Kunai","Shovel","MutagenicStrength","Akabeko","Necronomicon","HornCleat","Letter Opener","Lantern","FossilizedHelix","SlaversCollar","Old Coin","Singing Bowl","Blue Candle","Frozen Egg 2","Shuriken","Boot"],"acts_visited":["Exordium","TheCity","TheBeyond"],"potions_floor_usage":[48,50],"damage_taken":[{"damage":0.0,"enemies":"2 Louse","floor":1.0,"turns":1.0},{"damage":0.0,"enemies":"Small Slimes","floor":4.0,"turns":2.0},{"damage":0.0,"enemies":"3 Sentries","floor":7.0,"turns":6.0},{"damage":0.0,"enemies":"Cultist","floor":10.0,"turns":2.0},{"damage":0.0,"enemies":"Looter","floor":11.0,"turns":2.0},{"damage":0.0,"enemies":"2 Fungi Beasts","floor":12.0,"turns":2.0},{"damage":0.0,"enemies":"Blue Slaver","floor":13.0,"turns":3.0},{"damage":3.0,"enemies":"Red Slaver","floor":14.0,"turns":2.0},{"damage":0.0,"enemies":"Hexaghost","floor":16.0,"turns":6.0},{"damage":5.0,"enemies":"Spheric Guardian","floor":18.0,"turns":3.0},{"damage":5.0,"enemies":"2 Thieves","floor":20.0,"turns":3.0},{"damage":0.0,"enemies":"Book of Stabbing","floor":24.0,"turns":3.0},{"damage":0.0,"enemies":"Cultist and Chosen","floor":25.0,"turns":3.0},{"damage":0.0,"enemies":"Snake Plant","floor":28.0,"turns":2.0},{"damage":0.0,"enemies":"Shelled Parasite and Fungi","floor":30.0,"turns":2.0},{"damage":0.0,"enemies":"Centurion and Healer","floor":31.0,"turns":2.0},{"damage":10.0,"enemies":"Automaton","floor":33.0,"turns":7.0},{"damage":0.0,"enemies":"Orb Walker","floor":35.0,"turns":2.0},{"damage":0.0,"enemies":"3 Shapes","floor":36.0,"turns":5.0},{"damage":0.0,"enemies":"Maw","floor":37.0,"turns":5.0},{"damage":0.0,"enemies":"3 Darklings","floor":38.0,"turns":5.0},{"damage":0.0,"enemies":"Sphere and 2 Shapes","floor":39.0,"turns":3.0},{"damage":0.0,"enemies":"Nemesis","floor":44.0,"turns":4.0},{"damage":0.0,"enemies":"Maw","floor":46.0,"turns":4.0},{"damage":0,"enemies":"Jaw Worm Horde","floor":48,"turns":3},{"damage":7,"enemies":"Donu and Deca","floor":50,"turns":5}],"seed_played":"6706742764168558924","potions_obtained":[{"floor":1.0,"key":"DistilledChaos"},{"floor":10.0,"key":"SpeedPotion"},{"floor":11.0,"key":"DuplicationPotion"},{"floor":13.0,"key":"Block Potion"},{"floor":16.0,"key":"FearPotion"},{"floor":18.0,"key":"Strength Potion"},{"floor":24.0,"key":"SkillPotion"},{"floor":25.0,"key":"Fire Potion"},{"floor":30.0,"key":"BlessingOfTheForge"},{"floor":33.0,"key":"SkillPotion"},{"floor":35.0,"key":"PowerPotion"},{"floor":38.0,"key":"ColorlessPotion"},{"floor":44.0,"key":"CultistPotion"},{"floor":46.0,"key":"Ambrosia"},{"floor":48,"key":"Regen Potion"}],"is_trial":false,"path_per_floor":["M","?","$","M","?","R","E","R","T","M","M","M","M","M","R","B",null,"M","?","M","$","?","R","E","M","T","$","M","R","M","M","R","B",null,"M","M","M","M","M","R","$","R","T","E","?","M","?","M","R","B",null],"character_chosen":"WATCHER","items_purchased":["EmptyFist","Akabeko","Lantern","Consecrate","Singing Bowl","Adaptation","FollowUp","SandsOfTime"],"campfire_rested":1,"item_purchase_floors":[3,21,27,27,41,41,41,41],"current_hp_per_floor":[70,58,58,58,58,58,58,58,58,58,58,58,58,55,55,55,54,49,49,44,44,28,42,42,46,45,44,43,42,41,40,39,29,37,36,35,34,33,32,31,30,29,28,29,28,29,28,27,26,19],"gold":83,"neow_bonus":"","is_daily":true,"chose_seed":false,"campfire_upgraded":4,"win_rate":0.0,"timestamp":1613523114,"path_taken":["M","?","$","M","?","R","E","R","T","M","M","M","?","M","R","BOSS","M","?","M","$","?","R","E","M","T","?","M","R","M","M","R","BOSS","M","M","M","M","M","R","$","R","T","E","?","?","?","M","R","BOSS"],"items_purchased_type":["Card","Relic","Relic","Card","Relic","Card","Card","Card"],"build_version":"2020-12-22","purchased_purges":2,"victory":true,"max_hp_per_floor":[70,69,68,67,66,65,64,63,62,61,60,59,58,57,56,55,54,53,52,51,50,49,48,47,46,45,44,43,42,41,40,39,38,37,36,35,34,33,32,31,30,29,28,29,28,29,28,27,26,25],"relic_stats":{"Shovel":4,"Singing Bowl":4,"counters":[26,87],"Shuriken":[10],"Blue Candle":[0],"Necronomicon":[22],"Kunai":[41],"Letter Opener":[20],"Boot":[0],"obtain_stats":[{"Lantern":27,"Calipers":2,"Singing Bowl":41,"Blue Candle":42,"Omamori":17,"Letter Opener":26,"Frozen Egg 2":43,"Boot":49,"White Beast Statue":9,"Akabeko":21,"Old Coin":40,"Calling Bell":17,"SlaversCollar":34,"Shovel":17,"HornCleat":24,"Shuriken":44,"MutagenicStrength":19,"Necronomicon":22,"Kunai":17,"PureWater":0,"Toy Ornithopter":7,"FossilizedHelix":32},{"Lantern":13,"Calipers":1,"Singing Bowl":22,"Blue Candle":22,"Omamori":9,"Letter Opener":13,"Frozen Egg 2":22,"Boot":25,"White Beast Statue":3,"Akabeko":11,"Old Coin":22,"Calling Bell":9,"SlaversCollar":17,"Shovel":9,"HornCleat":12,"Shuriken":23,"MutagenicStrength":10,"Necronomicon":11,"Kunai":9,"PureWater":0,"Toy Ornithopter":3,"FossilizedHelix":16},{"Lantern":38,"Calipers":1,"Singing Bowl":71,"Blue Candle":71,"Omamori":26,"Letter Opener":38,"Frozen Egg 2":71,"Boot":82,"White Beast Statue":9,"Akabeko":32,"Old Coin":71,"Calling Bell":26,"SlaversCollar":51,"Shovel":26,"HornCleat":35,"Shuriken":75,"MutagenicStrength":29,"Necronomicon":32,"Kunai":26,"PureWater":0,"Toy Ornithopter":9,"FossilizedHelix":44}],"Toy Ornithopter":7},"card_choices":[{"not_picked":["DeceiveReality","Protect"],"picked":"Wallop","floor":1.0},{"not_picked":["Wireheading","Evaluate"],"picked":"BowlingBash","floor":4.0},{"not_picked":["Halt","Nirvana"],"picked":"Crescendo","floor":7.0},{"not_picked":["JustLucky","Pray"],"picked":"BowlingBash","floor":10.0},{"not_picked":["BowlingBash","JustLucky"],"picked":"FearNoEvil","floor":11.0},{"not_picked":["CarveReality","Weave"],"picked":"ClearTheMind","floor":12.0},{"not_picked":["FlyingSleeves","Vengeance"],"picked":"Brilliance","floor":13.0},{"not_picked":["ThirdEye","ForeignInfluence"],"picked":"CutThroughFate","floor":14.0},{"not_picked":["Scrawl","Devotion"],"picked":"Vault","floor":16.0},{"not_picked":["EmptyFist","Tantrum"],"picked":"BattleHymn+1","floor":18.0},{"not_picked":["DeceiveReality","Conclude"],"picked":"Consecrate","floor":20.0},{"not_picked":["FlurryOfBlows","Fasting2+1"],"picked":"Adaptation+1","floor":24.0},{"not_picked":["Evaluate","FlurryOfBlows","DeceiveReality"],"picked":"SKIP","floor":25.0},{"not_picked":["Wireheading","JustLucky"],"picked":"Tantrum","floor":28.0},{"not_picked":["Meditate","WreathOfFlame"],"picked":"Evaluate+1","floor":30.0},{"not_picked":["Swivel","Meditate+1"],"picked":"BattleHymn+1","floor":31.0},{"not_picked":["Ragnarok","Alpha"],"picked":"Vault","floor":33.0},{"not_picked":["Meditate","EmptyBody+1"],"picked":"CrushJoints+1","floor":35.0},{"not_picked":["Fasting2","ThirdEye"],"picked":"Protect","floor":36.0},{"not_picked":["WreathOfFlame","FlyingSleeves+1","Indignation"],"picked":"SKIP","floor":37.0},{"not_picked":["FlyingSleeves","CutThroughFate"],"picked":"Wallop","floor":38.0},{"not_picked":["PathToVictory+1","WheelKick+1","Evaluate"],"picked":"SKIP","floor":39.0},{"not_picked":["CrushJoints","Halt","ClearTheMind"],"picked":"Singing Bowl","floor":44.0},{"not_picked":["JustLucky","EmptyFist","SignatureMove+1"],"picked":"Singing Bowl","floor":46.0},{"not_picked":["ThirdEye+1","Sanctity+1"],"picked":"FollowUp+1","floor":48}],"player_experience":1904706,"relics_obtained":[{"floor":7.0,"key":"Toy Ornithopter"},{"floor":9.0,"key":"White Beast Statue"},{"floor":17.0,"key":"Omamori"},{"floor":17.0,"key":"Kunai"},{"floor":17.0,"key":"Shovel"},{"floor":22.0,"key":"Necronomicon"},{"floor":24.0,"key":"HornCleat"},{"floor":26.0,"key":"Letter Opener"},{"floor":32.0,"key":"FossilizedHelix"},{"floor":40.0,"key":"Old Coin"},{"floor":42.0,"key":"Blue Candle"},{"floor":43.0,"key":"Frozen Egg 2"},{"floor":44.0,"key":"Shuriken"},{"floor":49,"key":"Boot"}],"event_choices":[{"damage_healed":0.0,"max_hp_gain":0.0,"max_hp_loss":0.0,"gold_gain":0.0,"event_name":"Scrap Ooze","player_choice":"Success","floor":2.0,"gold_loss":0.0,"damage_taken":12.0,"relics_obtained":["Calipers"]},{"damage_healed":0.0,"max_hp_gain":0.0,"max_hp_loss":0.0,"gold_gain":0.0,"event_name":"Upgrade Shrine","player_choice":"Upgraded","floor":5.0,"gold_loss":0.0,"damage_taken":0.0,"cards_upgraded":["Eruption"]},{"damage_healed":0.0,"max_hp_gain":0.0,"max_hp_loss":0.0,"gold_gain":0.0,"event_name":"Drug Dealer","player_choice":"Inject Mutagens","floor":19.0,"gold_loss":0.0,"damage_taken":0.0,"relics_obtained":["MutagenicStrength"]},{"damage_healed":0.0,"max_hp_gain":0.0,"max_hp_loss":0.0,"gold_gain":0.0,"event_name":"Cursed Tome","player_choice":"Obtained Book","floor":22.0,"gold_loss":0.0,"damage_taken":16.0},{"damage_healed":0.0,"max_hp_gain":0.0,"max_hp_loss":0.0,"gold_gain":0.0,"event_name":"Upgrade Shrine","player_choice":"Upgraded","floor":45.0,"gold_loss":0.0,"damage_taken":0.0,"cards_upgraded":["Vault"]},{"damage_healed":0,"gold_gain":0,"player_choice":"Ignored","damage_taken":0,"max_hp_gain":0,"max_hp_loss":0,"event_name":"Mysterious Sphere","floor":47,"gold_loss":0}],"is_beta":false,"boss_relics":[{"not_picked":["Astrolabe","Snecko Eye"],"picked":"Calling Bell"},{"not_picked":["HolyWater","Runic Dome"],"picked":"SlaversCollar"}],"items_purged_floors":[21,41],"is_endless":false,"potions_floor_spawned":[1,10,11,12,13,14,16,18,20,24,25,28,30,31,33,35,36,37,38,39,44,46,48],"ascension_level":0}}