{"host":"oehe2dxjvdgux73m","time":1613573959,"event":{"mods":["AchievementEnabler","BaseMod","Colored Map","Colored Powertips","DeckTracker","Keyboard Shortcuts","Minty Spire (QoL Compilation)","Permanent Neow","Quick Restart","StSLib","SuperFastMode"],"gold_per_floor":[119,139,154,154,170,170,202,220,220,233,233,233],"floor_reached":11,"language":"KOR","playtime":169,"items_purged":[],"score":142,"play_id":"7cf6ca1d-56e1-4a60-8bfb-7602eeb1cf4a","local_time":"20210217235919","is_ascension_mode":true,"campfire_choices":[{"data":"Carnage","floor":6.0,"key":"SMITH"}],"circlet_count":0,"master_deck":["AscendersBane","Strike_R","Strike_R","Strike_R","Strike_R","Strike_R","Defend_R","Defend_R","Defend_R","Defend_R","Bash","Sword Boomerang+1","Wild Strike","Carnage+1","Burning Pact","Bloodletting"],"relics":["Burning Blood","Strawberry","MealTicket","Matryoshka"],"acts_visited":["Exordium"],"potions_floor_usage":[],"damage_taken":[{"damage":7.0,"enemies":"Cultist","floor":1.0,"turns":4.0},{"damage":7.0,"enemies":"Jaw Worm","floor":2.0,"turns":3.0},{"damage":7.0,"enemies":"Small Slimes","floor":3.0,"turns":3.0},{"damage":4.0,"enemies":"2 Fungi Beasts","floor":5.0,"turns":2.0},{"damage":40.0,"enemies":"3 Sentries","floor":7.0,"turns":7.0},{"damage":13.0,"enemies":"Red Slaver","floor":8.0,"turns":3.0},{"damage":7.0,"enemies":"Looter","floor":10.0,"turns":3.0},{"damage":46,"enemies":"Lagavulin","floor":11,"turns":5}],"seed_played":"6980647311933367498","potions_obtained":[{"floor":2.0,"key":"Explosive Potion"},{"floor":5.0,"key":"DistilledChaos"},{"floor":10.0,"key":"Dexterity Potion"}],"is_trial":false,"path_per_floor":["M","M","M","?","M","R","E","M","T","M","E"],"character_chosen":"IRONCLAD","items_purchased":[],"campfire_rested":0,"item_purchase_floors":[],"current_hp_per_floor":[74,73,72,72,74,74,40,33,33,32,0,0],"gold":233,"neow_bonus":"RANDOM_COMMON_RELIC","is_daily":false,"chose_seed":false,"campfire_upgraded":1,"win_rate":0.0,"timestamp":1613573959,"path_taken":["M","M","?","?","M","R","E","M","T","?","E"],"items_purchased_type":[],"build_version":"2020-12-22","purchased_purges":0,"victory":false,"max_hp_per_floor":[82,82,82,82,82,82,82,82,82,82,82,82],"card_choices":[{"not_picked":["Cleave","Warcry","Iron Wave"],"picked":"SKIP","floor":1.0},{"not_picked":["Havoc","Pummel"],"picked":"Sword Boomerang","floor":2.0},{"not_picked":["Dark Embrace","Combust"],"picked":"Wild Strike","floor":3.0},{"not_picked":["Havoc","Anger"],"picked":"Carnage","floor":5.0},{"not_picked":["Headbutt","Feel No Pain"],"picked":"Burning Pact","floor":7.0},{"not_picked":["Heavy Blade","Infernal Blade","Sword Boomerang"],"picked":"SKIP","floor":8.0},{"not_picked":["Rage","Combust"],"picked":"Bloodletting","floor":10.0}],"player_experience":472110,"relics_obtained":[{"floor":7.0,"key":"MealTicket"},{"floor":9.0,"key":"Matryoshka"}],"event_choices":[{"damage_healed":0.0,"max_hp_gain":0.0,"max_hp_loss":0.0,"gold_gain":0.0,"event_name":"Accursed Blacksmith","player_choice":"Forge","floor":4.0,"gold_loss":0.0,"damage_taken":0.0,"cards_upgraded":["Sword Boomerang"]}],"is_beta":false,"boss_relics":[],"items_purged_floors":[],"is_endless":false,"potions_floor_spawned":[2,5,10],"killed_by":"Lagavulin","ascension_level":17}}