{"host":"y76clbnovzmw9ubx","time":1613521578,"event":{"mods":["AchievementEnabler","BaseMod","Minty Spire (QoL Compilation)","Permanent Neow","Relic Stats"],"gold_per_floor":[110,130,140,140,152,177,177,192,192,202,212,63,63,73,73,147,147,147,147],"floor_reached":18,"language":"ENG","playtime":1437,"items_purged":["Strike_G"],"score":332,"play_id":"1baff5c2-df61-472e-b52c-451c35f52312","local_time":"20210216192618","is_ascension_mode":true,"campfire_choices":[{"data":"Bouncing Flask","floor":7,"key":"SMITH"},{"floor":13,"key":"REST"},{"floor":15,"key":"REST"}],"circlet_count":0,"master_deck":["AscendersBane","Strike_G","Strike_G","Strike_G","Strike_G","Defend_G","Defend_G","Defend_G","Defend_G","Defend_G","Survivor","Neutralize","Venomology","Predator","Poisoned Stab","Bouncing Flask+1","Dagger Throw","Caltrops","Caltrops","Deflect","Night Terror","Venomology","Die Die Die"],"relics":["Ring of the Snake","Bottled Flame","Paper Crane","Runic Pyramid"],"acts_visited":["Exordium","TheCity"],"potions_floor_usage":[6,6,8,10,11,16,16,16,16],"damage_taken":[{"damage":3,"enemies":"2 Louse","floor":1,"turns":5},{"damage":2,"enemies":"Small Slimes","floor":2,"turns":5},{"damage":1,"enemies":"Jaw Worm","floor":3,"turns":3},{"damage":4,"enemies":"Gremlin Gang","floor":5,"turns":6},{"damage":17,"enemies":"Lagavulin","floor":6,"turns":5},{"damage":14,"enemies":"Large Slime","floor":8,"turns":6},{"damage":7,"enemies":"Exordium Wildlife","floor":10,"turns":4},{"damage":4,"enemies":"Exordium Thugs","floor":11,"turns":3},{"damage":16,"enemies":"Red Slaver","floor":14,"turns":4},{"damage":14,"enemies":"Hexaghost","floor":16,"turns":9},{"damage":15,"enemies":"Shell Parasite","floor":18,"turns":4}],"seed_played":"3459533664517545885","potions_obtained":[{"floor":8,"key":"SkillPotion"}],"is_trial":false,"path_per_floor":["M","M","M","?","M","E","R","M","T","M","M","$","R","M","R","B",null,"M"],"character_chosen":"THE_SILENT","items_purchased":["Night Terror"],"campfire_rested":2,"item_purchase_floors":[12],"current_hp_per_floor":[56,54,53,53,49,32,32,18,18,11,7,7,25,9,27,13,48,33,33],"gold":147,"neow_bonus":"THREE_RARE_CARDS","is_daily":false,"chose_seed":false,"campfire_upgraded":1,"win_rate":0.0,"timestamp":1613521578,"path_taken":["M","M","M","?","M","E","R","M","T","M","M","$","R","M","R","BOSS","M"],"items_purchased_type":["Card"],"build_version":"2020-12-22","purchased_purges":1,"victory":false,"max_hp_per_floor":[60,60,60,60,60,60,60,60,60,60,60,60,60,60,60,60,60,60,60],"relic_stats":{"counters":[11,54],"obtain_stats":[{"Bottled Flame":6,"Paper Crane":9,"Ring of the Snake":0,"Runic Pyramid":17},{"Bottled Flame":5,"Paper Crane":6,"Ring of the Snake":0,"Runic Pyramid":10},{"Bottled Flame":24,"Paper Crane":30,"Ring of the Snake":0,"Runic Pyramid":50}],"Ring of the Snake":[22]},"card_choices":[{"not_picked":["Tools of the Trade","Unload"],"picked":"Venomology","floor":0},{"not_picked":["Underhanded Strike","Terror"],"picked":"Predator","floor":1},{"not_picked":["Flying Knee","Backflip"],"picked":"Poisoned Stab","floor":2},{"not_picked":["Dodge and Roll","Prepared"],"picked":"Bouncing Flask","floor":3},{"not_picked":["Cloak And Dagger","Deflect"],"picked":"Dagger Throw","floor":5},{"not_picked":["Backstab","Riddle With Holes"],"picked":"Caltrops","floor":6},{"not_picked":["Bane","Prepared"],"picked":"Caltrops","floor":8},{"not_picked":["Infinite Blades","Skewer"],"picked":"Deflect","floor":10},{"not_picked":["Underhanded Strike","Blade Dance","Flechettes"],"picked":"SKIP","floor":11},{"not_picked":["Crippling Poison","Dodge and Roll"],"picked":"Venomology","floor":14},{"not_picked":["Burst","Phantasmal Killer"],"picked":"Die Die Die","floor":16}],"player_experience":3251747,"relics_obtained":[{"floor":6,"key":"Bottled Flame"},{"floor":9,"key":"Paper Crane"}],"event_choices":[{"damage_healed":0,"gold_gain":0,"player_choice":"Ignored","damage_taken":0,"max_hp_gain":0,"max_hp_loss":0,"event_name":"Liars Game","floor":4,"gold_loss":0}],"is_beta":false,"boss_relics":[{"not_picked":["SlaversCollar","Sozu"],"picked":"Runic Pyramid"}],"items_purged_floors":[12],"is_endless":false,"potions_floor_spawned":[5,8,10],"killed_by":"Shell Parasite","ascension_level":20}}