{"host":"jfbo3eu2ui08ej1u","time":1613598979,"event":{"mods":["2.2 Compatiblity","AchievementEnabler","Act Like it!","Aspiration","BaseMod","Better Altar","Better Match","Better Note","Better Sensory Stone","Better Skull","Better Third Choice","Block Reminder","Colored Map","Colored Powertips","Conspire","DeckTracker","Displayed Cursed Tome","Energized Spire","Fox Events","GifTheSpireLib","Hermit","Hubris","Infinite Spire","Marked Mod","Minty Spire (QoL Compilation)","Monster B Gone","Pale of the Ancients","Poor People Problems","Quick Restart","Relic Filter","Reliquary","Reorder Act Four","Replay The Spire","Shop Mod","Spicy Shops","Spire Arcade","StSLib","Stuff the Spire","The Blue Laboratory","The Disciple","The Forsaken","The Hierophant","The Marked","Uncapped","Unceasing Turn Reminder","Wandering Minibosses"],"gold_per_floor":[116,132,59,69,82,82,115,115,115,115,115,115,115,131,131,131],"floor_reached":15,"language":"ENG","playtime":400,"items_purged":[],"score":190,"play_id":"a8800436-6ed2-4c0b-aa33-6202ca92a950","local_time":"20210217165619","is_ascension_mode":true,"campfire_choices":[{"data":"Replay:ManipulateFuture","floor":6,"key":"SMITH"},{"floor":8,"key":"REST"},{"data":"SashWhip","floor":13,"key":"SMITH"}],"circlet_count":0,"master_deck":["AscendersBane","Strike_P","Strike_P","Strike_P","Defend_P","Defend_P","Defend_P","Defend_P","Eruption","Vigilance","Collect","SashWhip+1","MarkedMod:OneThousandNeedles+1","EmptyBody","Replay:ManipulateFuture+1","EmptyBody","Replay:Anticipation"],"relics":["PureWater","InkBottle","StuffTheSpire:ForceGauntlet"],"acts_visited":["Exordium"],"potions_floor_usage":[7,15],"damage_taken":[{"damage":7.0,"enemies":"Cultist","floor":1.0,"turns":3.0},{"damage":0.0,"enemies":"Jaw Worm","floor":2.0,"turns":6.0},{"damage":7,"enemies":"Small Slimes","floor":4,"turns":4},{"damage":11,"enemies":"Red Slaver","floor":5,"turns":5},{"damage":27,"enemies":"Lagavulin","floor":7,"turns":6},{"damage":13,"enemies":"Large Slime","floor":14,"turns":6},{"damage":25,"enemies":"3 Sentries","floor":15,"turns":9}],"seed_played":"6448554819293053626","potions_obtained":[{"floor":1.0,"key":"blueLaboratory:FrostheartPotion"},{"floor":4,"key":"Swift Potion"}],"is_trial":false,"path_per_floor":["M","M","$","M","M","R","E","R","T","PTL","PTL","?","R","M","E"],"character_chosen":"WATCHER","items_purchased":["MarkedMod:OneThousandNeedles+1"],"campfire_rested":1,"item_purchase_floors":[3],"current_hp_per_floor":[60,60,60,53,42,42,15,37,37,37,37,37,37,24,0,0],"gold":131,"neow_bonus":"TEN_PERCENT_HP_BONUS","is_daily":false,"chose_seed":false,"campfire_upgraded":2,"win_rate":0.0,"timestamp":1613598979,"path_taken":["M","M","$","M","M","R","E","R","T","PTL","PTL","?","R","M","E"],"items_purchased_type":["Card"],"build_version":"2020-12-22","purchased_purges":0,"victory":false,"max_hp_per_floor":[74,74,74,74,74,74,74,74,74,74,74,74,74,74,74,74],"card_choices":[{"not_picked":["Evaluate","ReachHeaven"],"picked":"Collect","floor":1.0},{"not_picked":["ClearTheMind","Prostrate"],"picked":"SashWhip","floor":2.0},{"not_picked":["Crescendo","WheelKick"],"picked":"EmptyBody","floor":4},{"not_picked":["CutThroughFate","Consecrate"],"picked":"Replay:ManipulateFuture","floor":5},{"not_picked":["Replay:BluntJabs","EmptyBody","Crescendo"],"picked":"SKIP","floor":7},{"not_picked":["InnerPeace","Wallop"],"picked":"Replay:Anticipation","floor":14}],"player_experience":1335593,"relics_obtained":[{"floor":7,"key":"InkBottle"},{"floor":9,"key":"StuffTheSpire:ForceGauntlet"}],"event_choices":[{"damage_healed":0,"gold_gain":0,"cards_transformed":["Strike_P"],"player_choice":"Transformed","damage_taken":0,"max_hp_gain":0,"max_hp_loss":0,"event_name":"Transmorgrifier","floor":12,"gold_loss":0,"cards_obtained":["EmptyBody"]}],"is_beta":false,"boss_relics":[],"items_purged_floors":[],"is_endless":false,"potions_floor_spawned":[1,4],"killed_by":"3 Sentries","ascension_level":20}}