{"host":"zq15pup7vna0uxo1","time":1613579573,"event":{"mods":["BaseMod","Bestiary","Colored Map","Downfall","Infinite Spire","Minty Spire (QoL Compilation)","Replay The Spire","Robot Space Explorer","StSLib"],"gold_per_floor":[115,115,115,14,14,48,48,63,87,106,124,154,154,173,173,274,274,290,290,343,268,268,299,313,323,323,342,342,442,442,455,455,550,550,567,567,580,351,370,370,34,34,34,64,84,84,101,101,101,200,200,199,206,210,206,206,206,219,219,219,203,206,210,198,193,193,258,258,252,112,119,119,133,130,130,122,122,107,107,101,83,91,91,147,156,155,147,133,124,143,143,143,123,123,110,100,98,107,125,125,226,226,222,12,12,12,330,330,407,421,447,440,440,444,446,456,456,534,597,595,595,189,181,57,12,12],"floor_reached":125,"language":"ENG","playtime":8278,"items_purged":["RobotSpaceExplorer:Strike","RobotSpaceExplorer:Strike","RobotSpaceExplorer:DroneSwarm"],"score":1665,"play_id":"18f2d97d-96ad-40ce-9169-f5610940c8f3","local_time":"20210217173253","is_ascension_mode":false,"campfire_choices":[{"data":"RobotSpaceExplorer:Probe","floor":7,"key":"SMITH"},{"data":"RobotSpaceExplorer:TrailblazerForm","floor":13,"key":"SMITH"},{"floor":28,"key":"REST"},{"data":"RobotSpaceExplorer:Accelerator","floor":30,"key":"SMITH"},{"data":"RobotSpaceExplorer:PowerCollector","floor":32,"key":"SMITH"},{"data":"RobotSpaceExplorer:Fix","floor":40,"key":"SMITH"},{"data":"RobotSpaceExplorer:StarLightning","floor":42,"key":"SMITH"},{"data":"RobotSpaceExplorer:PowerGlove","floor":49,"key":"SMITH"},{"data":"RobotSpaceExplorer:ChargingLaser","floor":57,"key":"SMITH"},{"data":"RobotSpaceExplorer:Calculate","floor":59,"key":"SMITH"},{"data":"RobotSpaceExplorer:MiniBoosters","floor":66,"key":"SMITH"},{"data":"RobotSpaceExplorer:Multitool","floor":75,"key":"SMITH"},{"data":"RobotSpaceExplorer:ChargingLaser","floor":79,"key":"SMITH"},{"data":"infinitespire:Starlight","floor":83,"key":"SMITH"},{"data":"RobotSpaceExplorer:ImprovisedAttack","floor":91,"key":"SMITH"},{"floor":100,"key":"REST"},{"data":"RobotSpaceExplorer:Comet","floor":100,"key":"SMITH"},{"data":"RobotSpaceExplorer:FreezeRay","floor":108,"key":"SMITH"},{"data":"Pot Of Greed","floor":113,"key":"SMITH"},{"data":"RobotSpaceExplorer:GlueShot","floor":117,"key":"SMITH"}],"circlet_count":0,"master_deck":["RobotSpaceExplorer:Defend","RobotSpaceExplorer:Defend","RobotSpaceExplorer:Defend","RobotSpaceExplorer:Defend","RobotSpaceExplorer:Scan","RobotSpaceExplorer:MiniLasers","RobotSpaceExplorer:ImprovisedAttack+1","RobotSpaceExplorer:LuckyStrike+1","RobotSpaceExplorer:DoubleBlock","RobotSpaceExplorer:PowerGlove+1","RobotSpaceExplorer:TrailblazerForm+1","RobotSpaceExplorer:SurgingShield","RobotSpaceExplorer:PowerCollector+1","RobotSpaceExplorer:Accelerator+1","RobotSpaceExplorer:PlasmaMissile+1","infinitespire:Fortify","RobotSpaceExplorer:ScrapMissile+1","RobotSpaceExplorer:ImprovisedAttack+1","RobotSpaceExplorer:StarLightning+1","RobotSpaceExplorer:Fix+1","RobotSpaceExplorer:GlueShot+1","RobotSpaceExplorer:ToxicBomb+1","RobotSpaceExplorer:ScrapMissile+1","RobotSpaceExplorer:Blitz+1","RobotSpaceExplorer:ScrapShield","RobotSpaceExplorer:Probe+1","RobotSpaceExplorer:ShovelStrike+1","Replay:Dark Deal","RobotSpaceExplorer:Ammunition+1","RobotSpaceExplorer:LuckyStrike+1","RobotSpaceExplorer:ChargingLaser+1","infinitespire:Starlight+1","RobotSpaceExplorer:Calculate+1","RobotSpaceExplorer:Jetpack","RobotSpaceExplorer:MiniBoosters+1","RobotSpaceExplorer:ScrapToss","RobotSpaceExplorer:ChargingLaser+1","RobotSpaceExplorer:SwiftStep+1","RobotSpaceExplorer:DualCore+1","RobotSpaceExplorer:MakeshiftVolley","RobotSpaceExplorer:Multitool+1","RobotSpaceExplorer:JunkDive+1","RobotSpaceExplorer:Comet+1","infinitespire:Execution+1","RobotSpaceExplorer:IronShell+1","Madness","Madness","RobotSpaceExplorer:FreezeRay+1","CurseOfTheBell","Pot Of Greed+1","Pot Of Greed","Pot Of Greed","Pot Of Greed","Pot Of Greed","RobotSpaceExplorer:Counterblock"],"relics":["sneckomod:SneckoSoul","infinitespire:Cubic Diamond","Question Card","Simple Rune","Replay:WaspNest","Replay:Bronze Core","infinitespire:Blanks Blanky","BargainBundle","Blue Candle","White Beast Statue","SacredBark","ReplayFunnel","Pantograph","Potion Belt","Eternal Feather","Painkiller Herb","TungstenRod","Mirror","Iron Hammer","infinitespire:Satchel","Philosopher\u0027s Stone","MealTicket","Oddly Smooth Stone","Garlic","CeramicFish","Busted Crown","Pocketwatch","infinitespire:Magic Flask","Pet Ghost","Lantern","Golden Idol","Calling Bell","ReplayTheSpireMod:Lightbulb","The Courier","Old Coin","Grinning Jar","PreservedInsect","Omamori","Tiny House","Akabeko","infinitespire:EmpoweringShard","Gremlin Food"],"acts_visited":["Exordium","TheCity","TheBeyond","Exordium","TheCity","TheBeyond","Exordium","TheCity"],"potions_floor_usage":[11,12,12,16,33,33,33,35,39,44,45,50,64,65,67,71,74,81,84,84,84,84,88,88,89,97,97,101,125],"damage_taken":[{"damage":1,"enemies":"Cultist","floor":1,"turns":3},{"damage":47,"enemies":"Replay:BlueRogue","floor":6,"turns":11},{"damage":2,"enemies":"Jaw Worm","floor":8,"turns":3},{"damage":0,"enemies":"Small Slimes","floor":10,"turns":2},{"damage":13,"enemies":"Red Slaver","floor":11,"turns":3},{"damage":1,"enemies":"3 Sentries","floor":12,"turns":7},{"damage":6,"enemies":"Exordium Thugs","floor":14,"turns":6},{"damage":11,"enemies":"Fading Forest","floor":16,"turns":11},{"damage":14,"enemies":"3 Byrds","floor":18,"turns":5},{"damage":0,"enemies":"Replay:Snechameleon","floor":23,"turns":7},{"damage":4,"enemies":"2 Thieves","floor":24,"turns":5},{"damage":6,"enemies":"Centurion and Healer","floor":25,"turns":6},{"damage":10,"enemies":"Snake Plant","floor":27,"turns":5},{"damage":12,"enemies":"Chosen and Byrds","floor":31,"turns":5},{"damage":23,"enemies":"Automaton","floor":33,"turns":9},{"damage":24,"enemies":"3 Darklings","floor":35,"turns":7},{"damage":7,"enemies":"Orb Walker","floor":37,"turns":4},{"damage":14,"enemies":"Maw","floor":39,"turns":7},{"damage":0,"enemies":"Nightmare","floor":44,"turns":9},{"damage":21,"enemies":"Spire Growth","floor":45,"turns":5},{"damage":22,"enemies":"Jaw Worm Horde","floor":47,"turns":4},{"damage":14,"enemies":"Replay:Hell Engine","floor":50,"turns":8},{"damage":0,"enemies":"Cultist","floor":52,"turns":1},{"damage":0,"enemies":"2 Louse","floor":53,"turns":2},{"damage":4,"enemies":"Jaw Worm","floor":54,"turns":2},{"damage":4,"enemies":"Exordium Wildlife","floor":55,"turns":4},{"damage":8,"enemies":"Gremlin Nob","floor":58,"turns":4},{"damage":9,"enemies":"Large Slime","floor":61,"turns":4},{"damage":0,"enemies":"Blue Slaver","floor":62,"turns":2},{"damage":17,"enemies":"Lagavulin","floor":63,"turns":4},{"damage":0,"enemies":"Exordium Thugs","floor":64,"turns":5},{"damage":0,"enemies":"Looter","floor":65,"turns":1},{"damage":47,"enemies":"The Guardian","floor":67,"turns":7},{"damage":2,"enemies":"Chosen","floor":69,"turns":4},{"damage":4,"enemies":"3 Byrds","floor":71,"turns":2},{"damage":0,"enemies":"Sentry and Sphere","floor":73,"turns":1},{"damage":56,"enemies":"Slavers","floor":74,"turns":6},{"damage":0,"enemies":"Centurion and Healer","floor":76,"turns":4},{"damage":12,"enemies":"3 Cultists","floor":78,"turns":5},{"damage":0,"enemies":"Chosen and Byrds","floor":80,"turns":5},{"damage":31,"enemies":"Centurion and Healer","floor":81,"turns":5},{"damage":10,"enemies":"Book of Stabbing","floor":82,"turns":4},{"damage":38,"enemies":"Collector","floor":84,"turns":8},{"damage":13,"enemies":"Orb Walker","floor":86,"turns":3},{"damage":3,"enemies":"3 Shapes","floor":87,"turns":3},{"damage":0,"enemies":"Jaw Worm Horde","floor":88,"turns":3},{"damage":0,"enemies":"4 Shapes","floor":89,"turns":5},{"damage":0,"enemies":"Mind Bloom Boss Battle","floor":90,"turns":5},{"damage":52,"enemies":"Writhing Mass","floor":93,"turns":5},{"damage":0,"enemies":"3 Darklings","floor":95,"turns":4},{"damage":30,"enemies":"Transient","floor":96,"turns":3},{"damage":14,"enemies":"Spire Growth","floor":97,"turns":4},{"damage":0,"enemies":"Replay:Hell Engine","floor":101,"turns":1},{"damage":0,"enemies":"Jaw Worm","floor":103,"turns":3},{"damage":0,"enemies":"Nightmare","floor":109,"turns":1},{"damage":0,"enemies":"Cultist","floor":110,"turns":2},{"damage":0,"enemies":"Small Slimes","floor":112,"turns":3},{"damage":0,"enemies":"3 Louse","floor":114,"turns":2},{"damage":0,"enemies":"2 Fungi Beasts","floor":115,"turns":3},{"damage":0,"enemies":"Lagavulin","floor":116,"turns":3},{"damage":8,"enemies":"Slime Boss","floor":118,"turns":5},{"damage":0,"enemies":"3 Byrds","floor":120,"turns":3},{"damage":0,"enemies":"Shell Parasite","floor":123,"turns":3},{"damage":103,"enemies":"Nightmare","floor":125,"turns":4}],"seed_played":"6099555907571362432","potions_obtained":[{"floor":8,"key":"Reflective Coating"},{"floor":10,"key":"Dexterity Potion"},{"floor":11,"key":"Regen Potion"},{"floor":12,"key":"Energy Potion"},{"floor":18,"key":"Guardian:BlockOnCardUsePotion"},{"floor":20,"key":"Death Potion"},{"floor":24,"key":"Doom Potion"},{"floor":27,"key":"Venom Potion"},{"floor":33,"key":"infinitespire:BlackPotion"},{"floor":35,"key":"DistilledChaos"},{"floor":37,"key":"Block Potion"},{"floor":39,"key":"bronze:BurnAndBuffPotion"},{"floor":44,"key":"Regen Potion"},{"floor":45,"key":"Elixir"},{"floor":47,"key":"Block Potion"},{"floor":50,"key":"Dexterity Potion"},{"floor":52,"key":"GamblersBrew"},{"floor":53,"key":"Doom Potion"},{"floor":62,"key":"LiquidBronze"},{"floor":64,"key":"Slimebound:ThreeZeroPotion"},{"floor":65,"key":"BlessingOfTheForge"},{"floor":67,"key":"LiquidMemories"},{"floor":71,"key":"Guardian:BlockOnCardUsePotion"},{"floor":74,"key":"Elixir"},{"floor":76,"key":"Explosive Potion"},{"floor":78,"key":"EssenceOfSteel"},{"floor":80,"key":"LifebloodPotion"},{"floor":81,"key":"Dexterity Potion"},{"floor":84,"key":"sneckomod:MuddlingPotion"},{"floor":86,"key":"LifebloodPotion"},{"floor":87,"key":"RobotSpaceExplorer:RecyclePotion"},{"floor":88,"key":"RobotSpaceExplorer:RecyclePotion"},{"floor":89,"key":"DuplicationPotion"},{"floor":90,"key":"DuplicationPotion"},{"floor":93,"key":"Swift Potion"},{"floor":95,"key":"RobotSpaceExplorer:RecyclePotion"},{"floor":97,"key":"LifebloodPotion"},{"floor":101,"key":"LiquidBronze"},{"floor":103,"key":"Milkshake"},{"floor":118,"key":"RobotSpaceExplorer:PlasmaFlask"}],"is_trial":false,"path_per_floor":["M","?","?","$","?","E","R","M","T","M","M","E","R","M","R_BF","B",null,"M","?","?","?","AVR","E","M","M","T","M","R","?","R","M","R","B",null,"M","?","M","$","M","R","$","R","T","NM","M","?","M","?","R","B",null,"?","?","?","?","AVR","T","E","T","T","?","?","E","?","?","T","B",null,"?","T","?","AVR","?","E","T","?","T","?","T","?","?","E","T","B",null,"?","?","?","?","?","T","?","?","T","?","?","?","AVR","?","T","B",null,"?","T","?","?","AVR","T","NM","?","T","?","T","?","?","E","T","B",null,"?","?","T","?","T","NM"],"character_chosen":"RobotSpaceExplorer","items_purchased":["RobotSpaceExplorer:LuckyStrike+1","RobotSpaceExplorer:Probe","ReplayFunnel","Pantograph","RobotSpaceExplorer:ScrapShield","RobotSpaceExplorer:SwiftStep+1","Lantern","RobotSpaceExplorer:FreezeRay","Akabeko","infinitespire:EmpoweringShard","Gremlin Food"],"campfire_rested":2,"item_purchase_floors":[4,4,38,41,41,70,104,104,122,122,124],"current_hp_per_floor":[81,81,81,81,81,34,34,32,32,32,19,33,33,27,27,36,82,68,48,48,48,48,48,44,38,38,32,71,71,71,63,63,44,82,62,62,55,55,45,45,45,45,45,51,66,66,44,44,62,74,82,82,82,78,74,74,82,75,82,82,73,79,65,81,81,82,51,82,80,80,76,76,76,30,54,54,54,72,82,82,61,51,75,65,82,69,79,79,79,82,82,82,51,51,57,48,49,49,40,82,82,82,82,82,63,63,63,82,82,82,82,82,82,82,82,82,82,74,87,87,87,87,87,87,0,0],"gold":12,"neow_bonus":"TEN_PERCENT_HP_BONUS","is_daily":false,"chose_seed":false,"campfire_upgraded":18,"win_rate":0.0,"timestamp":1613579573,"path_taken":["M","?","?","$","?","E","R","?","T","M","M","E","R","M","R_BF","BOSS","M","?","?","?","AVR","E","M","?","T","M","R","?","R","?","R","BOSS","M","?","M","$","M","R","$","R","T","NM","M","?","M","?","R","BOSS","?","?","?","?","AVR","T","E","T","T","?","?","E","?","?","T","BOSS","?","T","?","AVR","?","E","T","?","T","?","T","?","?","E","T","BOSS","?","?","?","?","?","T","?","?","T","?","?","?","AVR","?","T","BOSS","?","T","?","?","AVR","T","NM","?","T","?","T","?","?","E","T","BOSS","?","?","T","?","T","NM"],"items_purchased_type":["Card","Card","Relic","Relic","Card","Card","Relic","Card","Relic","Relic","Relic"],"build_version":"2020-12-22","purchased_purges":3,"victory":false,"max_hp_per_floor":[82,82,82,82,82,82,82,82,82,82,82,82,82,82,82,82,82,82,82,82,82,82,82,82,82,82,82,82,82,82,82,82,82,82,82,82,82,82,82,82,82,82,82,82,82,82,82,82,82,82,82,82,82,82,82,82,82,82,82,82,82,82,82,82,82,82,82,82,82,82,82,82,82,82,82,82,82,82,82,82,82,82,82,82,82,82,82,82,82,82,82,82,82,82,82,82,82,82,82,82,82,82,82,82,82,82,82,82,82,82,82,82,82,82,82,82,82,82,87,87,87,87,87,87,87,87],"card_choices":[{"not_picked":["RobotSpaceExplorer:RigExplosive","RobotSpaceExplorer:ScrapShield"],"picked":"RobotSpaceExplorer:ImprovisedAttack","floor":1},{"not_picked":["RobotSpaceExplorer:GlueSpray","RobotSpaceExplorer:BigMissile"],"picked":"RobotSpaceExplorer:DoubleBlock","floor":6},{"not_picked":["RobotSpaceExplorer:Probe","RobotSpaceExplorer:ImprovisedAttack","RobotSpaceExplorer:FranticSearch"],"picked":"RobotSpaceExplorer:PowerGlove","floor":8},{"not_picked":["RobotSpaceExplorer:ScrapMissile","RobotSpaceExplorer:ToxicBomb","RobotSpaceExplorer:Ammunition"],"picked":"RobotSpaceExplorer:TrailblazerForm","floor":10},{"not_picked":["RobotSpaceExplorer:BigMissile","RobotSpaceExplorer:MiniDrones","RobotSpaceExplorer:Smokescreen"],"picked":"RobotSpaceExplorer:SurgingShield","floor":11},{"not_picked":["RobotSpaceExplorer:TurboDodge","RobotSpaceExplorer:Probe","RobotSpaceExplorer:ToxicBomb"],"picked":"RobotSpaceExplorer:PowerCollector","floor":12},{"not_picked":["RobotSpaceExplorer:PowerCollector","RobotSpaceExplorer:SelfCleaning","RobotSpaceExplorer:DoubleBlock","RobotSpaceExplorer:Electroshield"],"picked":"SKIP","floor":14},{"not_picked":["RobotSpaceExplorer:Exploration","RobotSpaceExplorer:Wormhole","RobotSpaceExplorer:HighVoltage"],"picked":"RobotSpaceExplorer:Accelerator","floor":16},{"not_picked":["RobotSpaceExplorer:ScrapMissile","RobotSpaceExplorer:FranticSearch","RobotSpaceExplorer:Electropulse+1"],"picked":"RobotSpaceExplorer:PlasmaMissile+1","floor":18},{"not_picked":["infinitespire:Oblivion","infinitespire:FinalStrike"],"picked":"infinitespire:Fortify","floor":19},{"not_picked":["RobotSpaceExplorer:DoubleFind","RobotSpaceExplorer:LaserBurst","RobotSpaceExplorer:DualCore"],"picked":"RobotSpaceExplorer:ScrapMissile","floor":20},{"not_picked":["RobotSpaceExplorer:DualCore+1","RobotSpaceExplorer:SwiftStep","RobotSpaceExplorer:SurgingStrike+1"],"picked":"RobotSpaceExplorer:ImprovisedAttack+1","floor":20},{"not_picked":["RobotSpaceExplorer:GlueShot","RobotSpaceExplorer:SurgingShield","RobotSpaceExplorer:MetalStrike+1","RobotSpaceExplorer:FrostMissile"],"picked":"SKIP","floor":23},{"not_picked":["RobotSpaceExplorer:GlueShot","RobotSpaceExplorer:SurgingShield","RobotSpaceExplorer:MetalStrike+1","RobotSpaceExplorer:FrostMissile"],"picked":"SKIP","floor":23},{"not_picked":["RobotSpaceExplorer:Electropulse+1","RobotSpaceExplorer:ShockKick","RobotSpaceExplorer:ShovelStrike"],"picked":"RobotSpaceExplorer:StarLightning","floor":24},{"not_picked":["RobotSpaceExplorer:Probe","RobotSpaceExplorer:TurboDodge","RobotSpaceExplorer:ExhaustFan+1"],"picked":"RobotSpaceExplorer:Fix","floor":25},{"not_picked":["RobotSpaceExplorer:Pulsar","RobotSpaceExplorer:BlastShield","RobotSpaceExplorer:LaserBurst","RobotSpaceExplorer:GearShield"],"picked":"SKIP","floor":27},{"not_picked":["RobotSpaceExplorer:MetalStrike","RobotSpaceExplorer:FreezeRay","RobotSpaceExplorer:Pulsar+1"],"picked":"RobotSpaceExplorer:GlueShot","floor":31},{"not_picked":["RobotSpaceExplorer:Asteroid","RobotSpaceExplorer:HighVoltage","RobotSpaceExplorer:Autoloader"],"picked":"RobotSpaceExplorer:DroneSwarm","floor":33},{"not_picked":["RobotSpaceExplorer:SlimeMissile","RobotSpaceExplorer:Pulsar+1","RobotSpaceExplorer:SwiftStep"],"picked":"RobotSpaceExplorer:ToxicBomb+1","floor":35},{"not_picked":["RobotSpaceExplorer:GearShield","RobotSpaceExplorer:GlueSpray","RobotSpaceExplorer:StunGrenade"],"picked":"RobotSpaceExplorer:ScrapMissile+1","floor":37},{"not_picked":["RobotSpaceExplorer:ShockKick","RobotSpaceExplorer:PowerCollector","RobotSpaceExplorer:TrailblazerForm"],"picked":"RobotSpaceExplorer:Blitz+1","floor":39},{"not_picked":["RobotSpaceExplorer:PowerGlove","RobotSpaceExplorer:GlueShot+1","RobotSpaceExplorer:Discharger"],"picked":"RobotSpaceExplorer:Probe+1","floor":44},{"not_picked":["RobotSpaceExplorer:FranticSearch","RobotSpaceExplorer:Probe","RobotSpaceExplorer:SurgingStrike+1"],"picked":"RobotSpaceExplorer:ShovelStrike+1","floor":45},{"not_picked":["Sadistic Nature","Enlightenment","Transmutation"],"picked":"Replay:Dark Deal","floor":46},{"not_picked":["RobotSpaceExplorer:SlimeMissile+1","RobotSpaceExplorer:SwiftStep+1","RobotSpaceExplorer:Probe"],"picked":"RobotSpaceExplorer:Ammunition+1","floor":47},{"not_picked":["RobotSpaceExplorer:Explosion","RobotSpaceExplorer:Scanner","RobotSpaceExplorer:DroneSwarm"],"picked":"RobotSpaceExplorer:ChargingLaser","floor":50},{"not_picked":["RobotSpaceExplorer:SurgingShield","RobotSpaceExplorer:BigMissile","RobotSpaceExplorer:Counterblock","RobotSpaceExplorer:ScrapMissile"],"picked":"SKIP","floor":52},{"not_picked":["RobotSpaceExplorer:SlimeMissile","RobotSpaceExplorer:Counterblock","RobotSpaceExplorer:TurboDodge","RobotSpaceExplorer:StarDust"],"picked":"SKIP","floor":53},{"not_picked":["RobotSpaceExplorer:MiniDrones","RobotSpaceExplorer:Ammunition","RobotSpaceExplorer:ScrapToss","RobotSpaceExplorer:StarDust"],"picked":"SKIP","floor":54},{"not_picked":["RobotSpaceExplorer:Electroshield","RobotSpaceExplorer:MiniDrones","RobotSpaceExplorer:SurgingShield","RobotSpaceExplorer:PowerGlove"],"picked":"SKIP","floor":55},{"not_picked":["RobotSpaceExplorer:ImprovisedAttack","RobotSpaceExplorer:FranticSearch","RobotSpaceExplorer:StarDust"],"picked":"RobotSpaceExplorer:Calculate","floor":58},{"not_picked":["RobotSpaceExplorer:SwiftStep","RobotSpaceExplorer:Pulsar","RobotSpaceExplorer:ShovelStrike"],"picked":"RobotSpaceExplorer:Jetpack","floor":61},{"not_picked":["RobotSpaceExplorer:FranticSearch","RobotSpaceExplorer:GlueShot","RobotSpaceExplorer:ScrapToss"],"picked":"RobotSpaceExplorer:MiniBoosters","floor":62},{"not_picked":["RobotSpaceExplorer:Probe","RobotSpaceExplorer:DoubleFind","RobotSpaceExplorer:PowerGlove","RobotSpaceExplorer:ImprovisedAttack"],"picked":"SKIP","floor":63},{"not_picked":["RobotSpaceExplorer:LaserBurst","RobotSpaceExplorer:FreezingShield","RobotSpaceExplorer:DualCore","RobotSpaceExplorer:BigMissile"],"picked":"SKIP","floor":64},{"not_picked":["RobotSpaceExplorer:ScrapShield","RobotSpaceExplorer:Discharger","RobotSpaceExplorer:SurgingStrike"],"picked":"RobotSpaceExplorer:ScrapToss","floor":65},{"not_picked":["RobotSpaceExplorer:HighVoltage","RobotSpaceExplorer:Wormhole","RobotSpaceExplorer:Asteroid"],"picked":"RobotSpaceExplorer:ChargingLaser","floor":67},{"not_picked":["RobotSpaceExplorer:ScrapMissile","RobotSpaceExplorer:PowerCollector","RobotSpaceExplorer:ShockKick+1","RobotSpaceExplorer:FranticSearch+1"],"picked":"SKIP","floor":69},{"not_picked":["RobotSpaceExplorer:Ammunition","RobotSpaceExplorer:ShovelStrike+1","RobotSpaceExplorer:RigExplosive+1"],"picked":"RobotSpaceExplorer:DualCore","floor":71},{"not_picked":["RobotSpaceExplorer:Pulsar+1","RobotSpaceExplorer:Ammunition","RobotSpaceExplorer:Accelerator"],"picked":"RobotSpaceExplorer:MakeshiftVolley","floor":73},{"not_picked":["RobotSpaceExplorer:ScrapMissile","RobotSpaceExplorer:MetalStrike","RobotSpaceExplorer:ImprovisedAttack"],"picked":"RobotSpaceExplorer:Multitool","floor":74},{"not_picked":["RobotSpaceExplorer:FranticSearch","RobotSpaceExplorer:Blitz","RobotSpaceExplorer:MiniBoosters+1","RobotSpaceExplorer:SwiftStep"],"picked":"SKIP","floor":76},{"not_picked":["RobotSpaceExplorer:PowerCollector","RobotSpaceExplorer:ScrapMissile","RobotSpaceExplorer:ShockKick","RobotSpaceExplorer:FrostMissile+1"],"picked":"SKIP","floor":78},{"not_picked":["RobotSpaceExplorer:PowerCollector","RobotSpaceExplorer:ScrapMissile","RobotSpaceExplorer:ShockKick","RobotSpaceExplorer:FrostMissile+1"],"picked":"SKIP","floor":78},{"not_picked":["RobotSpaceExplorer:MetalStrike","RobotSpaceExplorer:ImprovisedAttack","RobotSpaceExplorer:StunGrenade"],"picked":"RobotSpaceExplorer:JunkDive+1","floor":80},{"not_picked":["RobotSpaceExplorer:ShovelStrike","RobotSpaceExplorer:FranticSearch+1","RobotSpaceExplorer:ImprovisedAttack","RobotSpaceExplorer:Multitool"],"picked":"SKIP","floor":81},{"not_picked":["RobotSpaceExplorer:ShockKick","RobotSpaceExplorer:Probe","RobotSpaceExplorer:StarDust","RobotSpaceExplorer:BigMissile"],"picked":"SKIP","floor":82},{"not_picked":["RobotSpaceExplorer:DroneSwarm","RobotSpaceExplorer:BlastShield","RobotSpaceExplorer:Explosion"],"picked":"RobotSpaceExplorer:Comet","floor":84},{"not_picked":["infinitespire:UltimateForm","ReplayTheSpireMod:Book of Names"],"picked":"infinitespire:Execution","floor":85},{"not_picked":["RobotSpaceExplorer:Counterblock","RobotSpaceExplorer:ShovelStrike"],"picked":"SKIP","floor":86},{"not_picked":["RobotSpaceExplorer:ScrapToss","RobotSpaceExplorer:GlueShot"],"picked":"SKIP","floor":87},{"not_picked":["RobotSpaceExplorer:ImprovisedAttack","RobotSpaceExplorer:SwiftStep+1"],"picked":"SKIP","floor":88},{"not_picked":["RobotSpaceExplorer:SlimeMissile+1","RobotSpaceExplorer:StunGrenade"],"picked":"SKIP","floor":89},{"not_picked":["RobotSpaceExplorer:PowerGlove","RobotSpaceExplorer:ScrapToss+1"],"picked":"SKIP","floor":93},{"not_picked":["RobotSpaceExplorer:DualCore+1","RobotSpaceExplorer:ExhaustFan"],"picked":"SKIP","floor":95},{"not_picked":["RobotSpaceExplorer:ImprovisedAttack+1","RobotSpaceExplorer:SlimeMissile+1"],"picked":"SKIP","floor":96},{"not_picked":["RobotSpaceExplorer:ImprovisedAttack+1","RobotSpaceExplorer:SlimeMissile+1"],"picked":"SKIP","floor":96},{"not_picked":["RobotSpaceExplorer:Counterblock+1"],"picked":"RobotSpaceExplorer:IronShell+1","floor":97},{"not_picked":["RobotSpaceExplorer:MakeshiftVolley","RobotSpaceExplorer:MiniDrones"],"picked":"SKIP","floor":103},{"not_picked":["RobotSpaceExplorer:Discharger","RobotSpaceExplorer:IronShell"],"picked":"SKIP","floor":109},{"not_picked":["RobotSpaceExplorer:Jetpack"],"picked":"RobotSpaceExplorer:Counterblock","floor":110},{"not_picked":["RobotSpaceExplorer:SurgingShield","RobotSpaceExplorer:SelfCleaning"],"picked":"SKIP","floor":112},{"not_picked":["RobotSpaceExplorer:DoubleFind","RobotSpaceExplorer:ChargingLaser"],"picked":"SKIP","floor":114},{"not_picked":["RobotSpaceExplorer:Ammunition","RobotSpaceExplorer:GlueShot"],"picked":"SKIP","floor":115},{"not_picked":["RobotSpaceExplorer:FrostMissile","RobotSpaceExplorer:MetalStrike"],"picked":"SKIP","floor":116},{"not_picked":["RobotSpaceExplorer:SurgingStrike","RobotSpaceExplorer:Ammunition+1"],"picked":"SKIP","floor":120},{"not_picked":["RobotSpaceExplorer:Probe","RobotSpaceExplorer:JunkDive+1"],"picked":"SKIP","floor":123}],"player_experience":1201762,"relics_obtained":[{"floor":6,"key":"Question Card"},{"floor":9,"key":"Simple Rune"},{"floor":12,"key":"Replay:WaspNest"},{"floor":20,"key":"Regal Pillow"},{"floor":23,"key":"Blue Candle"},{"floor":26,"key":"White Beast Statue"},{"floor":43,"key":"Potion Belt"},{"floor":44,"key":"Eternal Feather"},{"floor":58,"key":"Mirror"},{"floor":60,"key":"Iron Hammer"},{"floor":63,"key":"infinitespire:Satchel"},{"floor":74,"key":"Oddly Smooth Stone"},{"floor":77,"key":"Garlic"},{"floor":82,"key":"CeramicFish"},{"floor":90,"key":"Pocketwatch"},{"floor":94,"key":"infinitespire:Magic Flask"},{"floor":107,"key":"ReplayTheSpireMod:Lightbulb"},{"floor":107,"key":"The Courier"},{"floor":107,"key":"Old Coin"},{"floor":109,"key":"Grinning Jar"},{"floor":111,"key":"PreservedInsect"},{"floor":116,"key":"Omamori"}],"event_choices":[{"damage_healed":0,"gold_gain":0,"player_choice":"Ignored","damage_taken":0,"max_hp_gain":0,"max_hp_loss":0,"event_name":"NoteForYourself","floor":5,"gold_loss":0},{"cards_removed":["RobotSpaceExplorer:Strike"],"damage_healed":0,"gold_gain":0,"player_choice":"Purged","damage_taken":0,"max_hp_gain":0,"max_hp_loss":0,"event_name":"Purifier","floor":15,"gold_loss":0},{"cards_removed":["RobotSpaceExplorer:Strike"],"damage_healed":0,"gold_gain":0,"player_choice":"Gave Gold","damage_taken":0,"max_hp_gain":0,"max_hp_loss":0,"event_name":"Beggar","floor":21,"gold_loss":75},{"damage_healed":0,"gold_gain":100,"player_choice":"Pray","damage_taken":0,"max_hp_gain":0,"max_hp_loss":0,"event_name":"Golden Shrine","floor":29,"gold_loss":0},{"cards_removed":["RobotSpaceExplorer:Probe"],"damage_healed":0,"gold_gain":0,"player_choice":"Removed Attack","damage_taken":0,"max_hp_gain":0,"max_hp_loss":0,"event_name":"Falling","floor":36,"gold_loss":0},{"damage_healed":0,"gold_gain":0,"player_choice":"Memory 1","damage_taken":0,"max_hp_gain":0,"max_hp_loss":0,"event_name":"SensoryStone","floor":46,"gold_loss":0},{"damage_healed":0,"gold_gain":0,"player_choice":"Copied","damage_taken":0,"max_hp_gain":0,"max_hp_loss":0,"event_name":"Duplicator","floor":48,"gold_loss":0,"cards_obtained":["RobotSpaceExplorer:LuckyStrike"]},{"damage_healed":0,"gold_gain":0,"player_choice":"Fight","damage_taken":0,"max_hp_gain":0,"max_hp_loss":0,"event_name":"MindBloom","floor":90,"gold_loss":0},{"damage_healed":0,"gold_gain":0,"player_choice":"Upgraded","damage_taken":0,"max_hp_gain":0,"max_hp_loss":0,"event_name":"Upgrade Shrine","floor":92,"gold_loss":0,"cards_upgraded":["RobotSpaceExplorer:ScrapMissile"]},{"damage_healed":0,"gold_gain":0,"player_choice":"Embrace Madness","damage_taken":10,"max_hp_gain":0,"max_hp_loss":0,"event_name":"Winding Halls","floor":99,"gold_loss":0,"cards_obtained":["Madness","Madness"]},{"damage_healed":0,"gold_gain":0,"player_choice":"Take Damage","damage_taken":20,"relics_obtained":["Golden Idol"],"max_hp_gain":0,"max_hp_loss":0,"event_name":"Golden Idol","floor":105,"gold_loss":0},{"damage_healed":0,"gold_gain":0,"player_choice":"Forge","damage_taken":0,"max_hp_gain":0,"max_hp_loss":0,"event_name":"Accursed Blacksmith","floor":121,"gold_loss":0,"cards_upgraded":["RobotSpaceExplorer:DualCore"]}],"is_beta":false,"boss_relics":[{"not_picked":["Calling Bell","Runic Pyramid"],"picked":"Replay:Bronze Core"},{"not_picked":["Coffee Dripper","Abe\u0027s Treasure"],"picked":"SacredBark"},{"not_picked":["Pandora\u0027s Box","Busted Crown"],"picked":"Painkiller Herb"},{"not_picked":["Velvet Choker","Coffee Dripper"],"picked":"Philosopher\u0027s Stone"},{"not_picked":["infinitespire:Cupcake","Sozu"],"picked":"Busted Crown"},{"not_picked":[]},{"not_picked":["Runic Dome","Replay:Ancient Bell"],"picked":"Tiny House"}],"items_purged_floors":[38,70,122],"is_endless":true,"potions_floor_spawned":[8,10,11,12,18,24,27,31,33,35,37,39,44,45,47,50,52,53,54,55,58,61,62,63,64,65,67,69,71,73,74,76,78,80,81,82,84,86,87,88,89,90,93,95,96,97,101,103,109,110,112,114,115,116,118,120,123],"killed_by":"Nightmare","ascension_level":0}}