{"host":"5agrj1fd4s00r127","time":1613550477,"event":{"mods":["BaseMod","Minty Spire (QoL Compilation)","StSLib"],"gold_per_floor":[119,119,69,88,113,149,149,0,27,27,50,50,83,106,106,227,227,245,245,265,265,285,285,320,320,371,391,411,435,515,535,535,535,535],"floor_reached":33,"language":"RUS","playtime":1437,"items_purged":["Strike_B"],"score":279,"play_id":"30a34b22-09b4-43a7-805f-60272c7a8a12","local_time":"20210217102757","is_ascension_mode":false,"campfire_choices":[{"data":"Redo","floor":7,"key":"SMITH"},{"data":"Zap","floor":10,"key":"SMITH"},{"data":"Dualcast","floor":12,"key":"SMITH"},{"floor":15,"key":"REST"},{"floor":23,"key":"REST"},{"floor":25,"key":"REST"},{"data":"Thunder Strike","floor":32,"key":"SMITH"}],"circlet_count":0,"master_deck":["Strike_B","Strike_B","Defend_B","Defend_B","Defend_B+1","Zap+1","Dualcast+1","Auto Shields","Redo+1","Undo","Turbo+1","Sweeping Beam","Electrodynamics","Ball Lightning","Steam Power","Thunder Strike+1","Reprogram","Cold Snap","Melter","Conserve Battery+1","Doom and Gloom+1","Storm","Redo+1"],"relics":["Cracked Core","Golden Idol","Ancient Tea Set","War Paint","Bottled Tornado","Inserter","Nilry\u0027s Codex","Blood Vial","Bag of Marbles","Toxic Egg 2"],"acts_visited":["Exordium","TheCity"],"potions_floor_usage":[6,33,33,33],"damage_taken":[{"damage":0,"enemies":"2 Louse","floor":1,"turns":2},{"damage":2,"enemies":"Jaw Worm","floor":4,"turns":3},{"damage":5,"enemies":"Small Slimes","floor":5,"turns":3},{"damage":7,"enemies":"Gremlin Nob","floor":6,"turns":3},{"damage":12,"enemies":"Blue Slaver","floor":11,"turns":2},{"damage":15,"enemies":"Lagavulin","floor":13,"turns":4},{"damage":0,"enemies":"Exordium Wildlife","floor":14,"turns":2},{"damage":52,"enemies":"The Guardian","floor":16,"turns":10},{"damage":10,"enemies":"Spheric Guardian","floor":18,"turns":4},{"damage":9,"enemies":"Shell Parasite","floor":20,"turns":7},{"damage":0,"enemies":"3 Cultists","floor":22,"turns":2},{"damage":25,"enemies":"Gremlin Leader","floor":24,"turns":5},{"damage":2,"enemies":"Cultist and Chosen","floor":27,"turns":4},{"damage":11,"enemies":"Shelled Parasite and Fungi","floor":28,"turns":5},{"damage":0,"enemies":"3 Cultists","floor":29,"turns":2},{"damage":8,"enemies":"Cultist and Chosen","floor":31,"turns":4},{"damage":64,"enemies":"Champ","floor":33,"turns":10}],"seed_played":"-6356173021313974688","potions_obtained":[{"floor":5,"key":"AttackPotion"},{"floor":11,"key":"Explosive Potion"},{"floor":13,"key":"Ancient Potion"},{"floor":22,"key":"PotionOfCapacity"},{"floor":28,"key":"SkillPotion"}],"is_trial":false,"path_per_floor":["M","?","?","M","M","E","R","$","T","R","M","R","E","M","R","B",null,"M","?","M","?","M","R","E","R","T","M","M","M","T","M","R","B"],"character_chosen":"DEFECT","items_purchased":["Electrodynamics"],"campfire_rested":3,"item_purchase_floors":[8],"current_hp_per_floor":[75,75,75,73,68,61,61,61,61,61,49,49,34,34,56,4,75,65,49,40,40,40,62,37,59,59,59,50,52,52,46,46,0,0],"gold":535,"neow_bonus":"TRANSFORM_CARD","is_daily":false,"chose_seed":false,"campfire_upgraded":4,"win_rate":0.0,"timestamp":1613550477,"path_taken":["M","?","?","M","M","E","R","$","T","R","M","R","E","M","R","BOSS","M","?","M","?","M","R","E","R","T","M","M","M","?","M","R","BOSS"],"items_purchased_type":["Card"],"build_version":"2020-12-22","purchased_purges":1,"victory":false,"max_hp_per_floor":[75,75,75,75,75,75,75,75,75,75,75,75,75,75,75,75,75,75,75,75,75,75,75,75,75,75,75,75,75,75,75,75,75,75],"card_choices":[{"not_picked":["Darkness","Gash"],"picked":"Redo","floor":1},{"not_picked":["Stack","Double Energy"],"picked":"Undo","floor":4},{"not_picked":["Cold Snap","Reinforced Body"],"picked":"Turbo","floor":5},{"not_picked":["Auto Shields","Beam Cell"],"picked":"Sweeping Beam","floor":6},{"not_picked":["Turbo","Defragment"],"picked":"Ball Lightning","floor":11},{"not_picked":["Chaos","Creative AI"],"picked":"Steam Power","floor":13},{"not_picked":["Go for the Eyes","Gash","Undo"],"picked":"SKIP","floor":14},{"not_picked":["Reboot","All For One"],"picked":"Thunder Strike","floor":16},{"not_picked":["Streamline","Leap"],"picked":"Reprogram","floor":18},{"not_picked":["Hologram+1","Barrage"],"picked":"Cold Snap","floor":20},{"not_picked":["Sweeping Beam+1","Undo+1","Rebound"],"picked":"SKIP","floor":22},{"not_picked":["Hologram","Force Field"],"picked":"Melter","floor":24},{"not_picked":["Steam","Streamline"],"picked":"Conserve Battery+1","floor":27},{"not_picked":["Go for the Eyes","Reboot"],"picked":"Doom and Gloom+1","floor":28},{"not_picked":["Stack+1","Go for the Eyes"],"picked":"Storm","floor":29},{"not_picked":["Barrage+1","Gash"],"picked":"Redo+1","floor":31}],"player_experience":20474,"relics_obtained":[{"floor":6,"key":"Ancient Tea Set"},{"floor":9,"key":"War Paint"},{"floor":13,"key":"Bottled Tornado"},{"floor":19,"key":"Nilry\u0027s Codex"},{"floor":24,"key":"Blood Vial"},{"floor":26,"key":"Bag of Marbles"},{"floor":30,"key":"Toxic Egg 2"}],"event_choices":[{"damage_healed":0,"gold_gain":0,"player_choice":"Take Wound","damage_taken":0,"relics_obtained":["Golden Idol"],"max_hp_gain":0,"max_hp_loss":0,"event_name":"Golden Idol","floor":2,"gold_loss":0,"cards_obtained":["Injury"]},{"cards_removed":["Defend_B"],"damage_healed":0,"gold_gain":0,"player_choice":"Card Removal","damage_taken":0,"max_hp_gain":0,"max_hp_loss":0,"event_name":"The Cleric","floor":3,"gold_loss":50},{"damage_healed":0,"gold_gain":0,"player_choice":"Obtained Book","damage_taken":16,"max_hp_gain":0,"max_hp_loss":0,"event_name":"Cursed Tome","floor":19,"gold_loss":0},{"cards_removed":["Injury"],"damage_healed":0,"gold_gain":0,"player_choice":"Elegance","damage_taken":0,"max_hp_gain":0,"max_hp_loss":0,"event_name":"Back to Basics","floor":21,"gold_loss":0}],"is_beta":false,"boss_relics":[{"not_picked":["Astrolabe","Cursed Key"],"picked":"Inserter"}],"items_purged_floors":[8],"is_endless":false,"potions_floor_spawned":[5,11,13,22,28,29],"killed_by":"Champ","ascension_level":0}}