{"host":"tzwikg9s6mkzv6w0","time":1613572839,"event":{"mods":["BaseMod","Good Game Mod","Minty Spire (QoL Compilation)","Spicy Shops","StSLib"],"gold_per_floor":[117,117,117,47,58,58,101,101,183,218,230,279,320,358,370,469,481,512,524,548,560,572,621,633,682,694,407,407,407,322,342,342,427,427,454,354,367,367,367,404,404,435,461,186,200,243,68,86,86,86,86,86,86,114,114],"floor_reached":56,"language":"ZHS","playtime":2250,"items_purged":["Strike_G","Strike_G","Strike_G","Strike_G","Defend_G"],"score":2124,"play_id":"b890c03a-872e-4128-a88c-603d4b90658e","local_time":"20210217224039","is_ascension_mode":true,"campfire_choices":[{"data":"Apotheosis","floor":6.0,"key":"SMITH"},{"floor":8.0,"key":"REST"},{"floor":11.0,"key":"REST"},{"data":"Calculated Gamble","floor":15.0,"key":"SMITH"},{"floor":24.0,"key":"RECALL"},{"data":"Accuracy","floor":29.0,"key":"SMITH"},{"data":"Tools of the Trade","floor":32.0,"key":"SMITH"},{"floor":41.0,"key":"REST"},{"floor":49,"key":"REST"},{"floor":52,"key":"REST"}],"circlet_count":0,"master_deck":["AscendersBane","Defend_G","Defend_G","Defend_G","Survivor","Neutralize","Apotheosis+1","Tactician","Accuracy+1","Tools of the Trade+1","Prepared","Calculated Gamble+1","Adrenaline","Terror","Well Laid Plans+1","Blade Dance","Acrobatics+1","Phantasmal Killer","Reflex+1","Expertise","After Image+1","Madness","Madness"],"relics":["Ring of the Serpent","REME:ComplimentaryCards","Eternal Feather","WingedGreaves","CeramicFish","Frozen Egg 2","MawBank","Pantograph","Du-Vu Doll","Anchor","Juzu Bracelet","Ancient Tea Set","Lantern","Medical Kit","Mango","Fusion Hammer","Strawberry","InkBottle","Tough Bandages"],"acts_visited":["Exordium","TheCity","TheBeyond","TheEnding"],"potions_floor_usage":[55,55],"damage_taken":[{"damage":5.0,"enemies":"2 Louse","floor":1.0,"turns":5.0},{"damage":1.0,"enemies":"Jaw Worm","floor":5.0,"turns":6.0},{"damage":39.0,"enemies":"3 Sentries","floor":7.0,"turns":16.0},{"damage":35.0,"enemies":"Gremlin Nob","floor":10.0,"turns":6.0},{"damage":20.0,"enemies":"3 Sentries","floor":12.0,"turns":10.0},{"damage":2.0,"enemies":"Cultist","floor":13.0,"turns":4.0},{"damage":8.0,"enemies":"3 Louse","floor":14.0,"turns":6.0},{"damage":35.0,"enemies":"The Guardian","floor":16.0,"turns":15.0},{"damage":1.0,"enemies":"Chosen","floor":18.0,"turns":6.0},{"damage":9.0,"enemies":"Shell Parasite","floor":20.0,"turns":4.0},{"damage":18.0,"enemies":"Gremlin Leader","floor":23.0,"turns":7.0},{"damage":21.0,"enemies":"Book of Stabbing","floor":25.0,"turns":7.0},{"damage":10.0,"enemies":"Snecko","floor":31.0,"turns":4.0},{"damage":15.0,"enemies":"Champ","floor":33.0,"turns":5.0},{"damage":5.0,"enemies":"Orb Walker","floor":35.0,"turns":4.0},{"damage":1.0,"enemies":"3 Shapes","floor":37.0,"turns":3.0},{"damage":14.0,"enemies":"Nemesis","floor":40.0,"turns":3.0},{"damage":0.0,"enemies":"Giant Head","floor":42.0,"turns":2.0},{"damage":0,"enemies":"Maw","floor":45,"turns":2},{"damage":0,"enemies":"Reptomancer","floor":46,"turns":2},{"damage":7,"enemies":"Time Eater","floor":50,"turns":8},{"damage":0,"enemies":"Shield and Spear","floor":54,"turns":2},{"damage":24,"enemies":"The Heart","floor":55,"turns":5}],"seed_played":"2460762991260706439","potions_obtained":[{"floor":7.0,"key":"LiquidBronze"},{"floor":10.0,"key":"BlessingOfTheForge"},{"floor":14.0,"key":"Ancient Potion"},{"floor":23.0,"key":"Regen Potion"},{"floor":31.0,"key":"PowerPotion"}],"is_trial":false,"path_per_floor":["M","?","T","?","M","R","E","R","T","E","R","E","M","M","R","B",null,"M","?","M","?","T","E","R","E","T","$","?","R","?","M","R","B",null,"M","$","M","?","?","E","R","E","T","$","M","E","$","?","R","B",null,"R","$","E","B",null],"character_chosen":"THE_SILENT","items_purchased":["Lantern","Medical Kit"],"campfire_rested":5,"item_purchase_floors":[27,27],"current_hp_per_floor":[40,45,45,45,44,50,11,42,42,7,38,18,16,8,17,7,58,57,57,48,34,34,16,28,7,7,7,7,19,33,35,47,57,85,80,80,79,79,79,72,101,101,101,101,101,101,101,88,101,94,99,101,101,101,77],"gold":114,"neow_bonus":"REMOVE_TWO","is_daily":false,"chose_seed":false,"campfire_upgraded":4,"win_rate":0.0,"timestamp":1613572839,"path_taken":["M","?","?","?","M","R","E","R","T","E","R","E","M","M","R","BOSS","M","?","M","?","?","E","R","E","T","$","?","R","?","M","R","BOSS","M","$","M","?","?","E","R","E","T","$","M","E","$","?","R","BOSS","R","$","E","BOSS"],"items_purchased_type":["Relic","Relic"],"build_version":"2020-12-22","purchased_purges":5,"victory":true,"max_hp_per_floor":[70,75,75,75,75,75,75,75,75,75,75,75,75,75,75,75,75,75,75,75,80,80,80,80,80,80,80,80,80,94,94,94,94,94,94,94,94,94,94,101,101,101,101,101,101,101,101,101,101,101,101,101,101,101,101],"card_choices":[{"not_picked":["Backflip","Dodge and Roll"],"picked":"Tactician","floor":1.0},{"not_picked":["Dagger Spray","Underhanded Strike"],"picked":"Accuracy","floor":5.0},{"not_picked":["Dodge and Roll","Storm of Steel"],"picked":"Tools of the Trade","floor":7.0},{"not_picked":["Deadly Poison","Blur","Catalyst"],"picked":"SKIP","floor":10.0},{"not_picked":["PiercingWail","Flechettes"],"picked":"Prepared","floor":12.0},{"not_picked":["Setup","Quick Slash"],"picked":"Calculated Gamble","floor":13.0},{"not_picked":["Dodge and Roll","Riddle With Holes","Underhanded Strike"],"picked":"SKIP","floor":14.0},{"not_picked":["Dodge and Roll","Riddle With Holes"],"picked":"Underhanded Strike","floor":14.0},{"not_picked":["Unload","Malaise"],"picked":"Adrenaline","floor":16.0},{"not_picked":["Caltrops+1","Quick Slash"],"picked":"Terror","floor":18.0},{"not_picked":["Outmaneuver","Slice","Infinite Blades+1"],"picked":"SKIP","floor":20.0},{"not_picked":["Dagger Throw","PiercingWail"],"picked":"Well Laid Plans+1","floor":23.0},{"not_picked":["Dagger Spray","Reflex"],"picked":"Blade Dance","floor":25.0},{"not_picked":["Flying Knee","Blur"],"picked":"Acrobatics","floor":31.0},{"not_picked":["Die Die Die","Storm of Steel"],"picked":"Phantasmal Killer","floor":33.0},{"not_picked":["Dagger Throw","Quick Slash"],"picked":"Reflex+1","floor":35.0},{"not_picked":["Deflect","Underhanded Strike","Bane"],"picked":"SKIP","floor":37.0},{"not_picked":["Dodge and Roll","Deadly Poison"],"picked":"Expertise","floor":40.0},{"not_picked":["Endless Agony","Prepared","Flying Knee"],"picked":"SKIP","floor":42.0},{"not_picked":["Distraction","Underhanded Strike+1","Tactician"],"picked":"SKIP","floor":45},{"not_picked":["Quick Slash","Sucker Punch"],"picked":"After Image+1","floor":46},{"not_picked":["Blur","Deadly Poison+1","Noxious Fumes+1"],"picked":"SKIP","floor":54}],"player_experience":127965,"relics_obtained":[{"floor":3.0,"key":"Eternal Feather"},{"floor":7.0,"key":"CeramicFish"},{"floor":9.0,"key":"Frozen Egg 2"},{"floor":10.0,"key":"MawBank"},{"floor":12.0,"key":"Pantograph"},{"floor":22.0,"key":"Du-Vu Doll"},{"floor":23.0,"key":"Anchor"},{"floor":25.0,"key":"Juzu Bracelet"},{"floor":26.0,"key":"Ancient Tea Set"},{"floor":40.0,"key":"Strawberry"},{"floor":46,"key":"InkBottle"},{"floor":54,"key":"Tough Bandages"}],"event_choices":[{"damage_healed":0.0,"max_hp_gain":5.0,"max_hp_loss":0.0,"gold_gain":0.0,"event_name":"Big Fish","player_choice":"Donut","floor":2.0,"gold_loss":0.0,"damage_taken":0.0},{"damage_healed":0.0,"max_hp_gain":0.0,"max_hp_loss":0.0,"gold_gain":0.0,"event_name":"WeMeetAgain","player_choice":"Paid Gold","floor":4.0,"gold_loss":70.0,"damage_taken":0.0,"relics_obtained":["WingedGreaves"]},{"damage_healed":0.0,"max_hp_gain":0.0,"max_hp_loss":0.0,"gold_gain":0.0,"event_name":"Cursed Tome","player_choice":"Ignored","floor":19.0,"gold_loss":0.0,"damage_taken":0.0},{"damage_healed":0.0,"max_hp_gain":5.0,"max_hp_loss":0.0,"gold_gain":0.0,"event_name":"Forgotten Altar","player_choice":"Shed Blood","floor":21.0,"gold_loss":0.0,"damage_taken":19.0},{"damage_healed":0.0,"max_hp_gain":0.0,"max_hp_loss":0.0,"gold_gain":0.0,"event_name":"Vampires","player_choice":"Ignored","floor":28.0,"gold_loss":0.0,"damage_taken":0.0},{"damage_healed":0.0,"max_hp_gain":0.0,"max_hp_loss":0.0,"gold_gain":0.0,"event_name":"Addict","player_choice":"Obtained Relic","floor":30.0,"gold_loss":85.0,"damage_taken":0.0,"relics_obtained":["Mango"]},{"damage_healed":0.0,"max_hp_gain":0.0,"max_hp_loss":0.0,"gold_gain":0.0,"event_name":"Upgrade Shrine","player_choice":"Upgraded","floor":38.0,"gold_loss":0.0,"damage_taken":0.0,"cards_upgraded":["Acrobatics"]},{"cards_removed":["Underhanded Strike"],"damage_healed":0.0,"max_hp_gain":0.0,"max_hp_loss":0.0,"gold_gain":0.0,"event_name":"Falling","player_choice":"Removed Attack","floor":39.0,"gold_loss":0.0,"damage_taken":0.0},{"damage_healed":0,"gold_gain":0,"player_choice":"Embrace Madness","damage_taken":13,"max_hp_gain":0,"max_hp_loss":0,"event_name":"Winding Halls","floor":48,"gold_loss":0,"cards_obtained":["Madness","Madness"]}],"is_beta":false,"boss_relics":[{"not_picked":["Runic Dome","Pandora\u0027s Box"],"picked":"Ring of the Serpent"},{"not_picked":["SacredBark","Busted Crown"],"picked":"Fusion Hammer"}],"items_purged_floors":[27,36,44,44,47],"is_endless":false,"potions_floor_spawned":[7,10,14,23,25,31,37,42,45],"ascension_level":13}}