{"host":"fdip6nj211smoxvi","time":1613583777,"event":{"mods":["BaseMod","BetterRewards","Colored Map","Downfall","Hermit","Minty Spire (QoL Compilation)","Shop Mod","StSLib","The Hierophant","The Servant 0.9.4"],"gold_per_floor":[111,27,27,44,59,89,89,50,50,68,82,117,3,32,32,130,130,143,143,143,143,143,171,171,171,171,171,206,206,59,90,90,187,187,198,198,198,198,3,3,33,33,33,33,46,46,80,110,122,134],"floor_reached":51,"language":"DEU","playtime":2020,"items_purged":["Strike_R"],"score":1087,"play_id":"aea5dd93-a7be-4898-b9f6-047789ad47f0","local_time":"20210217184257","is_ascension_mode":true,"campfire_choices":[{"data":"Flex","floor":7,"key":"SMITH"},{"data":"Flex","floor":15,"key":"SMITH"},{"floor":24,"key":"REST"},{"floor":25,"key":"REST"},{"data":"Demon Form","floor":27,"key":"SMITH"},{"floor":32,"key":"REST"},{"data":"Uppercut","floor":40,"key":"SMITH"},{"floor":42,"key":"REST"},{"floor":49,"key":"REST"}],"circlet_count":0,"master_deck":["Strike_R+1","Strike_R+1","Strike_R+1","Defend_R+1","Defend_R+1","Defend_R+1","Defend_R+1","Bash","Flex+1","Pummel","Flex+1","Shrug It Off","Wild Strike","Burning Pact","Spot Weakness","Pommel Strike","Whirlwind","Uppercut+1","Demon Form+1","Offering","Whirlwind","Necronomicurse","Flex+1","Rampage","True Grit+1","Fiend Fire","Clothesline+1","Flex+1","Inflame+1","Impervious+1","Deep Breath+1","Shockwave+1","Impervious+1","Battle Trance+1"],"relics":["Burning Blood","Question Card","Unceasing Top","Bag of Marbles","Champion Belt","Juzu Bracelet","Black Star","Necronomicon","Bronze Scales","Boot","WingedGreaves","White Beast Statue","Dream Catcher","Toxic Egg 2","Orichalcum","Red Skull","Potion Belt","Mark of Pain","Nunchaku","Ice Cream","Gremlin Horn","Blood Vial","Regal Pillow","MawBank"],"acts_visited":["Exordium","TheCity","TheBeyond"],"potions_floor_usage":[6,12,18,31,31,41,45,50,50],"damage_taken":[{"damage":10,"enemies":"Small Slimes","floor":1,"turns":4},{"damage":2,"enemies":"Jaw Worm","floor":4,"turns":3},{"damage":8,"enemies":"2 Louse","floor":5,"turns":4},{"damage":10,"enemies":"Gremlin Nob","floor":6,"turns":3},{"damage":3,"enemies":"Looter","floor":10,"turns":2},{"damage":5,"enemies":"2 Fungi Beasts","floor":11,"turns":3},{"damage":23,"enemies":"3 Sentries","floor":12,"turns":6},{"damage":9,"enemies":"Gremlin Nob","floor":14,"turns":3},{"damage":28,"enemies":"Slime Boss","floor":16,"turns":4},{"damage":33,"enemies":"Shell Parasite","floor":18,"turns":5},{"damage":43,"enemies":"Book of Stabbing","floor":23,"turns":4},{"damage":12,"enemies":"Gremlin Leader","floor":28,"turns":3},{"damage":13,"enemies":"Book of Stabbing","floor":31,"turns":3},{"damage":38,"enemies":"Automaton","floor":33,"turns":6},{"damage":6,"enemies":"3 Darklings","floor":35,"turns":1},{"damage":34,"enemies":"Reptomancer","floor":41,"turns":4},{"damage":36,"enemies":"3 Shapes","floor":45,"turns":2},{"damage":10,"enemies":"Giant Head","floor":47,"turns":5},{"damage":6,"enemies":"Maw","floor":48,"turns":1},{"damage":70,"enemies":"Donu and Deca","floor":50,"turns":5}],"seed_played":"7820260333033006355","potions_obtained":[{"floor":1,"key":"Strength Potion"},{"floor":6,"key":"ElixirPotion"},{"floor":10,"key":"BloodPotion"},{"floor":11,"key":"Guardian:BlockOnCardUsePotion"},{"floor":23,"key":"ElixirPotion"},{"floor":28,"key":"Block Potion"},{"floor":31,"key":"bronze:BurnAndBuffPotion"},{"floor":33,"key":"hexamod:SoulburnPotion"},{"floor":35,"key":"Energy Potion"},{"floor":41,"key":"ElixirPotion"},{"floor":45,"key":"Energy Potion"},{"floor":47,"key":"DuplicationPotion"},{"floor":48,"key":"champ:CounterPotion"}],"is_trial":false,"path_per_floor":["M","$","?","M","M","E","R","?","T","M","M","E","$","E","R","B",null,"M","?","T","$","?","E","R","R","T","R","E","?","$","E","R","B",null,"M","?","?","?","$","R","E","R","T","?","M","?","E","M","R","B",null],"character_chosen":"IRONCLAD","items_purchased":["Pummel","Flex","Uppercut","Orichalcum","Flex+1","Nunchaku"],"campfire_rested":5,"item_purchase_floors":[2,2,13,30,39,39],"current_hp_per_floor":[76,76,73,77,75,71,71,71,71,74,75,58,58,55,55,33,74,64,48,48,48,48,11,37,63,63,63,57,57,57,50,76,44,77,77,69,69,69,69,69,41,67,67,67,39,39,37,39,80,18],"gold":146,"neow_bonus":"TEN_PERCENT_HP_BONUS","is_daily":false,"chose_seed":false,"campfire_upgraded":4,"win_rate":0.0,"timestamp":1613583777,"path_taken":["M","$","?","M","M","E","R","?","T","M","M","E","$","E","R","BOSS","M","?","?","$","?","E","R","R","T","R","E","?","$","E","R","BOSS","M","?","?","?","$","R","E","R","T","?","M","?","E","M","R","BOSS"],"items_purchased_type":["Card","Card","Card","Relic","Card","Relic"],"build_version":"2020-12-22","purchased_purges":1,"victory":true,"max_hp_per_floor":[88,88,88,88,88,88,88,88,88,88,88,88,88,88,88,88,88,88,88,88,88,88,88,88,88,88,88,88,88,88,88,88,88,88,88,88,88,88,88,88,88,88,88,88,88,88,88,88,88,88],"card_choices":[{"not_picked":["Pummel","Searing Blow"],"picked":"Flex","floor":1},{"not_picked":["Dropkick","Havoc","Bloodletting"],"picked":"Shrug It Off","floor":4},{"not_picked":["Perfected Strike","Double Tap","Body Slam"],"picked":"Wild Strike","floor":5},{"not_picked":["Reckless Charge","Warcry","Intimidate"],"picked":"Burning Pact","floor":6},{"not_picked":["Flex","Dual Wield","Dark Embrace"],"picked":"Spot Weakness","floor":10},{"not_picked":["Havoc","Shrug It Off","Shockwave"],"picked":"Pommel Strike","floor":11},{"not_picked":["Pummel","Body Slam","Feel No Pain"],"picked":"Whirlwind","floor":12},{"not_picked":["Headbutt","Inflame","Perfected Strike"],"picked":"Demon Form","floor":14},{"not_picked":["Juggernaut","Barricade","Bludgeon"],"picked":"Offering","floor":16},{"not_picked":["True Grit","Pummel","Wild Strike+1"],"picked":"Whirlwind","floor":18},{"not_picked":["Sword Boomerang+1","Combust","Evolve"],"picked":"Flex+1","floor":23},{"not_picked":["Reckless Charge","Pommel Strike","Clash"],"picked":"Rampage","floor":28},{"not_picked":["Headbutt+1","Ghostly Armor+1","Anger"],"picked":"True Grit+1","floor":31},{"not_picked":["Demon Form","Brutality","Barricade"],"picked":"Fiend Fire","floor":33},{"not_picked":["Perfected Strike+1","Clash+1","Iron Wave"],"picked":"Clothesline+1","floor":35},{"not_picked":["Pummel+1","Intimidate+1","Body Slam+1"],"picked":"Inflame+1","floor":41},{"not_picked":["Warcry+1","Cleave","Headbutt"],"picked":"Shockwave+1","floor":45},{"not_picked":["Iron Wave+1","Spot Weakness+1","Clothesline+1"],"picked":"Impervious+1","floor":47},{"not_picked":["Body Slam","Shockwave+1","Twin Strike"],"picked":"Battle Trance+1","floor":48}],"player_experience":276031,"relics_obtained":[{"floor":6,"key":"Unceasing Top"},{"floor":9,"key":"Bag of Marbles"},{"floor":12,"key":"Champion Belt"},{"floor":14,"key":"Juzu Bracelet"},{"floor":19,"key":"Necronomicon"},{"floor":20,"key":"Bronze Scales"},{"floor":23,"key":"Boot"},{"floor":23,"key":"WingedGreaves"},{"floor":26,"key":"White Beast Statue"},{"floor":28,"key":"Dream Catcher"},{"floor":28,"key":"Toxic Egg 2"},{"floor":31,"key":"Red Skull"},{"floor":31,"key":"Potion Belt"},{"floor":41,"key":"Ice Cream"},{"floor":41,"key":"Gremlin Horn"},{"floor":43,"key":"Blood Vial"},{"floor":47,"key":"Regal Pillow"},{"floor":47,"key":"MawBank"}],"event_choices":[{"damage_healed":0,"gold_gain":0,"player_choice":"Success","damage_taken":3,"relics_obtained":["Question Card"],"max_hp_gain":0,"max_hp_loss":0,"event_name":"Scrap Ooze","floor":3,"gold_loss":0},{"damage_healed":0,"gold_gain":0,"player_choice":"Left Gold","damage_taken":0,"max_hp_gain":0,"max_hp_loss":0,"event_name":"World of Goop","floor":8,"gold_loss":39},{"damage_healed":0,"gold_gain":0,"player_choice":"Obtained Book","damage_taken":16,"max_hp_gain":0,"max_hp_loss":0,"event_name":"Cursed Tome","floor":19,"gold_loss":0},{"damage_healed":0,"gold_gain":0,"player_choice":"Simplicity","damage_taken":0,"max_hp_gain":0,"max_hp_loss":0,"event_name":"Back to Basics","floor":22,"gold_loss":0,"cards_upgraded":["Strike_R","Strike_R","Strike_R","Strike_R","Defend_R","Defend_R","Defend_R","Defend_R"]},{"damage_healed":0,"gold_gain":0,"player_choice":"Ignored","damage_taken":0,"max_hp_gain":0,"max_hp_loss":0,"event_name":"Beggar","floor":29,"gold_loss":0},{"damage_healed":0,"gold_gain":0,"player_choice":"Damaged","damage_taken":8,"max_hp_gain":0,"max_hp_loss":0,"event_name":"Wheel of Change","floor":36,"gold_loss":0},{"cards_removed":["Strike_R"],"damage_healed":0,"gold_gain":0,"player_choice":"Purged","damage_taken":0,"max_hp_gain":0,"max_hp_loss":0,"event_name":"Purifier","floor":37,"gold_loss":0},{"damage_healed":0,"gold_gain":0,"player_choice":"Ignored","damage_taken":0,"max_hp_gain":0,"max_hp_loss":0,"event_name":"Tomb of Lord Red Mask","floor":38,"gold_loss":0},{"damage_healed":0,"gold_gain":0,"player_choice":"2 cards matched","damage_taken":0,"max_hp_gain":0,"max_hp_loss":0,"event_name":"Match and Keep!","floor":44,"gold_loss":0,"cards_obtained":["Impervious","Deep Breath"]},{"damage_healed":0,"gold_gain":0,"player_choice":"Ignored","damage_taken":0,"max_hp_gain":0,"max_hp_loss":0,"event_name":"The Moai Head","floor":46,"gold_loss":0}],"is_beta":false,"boss_relics":[{"not_picked":["SacredBark","SlaversCollar"],"picked":"Black Star"},{"not_picked":["Cursed Key","Pandora\u0027s Box"],"picked":"Mark of Pain"}],"items_purged_floors":[13],"is_endless":false,"potions_floor_spawned":[1,6,10,11,23,28,31,33,35,41,45,47,48],"ascension_level":8}}