{"host":"t6ymvmylm64dh6ds","time":1613535675,"event":{"mods":["BaseMod","Downfall","Minty Spire (QoL Compilation)","StSLib"],"gold_per_floor":[99,116,216,236,236,136,136,236,236,255,255,290,302,315,335,436,436,436,452,465,465,465,465],"floor_reached":21,"language":"ENG","playtime":1182,"items_purged":[],"score":181,"play_id":"a787de3a-60c0-4794-9ea7-56678bc3b665","local_time":"20210216232115","is_ascension_mode":false,"campfire_choices":[{"floor":1,"key":"RECALL"},{"data":"Slimebound:Repurpose","floor":6,"key":"SMITH"},{"data":"Slimebound:ItLooksTasty","floor":9,"key":"SMITH"},{"data":"Slimebound:SplitAcid","floor":11,"key":"SMITH"},{"data":"Slimebound:OneTwoCombo","floor":18,"key":"SMITH"}],"circlet_count":0,"master_deck":["Slimebound:Strike_Slimebound","Slimebound:Strike_Slimebound+1","Slimebound:Strike_Slimebound","Slimebound:Tackle","Slimebound:Defend_Slimebound","Slimebound:Defend_Slimebound+1","Slimebound:Defend_Slimebound","Slimebound:Defend_Slimebound","Slimebound:Split+1","Slimebound:CorrosiveSpit","Slimebound:ItLooksTasty+1","Slimebound:Repurpose+1","downfall:Malfunctioning","Slimebound:SplitAcid+1","Slimebound:OneTwoCombo+1","Slimebound:SplitMire","Slimebound:SplitAcid","Slimebound:SplitBruiser","Slimebound:MassRepurpose","Slimebound:Schlurp"],"relics":["Slimebound:AbsorbEndCombat","downfall:HeartBlessingRed","Bottled Flame","Sundial","Black Star"],"acts_visited":["Exordium","TheCity"],"potions_floor_usage":[],"damage_taken":[{"damage":7,"enemies":"Small Slimes","floor":2,"turns":5},{"damage":0,"enemies":"Cultist","floor":4,"turns":3},{"damage":6,"enemies":"Jaw Worm","floor":10,"turns":3},{"damage":34,"enemies":"Gremlin Nob","floor":12,"turns":4},{"damage":2,"enemies":"downfall:LooterAlt","floor":13,"turns":2},{"damage":6,"enemies":"Exordium Wildlife","floor":14,"turns":3},{"damage":10,"enemies":"Lots of Slimes","floor":15,"turns":2},{"damage":40,"enemies":"WA_ARCHETYPE_RETAIN","floor":16,"turns":6},{"damage":25,"enemies":"downfall:LooterAlt2","floor":19,"turns":3},{"damage":32,"enemies":"3 Byrds","floor":20,"turns":4},{"damage":31,"enemies":"Shelled Parasite and Fungi","floor":21,"turns":3}],"seed_played":"-3050345540445045907","potions_obtained":[{"floor":10,"key":"FairyPotion"},{"floor":12,"key":"Slimebound:ThreeZeroPotion"},{"floor":13,"key":"CultistPotion"},{"floor":16,"key":"champ:CounterPotion"}],"is_trial":false,"path_per_floor":["R","M","?","M","?","R","T","?","R","M","R","E","M","M","M","B",null,"R","M","M","M"],"character_chosen":"SLIMEBOUND","items_purchased":[],"campfire_rested":0,"item_purchase_floors":[],"current_hp_per_floor":[71,68,68,71,71,71,71,71,71,67,67,35,33,33,25,23,71,71,50,22,0,0,0],"gold":465,"neow_bonus":"TEN_PERCENT_HP_BONUS","is_daily":false,"chose_seed":false,"campfire_upgraded":4,"win_rate":0.0,"timestamp":1613535675,"path_taken":["R","M","?","?","?","R","T","?","R","M","R","E","M","M","M","BOSS","R","M","M","M"],"items_purchased_type":[],"build_version":"2020-12-22","purchased_purges":0,"victory":false,"max_hp_per_floor":[71,71,71,71,71,71,71,71,71,71,71,71,71,71,71,71,71,71,71,71,71,71,71],"card_choices":[{"not_picked":["Slimebound:PressTheAttack","Slimebound:BestDefense"],"picked":"Slimebound:ItLooksTasty","floor":2},{"not_picked":["Slimebound:ViciousTackle","Slimebound:SlimeTap"],"picked":"Slimebound:Repurpose","floor":4},{"not_picked":["Slimebound:LeechEnergy","Slimebound:Chomp"],"picked":"Slimebound:SplitAcid","floor":10},{"not_picked":["Slimebound:RejuvenatingLick","Slimebound:HauntingLick"],"picked":"Slimebound:OneTwoCombo","floor":12},{"not_picked":["Slimebound:GoopSpray","Slimebound:DisruptingSlam"],"picked":"Slimebound:SplitMire","floor":13},{"not_picked":["Slimebound:LeechingTouch","Slimebound:GoopTackle"],"picked":"Slimebound:SplitAcid","floor":14},{"not_picked":["Slimebound:PressTheAttack","Slimebound:LeadByExample"],"picked":"Slimebound:SplitBruiser","floor":15},{"not_picked":["Slimebound:PrepareCrush","Slimebound:FirmFortitude"],"picked":"Slimebound:MassRepurpose","floor":16},{"not_picked":["Slimebound:ViciousTackle+1","Slimebound:LeechingTouch+1","Slimebound:SlimeSpikes"],"picked":"SKIP","floor":19},{"not_picked":["Slimebound:GrowthPunch+1","Slimebound:RollThrough+1"],"picked":"Slimebound:Schlurp","floor":20}],"player_experience":216256,"relics_obtained":[{"floor":7,"key":"Bottled Flame"},{"floor":12,"key":"Sundial"}],"event_choices":[],"is_beta":false,"boss_relics":[{"not_picked":["Runic Dome","Fusion Hammer"],"picked":"Black Star"}],"items_purged_floors":[],"is_endless":false,"potions_floor_spawned":[10,12,13,14,16,19],"killed_by":"Shelled Parasite and Fungi","ascension_level":0}}