{"host":"yhhyog5h1q67ienp","time":1613521898,"event":{"mods":["AchievementEnabler","BaseMod","Block Reminder","Colored Map","Colored Powertips","Minty Spire (QoL Compilation)","Quick Restart","Relic Stats","StSLib","ojb\u0027s Better Paths Mod","ojb\u0027s Info Mod"],"gold_per_floor":[119,137,137,137,154,180,180,213,240,265,22,22,49,68,68,140,140,158,158,170,181,181,181,213,213,213,241,241,268,297,332,332,332,332],"floor_reached":33,"language":"ENG","playtime":2315,"items_purged":["Strike_G"],"score":716,"play_id":"a3ae56d2-d9ff-4c94-ac70-e6b8ee7cc838","local_time":"20210216213138","is_ascension_mode":true,"campfire_choices":[{"floor":7,"key":"REST"},{"floor":12,"key":"REST"},{"data":"Noxious Fumes","floor":15,"key":"SMITH"},{"floor":23,"key":"REST"},{"data":"Malaise","floor":25,"key":"SMITH"},{"data":"Venomology","floor":28,"key":"SMITH"},{"floor":32,"key":"REST"}],"circlet_count":0,"master_deck":["AscendersBane","Strike_G","Strike_G","Strike_G","Defend_G","Defend_G","Defend_G+1","Defend_G","Defend_G","Survivor","Neutralize+1","Die Die Die","Dagger Spray","Flying Knee","Night Terror","Finisher","Cloak And Dagger","Backstab","All Out Attack","Malaise+1","Noxious Fumes+1","Venomology+1","Deflect","Footwork+1","Cloak And Dagger","Catalyst","PiercingWail","Malaise"],"relics":["Ring of the Snake","Regal Pillow","Happy Flower","Potion Belt","PreservedInsect","Singing Bowl","Cursed Key","Lantern","CeramicFish","Mercury Hourglass"],"acts_visited":["Exordium","TheCity"],"potions_floor_usage":[6,8,16,16,21,27,27,29,30,30,31,33,33,33,33,33,33,33],"damage_taken":[{"damage":2,"enemies":"Jaw Worm","floor":1,"turns":5},{"damage":0,"enemies":"Small Slimes","floor":2,"turns":2},{"damage":0,"enemies":"Cultist","floor":5,"turns":3},{"damage":9,"enemies":"Lagavulin","floor":6,"turns":6},{"damage":15,"enemies":"3 Sentries","floor":8,"turns":8},{"damage":11,"enemies":"Lagavulin","floor":10,"turns":7},{"damage":0,"enemies":"3 Sentries","floor":13,"turns":3},{"damage":3,"enemies":"Exordium Wildlife","floor":14,"turns":3},{"damage":36,"enemies":"Slime Boss","floor":16,"turns":9},{"damage":18,"enemies":"Shell Parasite","floor":18,"turns":6},{"damage":10,"enemies":"2 Thieves","floor":20,"turns":5},{"damage":14,"enemies":"Snake Plant","floor":21,"turns":5},{"damage":24,"enemies":"Book of Stabbing","floor":24,"turns":10},{"damage":6,"enemies":"Slavers","floor":27,"turns":4},{"damage":1,"enemies":"Chosen and Byrds","floor":29,"turns":8},{"damage":4,"enemies":"Shelled Parasite and Fungi","floor":30,"turns":6},{"damage":16,"enemies":"Gremlin Leader","floor":31,"turns":6},{"damage":49,"enemies":"Champ","floor":33,"turns":11}],"seed_played":"-7320884289350607137","potions_obtained":[{"floor":1,"key":"AttackPotion"},{"floor":2,"key":"Strength Potion"},{"floor":8,"key":"DuplicationPotion"},{"floor":14,"key":"AttackPotion"},{"floor":16,"key":"PowerPotion"},{"floor":20,"key":"CunningPotion"},{"floor":29,"key":"EssenceOfSteel"},{"floor":30,"key":"Explosive Potion"}],"is_trial":false,"path_per_floor":["M","M","?","?","M","E","R","E","T","E","$","R","E","M","R","B",null,"M","?","M","M","?","R","E","R","T","E","R","M","M","E","R","B"],"character_chosen":"THE_SILENT","items_purchased":["Malaise","Noxious Fumes"],"campfire_rested":4,"item_purchase_floors":[11,11],"current_hp_per_floor":[42,42,22,22,22,13,47,32,32,21,21,55,57,56,56,20,58,40,40,32,20,20,57,33,33,33,29,29,28,24,8,45,0,0],"gold":332,"neow_bonus":"THREE_RARE_CARDS","is_daily":false,"chose_seed":false,"campfire_upgraded":3,"win_rate":0.0,"timestamp":1613521898,"path_taken":["M","M","?","?","M","E","R","E","T","E","?","R","E","M","R","BOSS","M","?","M","M","?","R","E","R","T","E","R","M","M","E","R","BOSS"],"items_purchased_type":["Card","Card"],"build_version":"2020-12-22","purchased_purges":1,"victory":false,"max_hp_per_floor":[66,66,66,66,66,66,66,66,66,66,66,66,68,70,70,70,70,70,70,72,74,74,74,74,74,74,76,76,76,76,76,76,76,76],"relic_stats":{"Regal Pillow":60,"Happy Flower":[27],"Singing Bowl":10,"counters":[18,107],"CeramicFish":27,"PreservedInsect":163,"Cursed Key":0,"obtain_stats":[{"Potion Belt":9,"Regal Pillow":6,"Lantern":24,"Happy Flower":8,"Singing Bowl":13,"CeramicFish":27,"PreservedInsect":10,"Cursed Key":17,"Ring of the Snake":0,"Mercury Hourglass":31},{"Potion Belt":5,"Regal Pillow":4,"Lantern":13,"Happy Flower":5,"Singing Bowl":7,"CeramicFish":14,"PreservedInsect":6,"Cursed Key":9,"Ring of the Snake":0,"Mercury Hourglass":17},{"Potion Belt":24,"Regal Pillow":16,"Lantern":72,"Happy Flower":24,"Singing Bowl":34,"CeramicFish":76,"PreservedInsect":31,"Cursed Key":46,"Ring of the Snake":0,"Mercury Hourglass":96}],"Ring of the Snake":[36],"Mercury Hourglass":[18]},"card_choices":[{"not_picked":["Bullet Time","Venomology"],"picked":"Die Die Die","floor":0},{"not_picked":["Infinite Blades","Tactician"],"picked":"Dagger Spray","floor":1},{"not_picked":["Acrobatics","Outmaneuver"],"picked":"Flying Knee","floor":2},{"not_picked":["Outmaneuver","Riddle With Holes"],"picked":"Finisher","floor":5},{"not_picked":["Infinite Blades","Finisher"],"picked":"Cloak And Dagger","floor":6},{"not_picked":["Escape Plan","Flechettes"],"picked":"Backstab","floor":8},{"not_picked":["Flying Knee","Deadly Poison"],"picked":"All Out Attack","floor":10},{"not_picked":["Backstab","All Out Attack","Deflect"],"picked":"Singing Bowl","floor":13},{"not_picked":["Accuracy","Dagger Throw","Outmaneuver"],"picked":"Singing Bowl","floor":14},{"not_picked":["Night Terror","Envenom"],"picked":"Venomology","floor":16},{"not_picked":["Dodge and Roll","Flying Knee"],"picked":"Deflect","floor":18},{"not_picked":["Distraction","Prepared","Flechettes"],"picked":"Singing Bowl","floor":20},{"not_picked":["Bane","Prepared","Quick Slash"],"picked":"Singing Bowl","floor":21},{"not_picked":["Deadly Poison","Flying Knee"],"picked":"Cloak And Dagger","floor":24},{"not_picked":["Sucker Punch+1","Expertise","Concentrate"],"picked":"Singing Bowl","floor":27},{"not_picked":["A Thousand Cuts","Flying Knee"],"picked":"Catalyst","floor":29},{"not_picked":["Eviscerate","Slice"],"picked":"PiercingWail","floor":30},{"not_picked":["Dagger Spray","Finisher"],"picked":"Malaise","floor":31}],"player_experience":1485075,"relics_obtained":[{"floor":6,"key":"Regal Pillow"},{"floor":8,"key":"Happy Flower"},{"floor":9,"key":"Potion Belt"},{"floor":10,"key":"PreservedInsect"},{"floor":13,"key":"Singing Bowl"},{"floor":24,"key":"Lantern"},{"floor":27,"key":"CeramicFish"},{"floor":31,"key":"Mercury Hourglass"}],"event_choices":[{"damage_healed":0,"gold_gain":0,"player_choice":"Entered Light","damage_taken":20,"max_hp_gain":0,"max_hp_loss":0,"event_name":"Shining Light","floor":3,"gold_loss":0,"cards_upgraded":["Neutralize","Defend_G"]},{"damage_healed":0,"gold_gain":0,"cards_transformed":["Strike_G"],"player_choice":"Change","damage_taken":0,"max_hp_gain":0,"max_hp_loss":0,"event_name":"Living Wall","floor":4,"gold_loss":0,"cards_obtained":["Night Terror"]},{"damage_healed":0,"gold_gain":0,"player_choice":"Read","damage_taken":0,"max_hp_gain":0,"max_hp_loss":0,"event_name":"The Library","floor":19,"gold_loss":0,"cards_obtained":["Footwork"]},{"damage_healed":0,"gold_gain":0,"player_choice":"Upgraded","damage_taken":0,"max_hp_gain":0,"max_hp_loss":0,"event_name":"Upgrade Shrine","floor":22,"gold_loss":0,"cards_upgraded":["Footwork"]}],"is_beta":false,"boss_relics":[{"not_picked":["SlaversCollar","Calling Bell"],"picked":"Cursed Key"}],"items_purged_floors":[11],"is_endless":false,"potions_floor_spawned":[1,2,8,14,16,20,29,30],"killed_by":"Champ","ascension_level":20}}