{"host":"13o02hya6v6rzuva","time":1613573943,"event":{"mods":["BaseMod","Minty Spire (QoL Compilation)","Relic Stats"],"gold_per_floor":[112,112,138,150,189,201,241,253,292,322,334,366,392,415,427,439,439],"floor_reached":16,"language":"ENG","playtime":683,"items_purged":[],"score":158,"play_id":"0cc96959-4516-4d82-b07a-9b85149e0655","local_time":"20210217155903","is_ascension_mode":true,"campfire_choices":[{"floor":6,"key":"REST"},{"floor":8,"key":"REST"},{"data":"Leg Sweep","floor":11,"key":"SMITH"},{"data":"Poisoned Stab","floor":15,"key":"SMITH"}],"circlet_count":0,"master_deck":["AscendersBane","Strike_G","Strike_G","Strike_G","Strike_G","Strike_G","Defend_G","Defend_G","Defend_G","Defend_G","Survivor","Neutralize","Well Laid Plans","Leg Sweep+1","Dodge and Roll","Poisoned Stab+1","Catalyst"],"relics":["Velvet Choker","MawBank","Regal Pillow","Anchor"],"acts_visited":["Exordium"],"potions_floor_usage":[7,12,16,16],"damage_taken":[{"damage":2,"enemies":"2 Louse","floor":1,"turns":3},{"damage":9,"enemies":"Small Slimes","floor":3,"turns":5},{"damage":36,"enemies":"Lagavulin","floor":7,"turns":10},{"damage":6,"enemies":"Jaw Worm","floor":10,"turns":6},{"damage":0,"enemies":"Red Slaver","floor":12,"turns":3},{"damage":6,"enemies":"2 Fungi Beasts","floor":13,"turns":5},{"damage":7,"enemies":"Exordium Wildlife","floor":14,"turns":5},{"damage":50,"enemies":"Hexaghost","floor":16,"turns":14}],"seed_played":"7113709431188512642","potions_obtained":[{"floor":1,"key":"DistilledChaos"},{"floor":3,"key":"Dexterity Potion"},{"floor":10,"key":"CunningPotion"},{"floor":12,"key":"Regen Potion"}],"is_trial":false,"path_per_floor":["M","?","M","?","T","R","E","R","T","M","R","M","M","M","R","B"],"character_chosen":"THE_SILENT","items_purchased":[],"campfire_rested":2,"item_purchase_floors":[],"current_hp_per_floor":[61,43,34,27,27,48,12,48,48,42,42,42,36,29,29,0,0],"gold":439,"neow_bonus":"BOSS_RELIC","is_daily":false,"chose_seed":false,"campfire_upgraded":2,"win_rate":0.0,"timestamp":1613573943,"path_taken":["M","?","M","?","?","R","E","R","T","M","R","M","M","M","R","BOSS"],"items_purchased_type":[],"build_version":"2020-12-22","purchased_purges":0,"victory":false,"max_hp_per_floor":[70,70,70,70,70,70,70,70,70,70,70,70,70,70,70,70,70],"relic_stats":{"Regal Pillow":15,"counters":[8,51],"MawBank":168,"obtain_stats":[{"Regal Pillow":7,"Anchor":9,"Velvet Choker":0,"MawBank":2,"Ring of the Snake":0},{"Regal Pillow":3,"Anchor":3,"Velvet Choker":0,"MawBank":1,"Ring of the Snake":0},{"Regal Pillow":18,"Anchor":18,"Velvet Choker":0,"MawBank":3,"Ring of the Snake":0}]},"card_choices":[{"not_picked":["Calculated Gamble","Concentrate"],"picked":"Well Laid Plans","floor":1},{"not_picked":["Eviscerate","Dodge and Roll"],"picked":"Leg Sweep","floor":3},{"not_picked":["Underhanded Strike","Acrobatics"],"picked":"Dodge and Roll","floor":7},{"not_picked":["Tactician","Predator"],"picked":"Poisoned Stab","floor":10},{"not_picked":["Flying Knee","Backflip"],"picked":"Catalyst","floor":12},{"not_picked":["Outmaneuver","Accuracy","Flechettes"],"picked":"SKIP","floor":13},{"not_picked":["Eviscerate","Acrobatics","Wraith Form v2"],"picked":"SKIP","floor":14}],"player_experience":1231280,"relics_obtained":[{"floor":7,"key":"Regal Pillow"},{"floor":9,"key":"Anchor"}],"event_choices":[{"damage_healed":0,"gold_gain":0,"player_choice":"Success","damage_taken":18,"relics_obtained":["MawBank"],"max_hp_gain":0,"max_hp_loss":0,"event_name":"Scrap Ooze","floor":2,"gold_loss":0},{"cards_removed":["Defend_G"],"damage_healed":0,"gold_gain":0,"player_choice":"Card Removal","damage_taken":7,"max_hp_gain":0,"max_hp_loss":0,"event_name":"Golden Wing","floor":4,"gold_loss":0}],"is_beta":false,"boss_relics":[],"items_purged_floors":[],"is_endless":false,"potions_floor_spawned":[1,3,10,12],"killed_by":"Hexaghost","ascension_level":11}}