{"host":"n1v11un6j7y72mz7","time":1613566797,"event":{"mods":["Act Like it!","BaseMod","Downfall","Minty Spire (QoL Compilation)","Reliquary","StSLib","The Animator","Waifu the Spire"],"gold_per_floor":[109,109,123,143,155,155,168,203,216,216,216,216,68,102,102,113,113,213,213,228,143,9,84,94,94,126,141,141,160,180,194,222,238,238,342,342,358,358,70,88,104,104,438,438,438,438,438,438,449,0,20,20,20,20,20,20,20,54,54,54],"floor_reached":59,"language":"ZHS","playtime":2020,"items_purged":["Strike_G","Strike_G","Strike_G"],"score":900,"play_id":"cc5ee4e1-1819-4c23-809c-ca04df052b0e","local_time":"20210217205957","is_ascension_mode":true,"campfire_choices":[{"data":"Adrenaline","floor":12,"key":"SMITH"},{"floor":15,"key":"REST"},{"data":"Accuracy","floor":17,"key":"SMITH"},{"data":"Cloak And Dagger","floor":25,"key":"SMITH"},{"data":"Prepared","floor":34,"key":"SMITH"},{"data":"Apotheosis","floor":42,"key":"SMITH"},{"data":"Adrenaline","floor":44,"key":"SMITH"},{"data":"Phantasmal Killer","floor":46,"key":"SMITH"},{"data":"Dagger Throw","floor":48,"key":"SMITH"},{"floor":53,"key":"RECALL"},{"data":"Blade Dance","floor":56,"key":"SMITH"}],"circlet_count":0,"master_deck":["Strike_G","Defend_G","Defend_G","Defend_G","Defend_G","Defend_G","Survivor","Neutralize","Dagger Throw+1","Prepared+1","Blade Dance","Adrenaline+1","Noxious Fumes","Accuracy+1","Blade Dance+1","Adrenaline+1","Infinite Blades+1","Accuracy","Cloak And Dagger+1","Prepared+1","Phantasmal Killer+1","Escape Plan","Terror+1","Backstab+1","Backstab+1","Grand Finale","Apotheosis+1","Concentrate+1","Acrobatics+1","Backflip+1","Parasite","Adrenaline"],"relics":["Ring of the Snake","Orichalcum","Bird Faced Urn","Bird Faced Urn","Tingsha","Shuriken","HoveringKite","Tiny Chest","StoneCalendar","reliquary:PurpleTingedLeaf","Bottled Lightning","Old Coin","Blue Candle","HornCleat","Red Mask","reliquary:TuningFork"],"acts_visited":["Exordium","TheCity","TheBeyond","TheEnding"],"potions_floor_usage":[4,8,8,18,19,26,30,35,35,54,54,59,59],"damage_taken":[{"damage":3,"enemies":"2 Louse","floor":1,"turns":3},{"damage":2,"enemies":"Cultist","floor":3,"turns":4},{"damage":5,"enemies":"Jaw Worm","floor":4,"turns":5},{"damage":3,"enemies":"Exordium Wildlife","floor":5,"turns":4},{"damage":6,"enemies":"Lots of Slimes","floor":7,"turns":4},{"damage":28,"enemies":"Gremlin Nob","floor":8,"turns":4},{"damage":11,"enemies":"Gremlin Gang","floor":9,"turns":7},{"damage":13,"enemies":"Lagavulin","floor":14,"turns":6},{"damage":0,"enemies":"2 Fungi Beasts","floor":16,"turns":2},{"damage":12,"enemies":"Slime Boss","floor":18,"turns":6},{"damage":0,"enemies":"Chosen","floor":20,"turns":3},{"damage":17,"enemies":"2 Thieves","floor":24,"turns":3},{"damage":19,"enemies":"Slavers","floor":26,"turns":4},{"damage":5,"enemies":"Centurion and Healer","floor":27,"turns":3},{"damage":7,"enemies":"Chosen and Byrds","floor":29,"turns":3},{"damage":0,"enemies":"Snake Plant","floor":30,"turns":2},{"damage":4,"enemies":"Shelled Parasite and Fungi","floor":31,"turns":3},{"damage":15,"enemies":"Book of Stabbing","floor":32,"turns":3},{"damage":1,"enemies":"Sentry and Sphere","floor":33,"turns":3},{"damage":6,"enemies":"Champ","floor":35,"turns":2},{"damage":3,"enemies":"Orb Walker","floor":37,"turns":2},{"damage":10,"enemies":"3 Shapes","floor":40,"turns":3},{"damage":0,"enemies":"3 Darklings","floor":41,"turns":2},{"damage":0,"enemies":"Giant Head","floor":43,"turns":3},{"damage":0,"enemies":"Writhing Mass","floor":49,"turns":2},{"damage":2,"enemies":"Sphere and 2 Shapes","floor":51,"turns":3},{"damage":26,"enemies":"Donu and Deca","floor":54,"turns":5},{"damage":52,"enemies":"Shield and Spear","floor":58,"turns":4},{"damage":54,"enemies":"The Heart","floor":59,"turns":3}],"seed_played":"5171324981465835834","potions_obtained":[{"floor":3,"key":"SneckoOil"},{"floor":4,"key":"Fruit Juice"},{"floor":7,"key":"Fire Potion"},{"floor":14,"key":"champ:CounterPotion"},{"floor":18,"key":"Fruit Juice"},{"floor":20,"key":"champ:CounterPotion"},{"floor":29,"key":"PowerPotion"},{"floor":31,"key":"CunningPotion"},{"floor":32,"key":"DuplicationPotion"},{"floor":35,"key":"SkillPotion"},{"floor":37,"key":"Explosive Potion"},{"floor":49,"key":"SpeedPotion"},{"floor":58,"key":"Explosive Potion"}],"is_trial":false,"path_per_floor":["M","?","M","M","M","?","M","E","M","T","T","R","$","E","R","M","R","B",null,"M","?","$","?","M","R","E","M","T","M","M","M","E","M","R","B",null,"M","T","$","M","M","R","E","R","?","R","T","R","M","?","M","?","R","B",null,"R","$","E","B"],"character_chosen":"THE_SILENT","items_purchased":["Accuracy","Accuracy","Apotheosis"],"campfire_rested":1,"item_purchase_floors":[13,22,39],"current_hp_per_floor":[67,67,65,65,62,67,61,33,22,22,22,22,22,17,41,49,49,45,85,85,85,85,77,68,68,61,72,72,81,85,85,74,81,81,83,85,85,85,85,79,85,85,85,85,80,80,80,80,85,85,85,77,77,69,85,85,85,41,0,0],"gold":54,"neow_bonus":"RANDOM_COMMON_RELIC","is_daily":false,"chose_seed":false,"campfire_upgraded":9,"win_rate":0.0,"timestamp":1613566797,"path_taken":["M","?","M","?","M","?","M","E","M","?","T","R","$","E","R","M","R","BOSS","M","?","$","?","M","R","E","M","T","?","M","M","E","?","R","BOSS","M","?","$","M","M","R","E","R","?","R","T","R","M","?","M","?","R","BOSS","R","$","E","BOSS"],"items_purchased_type":["Card","Card","Card"],"build_version":"2020-12-22","purchased_purges":3,"victory":false,"max_hp_per_floor":[70,70,70,75,75,80,80,80,80,80,80,80,80,80,80,80,80,80,85,85,85,85,85,85,85,85,85,85,85,85,85,85,85,85,85,85,85,85,85,85,85,85,85,85,85,85,85,85,85,85,85,85,85,85,85,85,85,85,85,85],"card_choices":[{"not_picked":["Outmaneuver","Quick Slash"],"picked":"Dagger Throw","floor":1},{"not_picked":["Dagger Throw","Bane"],"picked":"Prepared","floor":3},{"not_picked":["Heel Hook","Dash"],"picked":"Blade Dance","floor":4},{"not_picked":["Dagger Spray","Blur"],"picked":"Adrenaline","floor":5},{"not_picked":["Endless Agony","Crippling Poison","Deflect"],"picked":"SKIP","floor":7},{"not_picked":["Endless Agony","Slice","Deadly Poison"],"picked":"SKIP","floor":8},{"not_picked":["Flying Knee","Bane"],"picked":"Noxious Fumes","floor":9},{"not_picked":["Sucker Punch","Dodge and Roll"],"picked":"Blade Dance","floor":14},{"not_picked":["Flying Knee","Setup","Eviscerate"],"picked":"SKIP","floor":16},{"not_picked":["Night Terror","Die Die Die"],"picked":"Adrenaline","floor":18},{"not_picked":["Accuracy","Prepared+1"],"picked":"Infinite Blades+1","floor":20},{"not_picked":["Crippling Poison","Leg Sweep+1"],"picked":"Cloak And Dagger","floor":24},{"not_picked":["Flechettes","Footwork"],"picked":"Prepared+1","floor":26},{"not_picked":["Sucker Punch","Backflip+1","Endless Agony"],"picked":"SKIP","floor":27},{"not_picked":["Slice+1","Deflect"],"picked":"Phantasmal Killer","floor":29},{"not_picked":["Dagger Spray","Dodge and Roll"],"picked":"Escape Plan","floor":30},{"not_picked":["Heel Hook+1","Footwork"],"picked":"Terror+1","floor":31},{"not_picked":["PiercingWail","Endless Agony+1"],"picked":"Backstab+1","floor":32},{"not_picked":["Outmaneuver","Cloak And Dagger"],"picked":"Backstab+1","floor":33},{"not_picked":["Burst","Unload"],"picked":"Grand Finale","floor":35},{"not_picked":["Noxious Fumes","Poisoned Stab","Dodge and Roll"],"picked":"SKIP","floor":37},{"not_picked":["Sucker Punch","Quick Slash+1"],"picked":"Concentrate+1","floor":40},{"not_picked":["Setup","Dodge and Roll+1"],"picked":"Acrobatics+1","floor":41},{"not_picked":["Dodge and Roll","Eviscerate"],"picked":"Backflip+1","floor":43},{"not_picked":["Cloak And Dagger","Underhanded Strike","Dash"],"picked":"SKIP","floor":49},{"not_picked":["Dagger Throw","Outmaneuver","Noxious Fumes+1"],"picked":"SKIP","floor":51},{"not_picked":["Backstab","Night Terror"],"picked":"Adrenaline","floor":58}],"player_experience":197221,"relics_obtained":[{"floor":8,"key":"Bird Faced Urn"},{"floor":10,"key":"reliquary:SculptingSteel"},{"floor":11,"key":"Tingsha"},{"floor":14,"key":"Shuriken"},{"floor":26,"key":"StoneCalendar"},{"floor":32,"key":"reliquary:PurpleTingedLeaf"},{"floor":38,"key":"Bottled Lightning"},{"floor":43,"key":"Old Coin"},{"floor":47,"key":"HornCleat"},{"floor":58,"key":"reliquary:TuningFork"}],"event_choices":[{"cards_removed":["Strike_G"],"damage_healed":0,"gold_gain":0,"player_choice":"Offered Basic","damage_taken":0,"max_hp_gain":0,"max_hp_loss":0,"event_name":"Bonfire Elementals","floor":2,"gold_loss":0},{"damage_healed":0,"gold_gain":0,"player_choice":"Donut","damage_taken":0,"max_hp_gain":5,"max_hp_loss":0,"event_name":"Big Fish","floor":6,"gold_loss":0},{"damage_healed":0,"gold_gain":0,"player_choice":"Obtained Relic","damage_taken":0,"relics_obtained":["Tiny Chest"],"max_hp_gain":0,"max_hp_loss":0,"event_name":"Addict","floor":21,"gold_loss":85},{"damage_healed":0,"gold_gain":75,"player_choice":"Touch","damage_taken":8,"max_hp_gain":0,"max_hp_loss":0,"event_name":"FaceTrader","floor":23,"gold_loss":0},{"damage_healed":0,"gold_gain":0,"player_choice":"Paid","damage_taken":0,"relics_obtained":["Red Mask"],"max_hp_gain":0,"max_hp_loss":0,"event_name":"Tomb of Lord Red Mask","floor":50,"gold_loss":449},{"damage_healed":0,"gold_gain":0,"player_choice":"Damaged","damage_taken":8,"max_hp_gain":0,"max_hp_loss":0,"event_name":"Wheel of Change","floor":52,"gold_loss":0}],"is_beta":false,"boss_relics":[{"not_picked":["Sozu","Astrolabe"],"picked":"HoveringKite"},{"not_picked":["Snecko Eye","bronze:MakeshiftBattery","reliquary:WritOfMandamus"]}],"items_purged_floors":[13,22,39],"is_endless":false,"potions_floor_spawned":[3,4,7,14,18,20,29,31,32,35,37,49,51,58],"killed_by":"The Heart","ascension_level":2}}