{"host":"27c1zwn2rxlukojz","time":1613561570,"event":{"mods":["BaseMod","Filter the Spire","Minty Spire (QoL Compilation)","Relic Stats","StSLib"],"gold_per_floor":[112,112,112,2,16,16,49,68,68,68,87,97,160,180,180,282,282,300,300,300,320,337,337,348,201,201,218,218,218],"floor_reached":28,"language":"DEU","playtime":1396,"items_purged":["Bite"],"score":297,"play_id":"80de4007-8d5f-4232-84f9-6bb85babdf93","local_time":"20210217123250","is_ascension_mode":false,"campfire_choices":[{"data":"Carnage","floor":6.0,"key":"SMITH"},{"data":"Inflame","floor":10.0,"key":"SMITH"},{"data":"True Grit","floor":15,"key":"SMITH"},{"data":"Corruption","floor":23,"key":"SMITH"}],"circlet_count":0,"master_deck":["Defend_R","Defend_R","Defend_R","Defend_R","Bash","Burning Pact","Shrug It Off","Inflame+1","Carnage+1","Hemokinesis","Heavy Blade","Battle Trance","Corruption+1","Clothesline","Pommel Strike","True Grit+1","Limit Break","Sword Boomerang","Bite","Bite","Bite","Bite","Barricade","Offering","Ghostly Armor","Rupture","Flame Barrier"],"relics":["Cursed Key"],"acts_visited":["Exordium","TheCity"],"potions_floor_usage":[16,18,27],"damage_taken":[{"damage":0.0,"enemies":"2 Louse","floor":1.0,"turns":3.0},{"damage":0.0,"enemies":"Small Slimes","floor":5.0,"turns":3.0},{"damage":10.0,"enemies":"Gremlin Nob","floor":7.0,"turns":3.0},{"damage":8.0,"enemies":"Jaw Worm","floor":8.0,"turns":2.0},{"damage":7.0,"enemies":"Exordium Thugs","floor":11.0,"turns":4.0},{"damage":11.0,"enemies":"Blue Slaver","floor":12.0,"turns":4.0},{"damage":13.0,"enemies":"Gremlin Nob","floor":13.0,"turns":4.0},{"damage":0,"enemies":"2 Fungi Beasts","floor":14,"turns":4},{"damage":2,"enemies":"Hexaghost","floor":16,"turns":6},{"damage":5,"enemies":"3 Byrds","floor":18,"turns":7},{"damage":15,"enemies":"Chosen","floor":21,"turns":5},{"damage":28,"enemies":"Snecko","floor":22,"turns":5},{"damage":27,"enemies":"Centurion and Healer","floor":24,"turns":11},{"damage":28,"enemies":"Chosen and Byrds","floor":27,"turns":7},{"damage":27,"enemies":"Book of Stabbing","floor":28,"turns":4}],"seed_played":"4867436090475257573","potions_obtained":[{"floor":1.0,"key":"PowerPotion"},{"floor":7.0,"key":"Weak Potion"},{"floor":8.0,"key":"Block Potion"},{"floor":13,"key":"BloodPotion"}],"is_trial":false,"path_per_floor":["M","?","?","$","M","R","E","M","T","R","M","M","?","M","R","B",null,"M","?","?","M","M","R","M","$","T","M","E"],"character_chosen":"IRONCLAD","items_purchased":["Inflame","Carnage","Rupture"],"campfire_rested":0,"item_purchase_floors":[4,4,25],"current_hp_per_floor":[80,80,80,80,80,80,70,62,62,62,55,44,31,31,31,29,80,75,56,56,43,27,27,26,26,26,21,0,0],"gold":218,"neow_bonus":"BOSS_RELIC","is_daily":false,"chose_seed":false,"campfire_upgraded":4,"win_rate":0.0,"timestamp":1613561570,"path_taken":["M","?","?","$","M","R","E","M","T","R","M","M","?","M","R","BOSS","M","?","?","M","M","R","M","$","T","?","E"],"items_purchased_type":["Card","Card","Card"],"build_version":"2020-12-22","purchased_purges":1,"victory":false,"max_hp_per_floor":[80,80,80,80,80,80,80,80,80,80,80,80,80,80,80,80,80,80,56,56,56,56,56,56,56,56,56,56,56],"relic_stats":{"counters":[15,72],"Cursed Key":0,"obtain_stats":[{"Cursed Key":0,"Burning Blood":0},{"Cursed Key":0,"Burning Blood":0},{"Cursed Key":0,"Burning Blood":0}]},"card_choices":[{"not_picked":["Warcry","Sword Boomerang"],"picked":"Burning Pact","floor":1.0},{"not_picked":["Perfected Strike","Reckless Charge"],"picked":"Hemokinesis","floor":5.0},{"not_picked":["Perfected Strike","Sword Boomerang"],"picked":"Heavy Blade","floor":7.0},{"not_picked":["Iron Wave","Clash"],"picked":"Battle Trance","floor":8.0},{"not_picked":["Twin Strike","Clothesline"],"picked":"Corruption","floor":11.0},{"not_picked":["Thunderclap","Pommel Strike"],"picked":"Clothesline","floor":12.0},{"not_picked":["Heavy Blade","Thunderclap"],"picked":"Pommel Strike","floor":13},{"not_picked":["Blood for Blood","Heavy Blade"],"picked":"True Grit","floor":14},{"not_picked":["Double Tap","Immolate"],"picked":"Limit Break","floor":16},{"not_picked":["Iron Wave","Perfected Strike"],"picked":"Sword Boomerang","floor":18},{"not_picked":["Sword Boomerang","Clothesline"],"picked":"Offering","floor":21},{"not_picked":["Seeing Red+1","Cleave+1","Wild Strike"],"picked":"SKIP","floor":22},{"not_picked":["Clash","Dropkick"],"picked":"Ghostly Armor","floor":24},{"not_picked":["Blood for Blood","Sword Boomerang"],"picked":"Flame Barrier","floor":27}],"player_experience":3998054,"relics_obtained":[],"event_choices":[{"damage_healed":0.0,"max_hp_gain":0.0,"max_hp_loss":0.0,"gold_gain":0.0,"cards_transformed":["Strike_R"],"event_name":"Living Wall","player_choice":"Change","floor":2.0,"gold_loss":0.0,"damage_taken":0.0,"cards_obtained":["Shrug It Off"]},{"damage_healed":0.0,"max_hp_gain":0.0,"max_hp_loss":0.0,"gold_gain":0.0,"event_name":"Scrap Ooze","player_choice":"Fled","floor":3.0,"gold_loss":0.0,"damage_taken":0.0},{"damage_healed":0.0,"max_hp_gain":0.0,"max_hp_loss":0.0,"gold_gain":0.0,"event_name":"Dead Adventurer","player_choice":"Searched \u00271\u0027 times","floor":13.0,"gold_loss":0.0,"damage_taken":0.0},{"damage_healed":0,"gold_gain":0,"player_choice":"Became a vampire","damage_taken":0,"max_hp_gain":0,"max_hp_loss":24,"event_name":"Vampires","floor":19,"gold_loss":0,"cards_obtained":["Bite","Bite","Bite","Bite","Bite"]},{"damage_healed":0,"gold_gain":0,"player_choice":"Read","damage_taken":0,"max_hp_gain":0,"max_hp_loss":0,"event_name":"The Library","floor":20,"gold_loss":0,"cards_obtained":["Barricade"]}],"is_beta":false,"boss_relics":[{"not_picked":["Runic Cube","Philosopher\u0027s Stone","Sozu"]}],"items_purged_floors":[25],"is_endless":false,"potions_floor_spawned":[1,7,8,13],"killed_by":"Book of Stabbing","ascension_level":0}}