{"host":"43nlzy1jey2qap2z","time":1613545222,"event":{"mods":["BaseMod","Colored Map","Colored Powertips","Downfall","Duelist Mod","Hermit","Highlight Path","Hubris","Minty Spire (QoL Compilation)","StSLib","The Bladedancer","The Construct","The Hierophant","The Jungle","The Necromancer","The Runesmith"],"gold_per_floor":[99,114,131,150,169,69,93,93,153,138,38,57,72,72,89,194,194,194,211,211,211,211],"floor_reached":20,"language":"ENG","playtime":1935,"items_purged":[],"score":191,"play_id":"47c09c42-0d58-45b9-b9bd-0ac4a869d1a6","local_time":"20210217010022","is_ascension_mode":false,"campfire_choices":[{"floor":1,"key":"RECALL"},{"data":"Slimebound:Split","floor":6,"key":"SMITH"},{"floor":8,"key":"REST"},{"floor":11,"key":"REST"},{"data":"Slimebound:CorrosiveSpit","floor":18,"key":"SMITH"}],"circlet_count":0,"master_deck":["Slimebound:Strike_Slimebound","Slimebound:Strike_Slimebound","Slimebound:Tackle","Slimebound:Defend_Slimebound","Slimebound:Defend_Slimebound+1","Slimebound:Defend_Slimebound","Slimebound:Defend_Slimebound+1","Slimebound:Split+1","Slimebound:CorrosiveSpit+1","Slimebound:Chomp","Slimebound:HauntingLick","Slimebound:LivingWall","Slimebound:LeechLife","Slimebound:ViciousTackle","Slimebound:PrepareCrush","Slimebound:SlimeTap","Slimebound:LeechingTouch","Slimebound:SlimeBarrage","Slimebound:PrepareCrush","Slimebound:Equalize"],"relics":["Slimebound:AbsorbEndCombat","downfall:HeartBlessingRed","War Paint","downfall:HeartBlessingBlue","hubris:Backtick","Burning Blood"],"acts_visited":["Exordium","TheCity"],"potions_floor_usage":[10,16,16,16,16,16,16],"damage_taken":[{"damage":3,"enemies":"2 Louse","floor":2,"turns":2},{"damage":8,"enemies":"Small Slimes","floor":3,"turns":3},{"damage":9,"enemies":"Jaw Worm","floor":4,"turns":2},{"damage":3,"enemies":"Exordium Wildlife","floor":5,"turns":4},{"damage":32,"enemies":"3 Sentries","floor":9,"turns":8},{"damage":5,"enemies":"downfall:FleeingMerchant","floor":10,"turns":4},{"damage":38,"enemies":"Gremlin Gang","floor":12,"turns":4},{"damage":7,"enemies":"Blue Slaver","floor":13,"turns":4},{"damage":9,"enemies":"2 Fungi Beasts","floor":15,"turns":2},{"damage":28,"enemies":"WA_ARCHETYPE_RETAIN","floor":16,"turns":6},{"damage":58,"enemies":"3 Byrds","floor":19,"turns":6},{"damage":48,"enemies":"downfall:LooterAlt2","floor":20,"turns":3}],"seed_played":"8997479144117818139","potions_obtained":[{"floor":3,"key":"Block Potion"},{"floor":5,"key":"ColorlessPotion"},{"floor":9,"key":"EntropicBrew"},{"floor":12,"key":"Slimebound:SpawnSlimePotion"}],"is_trial":false,"path_per_floor":["R","M","M","M","M","R","T","R","?","$","R","M","M","?","M","B",null,"R","M","M"],"character_chosen":"SLIMEBOUND","items_purchased":[],"campfire_rested":2,"item_purchase_floors":[],"current_hp_per_floor":[71,68,60,55,56,56,56,71,45,44,78,44,47,47,40,26,81,81,35,0,0,0],"gold":211,"neow_bonus":"TEN_PERCENT_HP_BONUS","is_daily":false,"chose_seed":false,"campfire_upgraded":2,"win_rate":0.0,"timestamp":1613545222,"path_taken":["R","M","M","M","M","R","T","R","?","$","R","M","M","?","M","BOSS","R","M","M"],"items_purchased_type":[],"build_version":"2020-12-22","purchased_purges":0,"victory":false,"max_hp_per_floor":[71,71,71,71,71,71,71,71,71,71,81,81,81,81,81,81,81,81,81,81,81,81],"card_choices":[{"not_picked":["Slimebound:SplitLeeching","Slimebound:SlimeSpikes"],"picked":"Slimebound:Chomp","floor":2},{"not_picked":["Slimebound:FinishingTackle","Slimebound:FlameTackle"],"picked":"Slimebound:HauntingLick","floor":3},{"not_picked":["Slimebound:ProtectTheBoss","Slimebound:ViciousTackle"],"picked":"Slimebound:LivingWall","floor":4},{"not_picked":["Slimebound:ForwardTackle","Slimebound:SplitBruiser"],"picked":"Slimebound:LeechLife","floor":5},{"not_picked":["Slimebound:SamplingLick","Slimebound:GoopTackle"],"picked":"Slimebound:ViciousTackle","floor":9},{"not_picked":["Slimebound:SamplingLick","Slimebound:SplitLeeching"],"picked":"Slimebound:PrepareCrush","floor":10},{"not_picked":["Slimebound:ViciousTackle","Slimebound:SplitLeeching"],"picked":"Slimebound:SlimeTap","floor":12},{"not_picked":["Slimebound:HauntingLick","Slimebound:BestDefense"],"picked":"Slimebound:LeechingTouch","floor":13},{"not_picked":["Slimebound:Schlurp","Slimebound:FinishingTackle"],"picked":"Slimebound:SlimeBarrage","floor":15},{"not_picked":["Slimebound:Teamwork","Slimebound:SlimeSlap"],"picked":"Slimebound:PrepareCrush","floor":16},{"not_picked":["Slimebound:Prepare+1","Slimebound:LivingWall"],"picked":"Slimebound:Equalize","floor":19}],"player_experience":46096,"relics_obtained":[],"event_choices":[],"is_beta":false,"boss_relics":[{"not_picked":["hubris:BlackHole","Busted Crown"],"picked":"hubris:Backtick"}],"items_purged_floors":[],"is_endless":false,"potions_floor_spawned":[3,5,9,12],"killed_by":"downfall:LooterAlt2","ascension_level":0}}