{"host":"pqs17sqrgflf4eqa","time":1613600607,"event":{"mods":["AchievementEnabler","BaseMod","Bestiary","Better Altar","Better Match","Better Skull","Block Reminder","Bossed Relics","Colored Map","Colored Powertips","Curses Come First","Dark Map","DeckTracker","Defective Defect","Displayed Cursed Tome","Emptier Cage","Googly Eyes","Highlight Path","Minty Spire (QoL Compilation)","Quick Restart","Slay-I","StSLib","SuperFastMode","Synergy Search","Thieving Mod","Transform Curses","everything is the same but u backflip on backflip","slay the spire mod where everything is the same but ironclad has a cowboy hat"],"gold_per_floor":[113,23,350,23,45,45,84,84,160,184,184,184,210,210,210,210,210],"floor_reached":16,"language":"ENG","playtime":217,"items_purged":[],"score":125,"play_id":"3c8fc182-914c-415b-9f76-d9e1649c1e41","local_time":"20210217172327","is_ascension_mode":true,"campfire_choices":[{"data":"Eruption","floor":6,"key":"SMITH"},{"data":"Crescendo","floor":8,"key":"SMITH"},{"data":"ClearTheMind","floor":15,"key":"SMITH"}],"circlet_count":0,"master_deck":["Strike_P","Strike_P","Strike_P","Strike_P","Defend_P","Defend_P","Defend_P","Defend_P","Eruption+1","Vigilance","Consecrate","Impatience","SandsOfTime","EmptyBody","Crescendo+1","ClearTheMind+1"],"relics":["PureWater","CaptainsWheel","CeramicFish","Matryoshka","Bag of Marbles","TeardropLocket","Mummified Hand","Golden Idol","Omamori","Smiling Mask"],"acts_visited":["Exordium"],"potions_floor_usage":[7],"damage_taken":[{"damage":0,"enemies":"Cultist","floor":1,"turns":2},{"damage":2,"enemies":"Jaw Worm","floor":5,"turns":3},{"damage":8,"enemies":"Lagavulin","floor":7,"turns":4},{"damage":8,"enemies":"Small Slimes","floor":10,"turns":3},{"damage":13,"enemies":"Hexaghost","floor":16,"turns":4}],"seed_played":"7407299545610531153","potions_obtained":[{"floor":5,"key":"DistilledChaos"},{"floor":10,"key":"Ancient Potion"}],"is_trial":false,"path_per_floor":["M","$","?","$","M","R","E","R","T","M","?","?","T","?","R","B"],"character_chosen":"WATCHER","items_purchased":["Impatience","Matryoshka","SandsOfTime"],"campfire_rested":0,"item_purchase_floors":[2,4,4],"current_hp_per_floor":[65,65,25,25,23,23,15,15,15,7,7,4,4,24,24,11,11],"gold":210,"neow_bonus":"ONE_RARE_RELIC","is_daily":false,"chose_seed":false,"campfire_upgraded":3,"win_rate":0.0,"timestamp":1613600607,"path_taken":["M","?","?","$","?","R","E","R","T","M","?","?","?","?","R","BOSS"],"items_purchased_type":["Card","Relic","Card"],"build_version":"2020-12-22","purchased_purges":0,"victory":false,"max_hp_per_floor":[65,65,65,65,65,65,65,65,65,65,60,60,60,60,60,60,60],"card_choices":[{"not_picked":["ThirdEye","Prostrate"],"picked":"Consecrate","floor":1},{"not_picked":["ReachHeaven","Collect"],"picked":"EmptyBody","floor":5},{"not_picked":["Swivel","Pray"],"picked":"Crescendo","floor":7},{"not_picked":["Halt","Nirvana"],"picked":"ClearTheMind","floor":10}],"player_experience":225926,"relics_obtained":[{"floor":7,"key":"Bag of Marbles"},{"floor":9,"key":"TeardropLocket"},{"floor":9,"key":"Mummified Hand"},{"floor":13,"key":"Omamori"},{"floor":13,"key":"Smiling Mask"}],"event_choices":[{"damage_healed":0,"gold_gain":327,"player_choice":"RE GO GO GO ","damage_taken":45,"relics_obtained":["CeramicFish"],"max_hp_gain":0,"max_hp_loss":0,"event_name":"betterSkull:BetterSkull","floor":3,"gold_loss":0,"cards_upgraded":[]},{"damage_healed":0,"gold_gain":0,"player_choice":"Lose Max HP","damage_taken":0,"relics_obtained":["Golden Idol"],"max_hp_gain":0,"max_hp_loss":5,"event_name":"Golden Idol","floor":11,"gold_loss":0},{"damage_healed":0,"gold_gain":0,"player_choice":"Fled","damage_taken":3,"max_hp_gain":0,"max_hp_loss":0,"event_name":"Scrap Ooze","floor":12,"gold_loss":0},{"damage_healed":20,"gold_gain":0,"player_choice":"Banana","damage_taken":0,"max_hp_gain":0,"max_hp_loss":0,"event_name":"Big Fish","floor":14,"gold_loss":0}],"is_beta":false,"boss_relics":[],"items_purged_floors":[],"is_endless":false,"potions_floor_spawned":[5,10],"killed_by":"Hexaghost","ascension_level":6}}