{"host":"ju1b3c4x8n2jtjm7","time":1613580800,"event":{"mods":["AchievementEnabler","BaseMod","Colored Map","Colored Powertips","Highlight Path","Minty Spire (QoL Compilation)","Quick Restart","Rare Cards Sparkle","Relic Stats"],"gold_per_floor":[118,133,148,148,161,188,33,33,56,74,86,102,102,114,114,214,214,231,231,231,246,262,262,296,296,296,314,345,359,28,38,38,136,136,156,174,185,185,201,229,73,93,93,121,121,137,187,22,22,22,22,22,22,47,47],"floor_reached":56,"language":"ENG","playtime":5030,"items_purged":["Strike_G","Strike_G+1","Strike_G+1"],"score":1623,"play_id":"12d9b7f4-5fb2-471e-84e2-df6e363910f5","local_time":"20210217175320","is_ascension_mode":true,"campfire_choices":[{"floor":8.0,"key":"REST"},{"data":"Venomology","floor":13.0,"key":"SMITH"},{"data":"Dagger Spray","floor":15.0,"key":"SMITH"},{"data":"Crippling Poison","floor":23.0,"key":"SMITH"},{"data":"Venomology","floor":25.0,"key":"SMITH"},{"data":"Footwork","floor":32.0,"key":"SMITH"},{"floor":45,"key":"RECALL"},{"data":"Calculated Gamble","floor":49,"key":"SMITH"},{"data":"Reflex","floor":52,"key":"SMITH"}],"circlet_count":0,"master_deck":["Strike_G+1","Defend_G+1","Defend_G+1","Defend_G+1","Defend_G+1","Defend_G+1","Survivor","Neutralize","Flying Knee","Footwork+1","Deadly Poison","Poisoned Stab","Crippling Poison+1","Dagger Spray+1","Dash","Footwork","Noxious Fumes","Deadly Poison","Backstab","Blur","Escape Plan","Venomology+1","Doppelganger","Backstab+1","Adrenaline","Crippling Poison","Venomology+1","Deadly Poison","Footwork","Adrenaline","Footwork","Malaise","Deflect","Deflect+1","Calculated Gamble+1","Decay","Calculated Gamble+1","Cloak And Dagger+1","PiercingWail+1","Skewer","Reflex+1","Prepared+1"],"relics":["Ring of the Snake","Prayer Wheel","Blood Vial","Cursed Key","Pen Nib","Nunchaku","DollysMirror","SacredBark","Letter Opener","Chemical X","The Courier","Tingsha","Vajra"],"acts_visited":["Exordium","TheCity","TheBeyond","TheEnding"],"potions_floor_usage":[35,36,37,37,37,39,39,40,40,40,42,42,44,44,44,46,46,47,50,50,50,50,55,55,55,55,55],"damage_taken":[{"damage":3.0,"enemies":"2 Louse","floor":1.0,"turns":3.0},{"damage":0.0,"enemies":"Cultist","floor":2.0,"turns":4.0},{"damage":4.0,"enemies":"Small Slimes","floor":3.0,"turns":3.0},{"damage":3.0,"enemies":"Exordium Thugs","floor":5.0,"turns":6.0},{"damage":16.0,"enemies":"3 Sentries","floor":6.0,"turns":11.0},{"damage":8.0,"enemies":"Looter","floor":10.0,"turns":4.0},{"damage":0.0,"enemies":"2 Fungi Beasts","floor":11.0,"turns":3.0},{"damage":0.0,"enemies":"Gremlin Gang","floor":12.0,"turns":4.0},{"damage":2.0,"enemies":"Large Slime","floor":14.0,"turns":6.0},{"damage":0.0,"enemies":"Slime Boss","floor":16.0,"turns":8.0},{"damage":8.0,"enemies":"Chosen","floor":18.0,"turns":4.0},{"damage":6.0,"enemies":"Shell Parasite","floor":21.0,"turns":5.0},{"damage":0.0,"enemies":"3 Cultists","floor":22.0,"turns":4.0},{"damage":8.0,"enemies":"Slavers","floor":24.0,"turns":4.0},{"damage":0.0,"enemies":"Snake Plant","floor":27.0,"turns":2.0},{"damage":3.0,"enemies":"Gremlin Leader","floor":28.0,"turns":5.0},{"damage":7.0,"enemies":"Centurion and Healer","floor":29.0,"turns":5.0},{"damage":0.0,"enemies":"Sentry and Sphere","floor":31.0,"turns":4.0},{"damage":9.0,"enemies":"Collector","floor":33.0,"turns":8.0},{"damage":0,"enemies":"3 Darklings","floor":35,"turns":1},{"damage":0,"enemies":"3 Shapes","floor":36,"turns":7},{"damage":5,"enemies":"Maw","floor":37,"turns":7},{"damage":21,"enemies":"Spire Growth","floor":39,"turns":5},{"damage":2,"enemies":"Giant Head","floor":40,"turns":7},{"damage":0,"enemies":"4 Shapes","floor":42,"turns":6},{"damage":32,"enemies":"Nemesis","floor":44,"turns":9},{"damage":4,"enemies":"Jaw Worm Horde","floor":46,"turns":4},{"damage":0,"enemies":"Mind Bloom Boss Battle","floor":47,"turns":6},{"damage":58,"enemies":"Donu and Deca","floor":50,"turns":12},{"damage":69,"enemies":"Shield and Spear","floor":54,"turns":7},{"damage":20,"enemies":"The Heart","floor":55,"turns":11}],"seed_played":"1113006898811672045","potions_obtained":[{"floor":1.0,"key":"PowerPotion"},{"floor":2.0,"key":"ColorlessPotion"},{"floor":10.0,"key":"PowerPotion"},{"floor":11.0,"key":"Fire Potion"},{"floor":12.0,"key":"Fruit Juice"},{"floor":18.0,"key":"Poison Potion"},{"floor":21.0,"key":"Energy Potion"},{"floor":24.0,"key":"BlessingOfTheForge"},{"floor":31.0,"key":"Ancient Potion"},{"floor":33.0,"key":"Block Potion"},{"floor":36,"key":"GamblersBrew"},{"floor":37,"key":"LiquidMemories"},{"floor":40,"key":"BlessingOfTheForge"},{"floor":44,"key":"SteroidPotion"},{"floor":54,"key":"LiquidBronze"}],"is_trial":false,"path_per_floor":["M","M","M","?","M","E","$","R","T","M","M","M","R","M","R","B",null,"M","?","?","M","M","R","E","R","T","M","E","M","$","M","R","B",null,"M","M","M","?","M","E","$","M","T","E","R","M","?","$","R","B",null,"R","$","E","B",null],"character_chosen":"THE_SILENT","items_purchased":["Noxious Fumes","Footwork","DollysMirror","Chemical X","Reflex"],"campfire_rested":1,"item_purchase_floors":[7,30,30,41,48],"current_hp_per_floor":[42,42,38,38,35,19,19,40,40,34,36,38,38,43,43,45,68,62,62,62,58,60,60,54,54,54,56,55,50,50,52,52,45,68,70,72,69,69,50,50,50,71,71,75,75,71,73,73,73,17,61,61,61,39,21],"gold":47,"neow_bonus":"ONE_RARE_RELIC","is_daily":false,"chose_seed":false,"campfire_upgraded":7,"win_rate":0.0,"timestamp":1613580800,"path_taken":["M","M","M","?","?","E","?","R","T","M","M","M","R","M","R","BOSS","M","?","?","M","M","R","E","R","T","?","E","M","$","M","R","BOSS","M","M","M","?","?","E","$","M","T","E","R","M","?","$","R","BOSS","R","$","E","BOSS"],"items_purchased_type":["Card","Card","Relic","Relic","Card"],"build_version":"2020-12-22","purchased_purges":3,"victory":true,"max_hp_per_floor":[70,70,70,70,70,70,70,70,70,70,70,70,70,75,75,75,75,75,75,75,75,75,75,75,75,75,75,75,75,75,75,75,75,75,75,75,75,75,75,75,75,75,75,75,75,75,75,75,75,75,75,75,75,75,75],"relic_stats":{"Blood Vial":50,"Nunchaku":[13],"counters":[31,175],"Prayer Wheel":20,"Tingsha":[48],"Pen Nib":[14],"Letter Opener":[262],"Chemical X":[18],"Cursed Key":0,"obtain_stats":[{"SacredBark":34,"Vajra":54,"Tingsha":47,"Pen Nib":24,"The Courier":44,"Letter Opener":40,"Cursed Key":17,"Blood Vial":6,"Nunchaku":28,"DollysMirror":30,"Prayer Wheel":0,"Chemical X":41,"Ring of the Snake":0},{"SacredBark":19,"Vajra":30,"Tingsha":28,"Pen Nib":14,"The Courier":26,"Letter Opener":24,"Cursed Key":10,"Blood Vial":5,"Nunchaku":16,"DollysMirror":17,"Prayer Wheel":0,"Chemical X":24,"Ring of the Snake":0},{"SacredBark":93,"Vajra":164,"Tingsha":145,"Pen Nib":69,"The Courier":135,"Letter Opener":120,"Cursed Key":52,"Blood Vial":27,"Nunchaku":76,"DollysMirror":81,"Prayer Wheel":0,"Chemical X":120,"Ring of the Snake":0}],"Ring of the Snake":[62]},"card_choices":[{"not_picked":["Deflect","Expertise"],"picked":"Flying Knee","floor":1.0},{"not_picked":["PiercingWail","Accuracy"],"picked":"Footwork","floor":1.0},{"not_picked":["Flying Knee","Bane"],"picked":"Deadly Poison","floor":2.0},{"not_picked":["Phantasmal Killer","Skewer"],"picked":"Poisoned Stab","floor":2.0},{"not_picked":["Backstab","Quick Slash"],"picked":"Crippling Poison","floor":3.0},{"not_picked":["Bane","Accuracy"],"picked":"Dagger Spray","floor":3.0},{"not_picked":["Outmaneuver","Dagger Throw"],"picked":"Dash","floor":5.0},{"not_picked":["Quick Slash","Choke","Dagger Throw"],"picked":"SKIP","floor":5.0},{"not_picked":["Leg Sweep","Doppelganger"],"picked":"Footwork","floor":6.0},{"not_picked":["Dagger Spray","Prepared"],"picked":"Deadly Poison","floor":10.0},{"not_picked":["Sucker Punch","Caltrops"],"picked":"Backstab","floor":10.0},{"not_picked":["Leg Sweep","All Out Attack"],"picked":"Blur","floor":11.0},{"not_picked":["Dash","Accuracy"],"picked":"Escape Plan","floor":11.0},{"not_picked":["Blade Dance","Sucker Punch"],"picked":"Venomology","floor":12.0},{"not_picked":["Cloak And Dagger","Endless Agony","Flying Knee"],"picked":"SKIP","floor":12.0},{"not_picked":["Sucker Punch","Setup","Poisoned Stab"],"picked":"SKIP","floor":14.0},{"not_picked":["Heel Hook","Reflex","Backflip"],"picked":"SKIP","floor":14.0},{"not_picked":["Grand Finale","Unload"],"picked":"Doppelganger","floor":16.0},{"not_picked":["Poisoned Stab","Deflect"],"picked":"Backstab+1","floor":18.0},{"not_picked":["Concentrate+1","Prepared","Blade Dance"],"picked":"SKIP","floor":18.0},{"not_picked":["Accuracy+1","Backflip"],"picked":"Adrenaline","floor":21.0},{"not_picked":["Backflip","Slice"],"picked":"Crippling Poison","floor":21.0},{"not_picked":["Infinite Blades","Tactician","Cloak And Dagger"],"picked":"SKIP","floor":22.0},{"not_picked":["Infinite Blades","Deadly Poison","Dagger Throw"],"picked":"SKIP","floor":22.0},{"not_picked":["Predator","Well Laid Plans"],"picked":"Venomology","floor":24.0},{"not_picked":["Eviscerate+1","Blade Dance","Expertise"],"picked":"SKIP","floor":27.0},{"not_picked":["Cloak And Dagger","Bane","Acrobatics"],"picked":"SKIP","floor":27.0},{"not_picked":["Accuracy","Bane"],"picked":"Deadly Poison","floor":28.0},{"not_picked":["Cloak And Dagger","Blade Dance+1","Predator"],"picked":"SKIP","floor":29.0},{"not_picked":["Flying Knee+1","Quick Slash","Dagger Spray"],"picked":"SKIP","floor":29.0},{"not_picked":["Tactician","Sucker Punch+1"],"picked":"Footwork","floor":31.0},{"not_picked":["Cloak And Dagger","Dagger Throw","Flying Knee+1"],"picked":"SKIP","floor":31.0},{"not_picked":["Venomology","Glass Knife"],"picked":"Malaise","floor":33.0},{"not_picked":["Crippling Poison+1","Slice+1"],"picked":"Deflect","floor":35},{"not_picked":["Infinite Blades","Deadly Poison","Blade Dance+1"],"picked":"SKIP","floor":35},{"not_picked":["Phantasmal Killer","Expertise+1"],"picked":"Deflect+1","floor":36},{"not_picked":["Infinite Blades","Flying Knee","Dagger Spray"],"picked":"SKIP","floor":36},{"not_picked":["Blade Dance","PiercingWail"],"picked":"Calculated Gamble","floor":37},{"not_picked":["Sucker Punch","Blade Dance+1","Poisoned Stab+1"],"picked":"SKIP","floor":37},{"not_picked":["Sucker Punch","Blade Dance+1","Poisoned Stab+1"],"picked":"SKIP","floor":37},{"not_picked":["All Out Attack+1","Sucker Punch","Flechettes"],"picked":"SKIP","floor":39},{"not_picked":["Blade Dance+1","Acrobatics","Tools of the Trade"],"picked":"SKIP","floor":39},{"not_picked":["Dagger Spray+1","Noxious Fumes+1"],"picked":"Calculated Gamble+1","floor":40},{"not_picked":["Cloak And Dagger","Dagger Throw","Acrobatics"],"picked":"SKIP","floor":42},{"not_picked":["Deflect","Deadly Poison+1","Dodge and Roll"],"picked":"SKIP","floor":42},{"not_picked":["Dagger Throw","Concentrate+1"],"picked":"Cloak And Dagger+1","floor":44},{"not_picked":["Heel Hook","Flechettes+1"],"picked":"PiercingWail+1","floor":46},{"not_picked":["Predator+1","Riddle With Holes"],"picked":"Skewer","floor":46},{"not_picked":["Finisher+1","Reflex+1"],"picked":"Prepared+1","floor":54}],"player_experience":367997,"relics_obtained":[{"floor":6.0,"key":"Blood Vial"},{"floor":24.0,"key":"Pen Nib"},{"floor":28.0,"key":"Nunchaku"},{"floor":40,"key":"Letter Opener"},{"floor":44,"key":"The Courier"},{"floor":47,"key":"Tingsha"},{"floor":54,"key":"Vajra"}],"event_choices":[{"cards_removed":["Strike_G"],"damage_healed":0.0,"max_hp_gain":0.0,"max_hp_loss":0.0,"gold_gain":0.0,"event_name":"Purifier","player_choice":"Purged","floor":4.0,"gold_loss":0.0,"damage_taken":0.0},{"damage_healed":0.0,"max_hp_gain":0.0,"max_hp_loss":0.0,"gold_gain":0.0,"event_name":"Back to Basics","player_choice":"Simplicity","floor":19.0,"gold_loss":0.0,"damage_taken":0.0,"cards_upgraded":["Strike_G","Strike_G","Strike_G","Defend_G","Defend_G","Defend_G","Defend_G","Defend_G"]},{"damage_healed":0.0,"max_hp_gain":0.0,"max_hp_loss":0.0,"gold_gain":0.0,"event_name":"N\u0027loth","player_choice":"Ignored","floor":20.0,"gold_loss":0.0,"damage_taken":0.0},{"damage_healed":0,"gold_gain":0,"player_choice":"Cursed","damage_taken":0,"max_hp_gain":0,"max_hp_loss":0,"event_name":"Wheel of Change","floor":38,"gold_loss":0,"cards_obtained":["Decay"]},{"damage_healed":0,"gold_gain":0,"player_choice":"Fight","damage_taken":0,"max_hp_gain":0,"max_hp_loss":0,"event_name":"MindBloom","floor":47,"gold_loss":0}],"is_beta":false,"boss_relics":[{"not_picked":["SlaversCollar","Sozu"],"picked":"Cursed Key"},{"not_picked":["Ring of the Serpent","Tiny House"],"picked":"SacredBark"}],"items_purged_floors":[7,30,48],"is_endless":false,"potions_floor_spawned":[1,2,10,11,12,18,21,24,31,33,36,37,40,44,54],"ascension_level":7}}