{"host":"6406jj8da6015sxr","time":1613562033,"event":{"mods":["AchievementEnabler","BaseMod","Colored Map","DeckTracker","Keyboard Shortcuts","Minty Spire (QoL Compilation)","Permanent Neow","Relic Stats","SuperFastMode","everything is the same but u backflip on backflip"],"gold_per_floor":[118,137,212,60,74,74,101,117,140,152,180,192,236,265,277,388,400,429,711,743,770,167,193,193,193,193,193,212,230,262,177,177,177,177],"floor_reached":33,"language":"KOR","playtime":1388,"items_purged":["Strike_G","Strike_G"],"score":467,"play_id":"f2afe8a0-eb29-4146-afc7-2e10c325fbcf","local_time":"20210217204033","is_ascension_mode":true,"campfire_choices":[{"data":"Skewer","floor":6.0,"key":"SMITH"},{"floor":12.0,"key":"REST"},{"data":"Neutralize","floor":15.0,"key":"SMITH"},{"floor":25,"key":"REST"},{"data":"Strike_G","floor":27,"key":"PURGE"},{"floor":32,"key":"REST"}],"circlet_count":0,"master_deck":["Strike_G","Strike_G","Defend_G","Defend_G","Defend_G","Defend_G","Defend_G","Survivor","Neutralize+1","Leg Sweep","Sucker Punch","Skewer+1","Underhanded Strike","Caltrops+1","Outmaneuver","Acrobatics","Caltrops","Corpse Explosion","PiercingWail+1","Acrobatics+1","Dodge and Roll","Escape Plan","Heel Hook+1"],"relics":["Ring of the Snake","Centennial Puzzle","MawBank","Strawberry","Sozu","Peace Pipe","Sling","Torii","The Courier","Nunchaku","Thread and Needle"],"acts_visited":["Exordium","TheCity"],"potions_floor_usage":[25],"damage_taken":[{"damage":0.0,"enemies":"2 Louse","floor":1.0,"turns":3.0},{"damage":0.0,"enemies":"Small Slimes","floor":2.0,"turns":4.0},{"damage":0.0,"enemies":"Cultist","floor":5.0,"turns":5.0},{"damage":15.0,"enemies":"Gremlin Nob","floor":7.0,"turns":5.0},{"damage":8.0,"enemies":"Large Slime","floor":8.0,"turns":6.0},{"damage":0.0,"enemies":"Exordium Wildlife","floor":11.0,"turns":3.0},{"damage":16.0,"enemies":"Lagavulin","floor":13.0,"turns":8.0},{"damage":2.0,"enemies":"Red Slaver","floor":14.0,"turns":3.0},{"damage":1.0,"enemies":"Hexaghost","floor":16.0,"turns":10.0},{"damage":2.0,"enemies":"Spheric Guardian","floor":18.0,"turns":6.0},{"damage":0.0,"enemies":"Shell Parasite","floor":20.0,"turns":5.0},{"damage":0.0,"enemies":"3 Cultists","floor":21.0,"turns":2.0},{"damage":23.0,"enemies":"Slavers","floor":23.0,"turns":5.0},{"damage":7,"enemies":"Snake Plant","floor":28,"turns":4},{"damage":1,"enemies":"Cultist and Chosen","floor":29,"turns":4},{"damage":2,"enemies":"Book of Stabbing","floor":30,"turns":5},{"damage":75,"enemies":"Champ","floor":33,"turns":16}],"seed_played":"7586764905250670107","potions_obtained":[{"floor":0.0,"key":"Swift Potion"},{"floor":0.0,"key":"SmokeBomb"},{"floor":0.0,"key":"Dexterity Potion"},{"floor":2.0,"key":"Explosive Potion"},{"floor":14.0,"key":"Block Potion"},{"floor":16.0,"key":"Fruit Juice"}],"is_trial":false,"path_per_floor":["M","M","?","$","M","R","E","M","T","?","M","R","E","M","R","B",null,"M","?","M","M","$","E","?","R","T","R","M","M","E","?","R","B"],"character_chosen":"THE_SILENT","items_purchased":["Skewer","Escape Plan","Peace Pipe","Sling"],"campfire_rested":3,"item_purchase_floors":[4,22,22,22],"current_hp_per_floor":[63,63,52,52,52,52,37,29,29,29,29,50,41,39,39,38,67,65,38,38,38,38,15,15,44,44,44,37,36,34,34,58,0,0],"gold":177,"neow_bonus":"THREE_SMALL_POTIONS","is_daily":false,"chose_seed":false,"campfire_upgraded":2,"win_rate":0.0,"timestamp":1613562033,"path_taken":["M","M","?","$","M","R","E","M","T","?","M","R","E","M","R","BOSS","M","?","?","M","$","E","?","R","T","R","M","M","E","?","R","BOSS"],"items_purchased_type":["Card","Card","Relic","Relic"],"build_version":"2020-12-22","purchased_purges":2,"victory":false,"max_hp_per_floor":[70,70,70,70,70,70,70,70,70,70,70,70,77,77,77,77,77,77,77,77,77,77,77,77,82,82,82,82,82,82,82,82,82,82],"relic_stats":{"Sozu":3,"Peace Pipe":1,"Centennial Puzzle":[30],"Nunchaku":[2],"Torii":10,"counters":[17,94],"MawBank":156,"obtain_stats":[{"Sozu":17,"Peace Pipe":22,"Centennial Puzzle":7,"Nunchaku":30,"Torii":23,"Strawberry":13,"Thread and Needle":31,"The Courier":26,"MawBank":9,"Sling":22,"Ring of the Snake":0},{"Sozu":9,"Peace Pipe":12,"Centennial Puzzle":4,"Nunchaku":16,"Torii":13,"Strawberry":7,"Thread and Needle":16,"The Courier":13,"MawBank":5,"Sling":12,"Ring of the Snake":0},{"Sozu":47,"Peace Pipe":60,"Centennial Puzzle":17,"Nunchaku":78,"Torii":65,"Strawberry":34,"Thread and Needle":78,"The Courier":65,"MawBank":23,"Sling":60,"Ring of the Snake":0}],"Ring of the Snake":[34]},"card_choices":[{"not_picked":["Outmaneuver","Acrobatics"],"picked":"Leg Sweep","floor":1.0},{"not_picked":["Dodge and Roll","Deflect"],"picked":"Sucker Punch","floor":2.0},{"not_picked":["Dodge and Roll","Escape Plan"],"picked":"Underhanded Strike","floor":5.0},{"not_picked":["Prepared","A Thousand Cuts"],"picked":"Caltrops","floor":7.0},{"not_picked":["Flechettes","Deadly Poison","Dagger Throw"],"picked":"SKIP","floor":8.0},{"not_picked":["Catalyst","Prepared"],"picked":"Outmaneuver","floor":11.0},{"not_picked":["Deflect","Riddle With Holes"],"picked":"Acrobatics","floor":13.0},{"not_picked":["Infinite Blades","Deflect"],"picked":"Caltrops","floor":14.0},{"not_picked":["Unload","Bullet Time"],"picked":"Corpse Explosion","floor":16.0},{"not_picked":["Eviscerate","Deflect"],"picked":"PiercingWail+1","floor":18.0},{"not_picked":["Finisher","Prepared"],"picked":"Acrobatics+1","floor":20.0},{"not_picked":["Prepared","Underhanded Strike"],"picked":"Dodge and Roll","floor":21.0},{"not_picked":["Sucker Punch","Flechettes","Slice"],"picked":"SKIP","floor":23.0},{"not_picked":["Grand Finale","Sucker Punch","Quick Slash"],"picked":"SKIP","floor":28},{"not_picked":["All Out Attack","Deflect"],"picked":"Heel Hook+1","floor":29},{"not_picked":["Flying Knee","Phantasmal Killer","Underhanded Strike"],"picked":"SKIP","floor":30}],"player_experience":37928,"relics_obtained":[{"floor":7.0,"key":"Centennial Puzzle"},{"floor":9.0,"key":"MawBank"},{"floor":13.0,"key":"Strawberry"},{"floor":23.0,"key":"Torii"},{"floor":26,"key":"The Courier"},{"floor":30,"key":"Nunchaku"}],"event_choices":[{"damage_healed":0.0,"max_hp_gain":0.0,"max_hp_loss":0.0,"gold_gain":75.0,"event_name":"World of Goop","player_choice":"Gather Gold","floor":3.0,"gold_loss":0.0,"damage_taken":11.0},{"damage_healed":0.0,"max_hp_gain":0.0,"max_hp_loss":0.0,"gold_gain":0.0,"event_name":"Living Wall","player_choice":"Grow","floor":10.0,"gold_loss":0.0,"damage_taken":0.0,"cards_upgraded":["Caltrops"]},{"damage_healed":0.0,"max_hp_gain":0.0,"max_hp_loss":0.0,"gold_gain":270.0,"event_name":"Knowing Skull","player_choice":"GOLD GOLD GOLD ","floor":19.0,"potions_obtained":[],"gold_loss":0.0,"damage_taken":27.0,"cards_obtained":[]},{"damage_healed":0.0,"max_hp_gain":0.0,"max_hp_loss":0.0,"gold_gain":0.0,"event_name":"Cursed Tome","player_choice":"Ignored","floor":24.0,"gold_loss":0.0,"damage_taken":0.0},{"damage_healed":0,"gold_gain":0,"player_choice":"Obtained Relic","damage_taken":0,"relics_obtained":["Thread and Needle"],"max_hp_gain":0,"max_hp_loss":0,"event_name":"Addict","floor":31,"gold_loss":85}],"is_beta":false,"boss_relics":[{"not_picked":["Calling Bell","Black Star"],"picked":"Sozu"}],"items_purged_floors":[4,22],"is_endless":false,"potions_floor_spawned":[2,14,16,20,23,29],"killed_by":"Champ","ascension_level":9}}