{"host":"txkfiivlze3i6jrn","time":1613533631,"event":{"mods":["100% Spire Juice","Act Like it!","Ascension Reborn","BaseMod","BetterRewards","Block Reminder","Colored Map","Gensokyo","Hallownest","Hermit","Hubris","Mimic Mod","Minty Spire (QoL Compilation)","StSLib","SuperFastMode","TheHero","Treasure Hunter"],"gold_per_floor":[115,34,114,133,133,168,168,168,168,179,36,36,49,49,49,150,150,135,135,15,26,1,1,1],"floor_reached":23,"language":"ENG","playtime":1317,"items_purged":[],"score":212,"play_id":"d808e144-d630-49e1-a3a1-eab258f27c20","local_time":"20210216224711","is_ascension_mode":true,"campfire_choices":[{"data":"Moonworks:DeployBits","floor":7,"key":"SMITH"},{"data":"Moonworks:ReflectiveShell","floor":12,"key":"SMITH"},{"data":"Moonworks:MiracleRedBeanIceCream","floor":15,"key":"SMITH"}],"circlet_count":0,"master_deck":["Moonworks:Strike","Moonworks:Strike","Moonworks:Strike","Moonworks:Strike","Moonworks:Defend","Moonworks:Defend","Moonworks:Defend","Moonworks:Defend","Moonworks:Ambush","Moonworks:LongDistanceShot","Moonworks:SakisCookie","Moonworks:ForcedRevival","Moonworks:NicePresent","Moonworks:DeployBits+1","Clumsy","Moonworks:SweetBattle","Moonworks:ReflectiveShell+1","Moonworks:MiracleRedBeanIceCream+1","Moonworks:Encore","Moonworks:SakisCookie","Necronomicurse","Moonworks:CloudOfSeagulls","Moonworks:NicePresent"],"relics":["Moonworks:BrokenBomb","Moonworks:Homemark","NeowsBlessing","Matryoshka","Gensokyo:NagashiBinaDoll","Tiny Chest","Busted Crown","Necronomicon","hubris:Icosahedron"],"acts_visited":["Exordium","TheCity"],"potions_floor_usage":[16,16,23],"damage_taken":[{"damage":0,"enemies":"Gensokyo:Python","floor":1,"turns":1},{"damage":0,"enemies":"Gensokyo:2_Kodama","floor":4,"turns":1},{"damage":0,"enemies":"Gensokyo:Aya","floor":6,"turns":1},{"damage":7,"enemies":"Gensokyo:Gryphon","floor":10,"turns":3},{"damage":18,"enemies":"Gensokyo:5_Fairies","floor":13,"turns":12},{"damage":48,"enemies":"Gensokyo:Reimu","floor":16,"turns":16},{"damage":37,"enemies":"2 Thieves","floor":18,"turns":4},{"damage":15,"enemies":"Shell Parasite","floor":21,"turns":5},{"damage":42,"enemies":"Cultist and Chosen","floor":23,"turns":9}],"seed_played":"7871444843656888556","potions_obtained":[{"floor":6,"key":"Fire Potion"},{"floor":10,"key":"Dexterity Potion"},{"floor":21,"key":"SkillPotion"}],"is_trial":false,"path_per_floor":["M","$","?","M","?","E","R","?","T","M","$","R","M","?","R","B",null,"M","?","?","M","$","M"],"character_chosen":"THE_STARBREAKER","items_purchased":["Moonworks:ForcedRevival","Moonworks:ReflectiveShell","Moonworks:NicePresent"],"campfire_rested":0,"item_purchase_floors":[2,11,22],"current_hp_per_floor":[60,60,60,60,54,54,54,54,54,54,54,54,43,43,43,9,60,30,14,14,15,15,0,0],"gold":1,"neow_bonus":"THREE_ENEMY_KILL","is_daily":false,"chose_seed":false,"campfire_upgraded":3,"win_rate":0.0,"timestamp":1613533631,"path_taken":["M","$","?","M","?","E","R","?","T","M","$","R","M","?","R","BOSS","M","?","?","M","$","M"],"items_purchased_type":["Card","Card","Card"],"build_version":"2020-12-22","purchased_purges":0,"victory":false,"max_hp_per_floor":[60,60,60,60,60,60,60,60,60,60,60,60,60,60,60,60,60,60,60,60,60,60,60,60],"card_choices":[{"not_picked":["Moonworks:CloudOfSeagulls","Moonworks:ImOnFire"],"picked":"Moonworks:SakisCookie","floor":1},{"not_picked":["Moonworks:SakisCookie","Moonworks:BigMagnum"],"picked":"Moonworks:NicePresent","floor":4},{"not_picked":["Moonworks:Dinner","Moonworks:RedAndBlue"],"picked":"Moonworks:DeployBits","floor":6},{"not_picked":["TH:Mimic","TH:BikiniMail"],"picked":"SKIP","floor":6},{"not_picked":["TH:DeckOfManyThings","TH:CopperCoins"],"picked":"SKIP","floor":9},{"not_picked":["Moonworks:IndiscriminateFireSupport","Moonworks:CastOff"],"picked":"Moonworks:SweetBattle","floor":10},{"not_picked":["Moonworks:CloudOfSeagulls","Moonworks:Assault"],"picked":"Moonworks:MiracleRedBeanIceCream","floor":13},{"not_picked":["Moonworks:MetallicMonocoque","Moonworks:LeapThroughSpace"],"picked":"Moonworks:Encore","floor":16},{"not_picked":[],"picked":"Moonworks:SakisCookie","floor":18},{"not_picked":[],"picked":"Moonworks:CloudOfSeagulls","floor":21}],"player_experience":142648,"relics_obtained":[{"floor":6,"key":"Matryoshka"},{"floor":9,"key":"Tiny Chest"},{"floor":19,"key":"Necronomicon"}],"event_choices":[{"damage_healed":0,"gold_gain":0,"player_choice":"Obtained Book","damage_taken":16,"max_hp_gain":0,"max_hp_loss":0,"event_name":"Cursed Tome","floor":19,"gold_loss":0}],"is_beta":false,"boss_relics":[{"not_picked":["SlaversCollar","Fusion Hammer"],"picked":"Busted Crown"}],"items_purged_floors":[],"is_endless":false,"potions_floor_spawned":[6,10,21],"killed_by":"Cultist and Chosen","ascension_level":0}}