{"host":"0bl8lf938r434xzd","time":1613542439,"event":{"mods":["AchievementEnabler","BaseMod","Downfall","GifTheSpireLib","Googly Eyes","Minty Spire (QoL Compilation)","Shop Mod","StSLib","The Cursed","The IronCluck","Waifu the Spire"],"gold_per_floor":[99,21,21,21,21,21,21,21,49,34,47,47,147,173,188,287,287,187,207,207,207,9,9,9,23,23,43,2,2,2,19,37,133,183,83,94,113,123,78,98,122,133,33,33,33,46,46,65,85,85,85,85,85,85],"floor_reached":52,"language":"ENG","playtime":3418,"items_purged":[],"score":685,"play_id":"90cf2df4-9914-40ca-839e-509e40c684f1","local_time":"20210217161359","is_ascension_mode":false,"campfire_choices":[{"data":"bronze:Replicate","floor":1,"key":"SMITH"},{"floor":6,"key":"REST"},{"floor":12,"key":"REST"},{"floor":18,"key":"RECALL"},{"data":"bronze:Optimize","floor":23,"key":"SMITH"},{"data":"bronze:CleanCode","floor":26,"key":"SMITH"},{"data":"bronze:Optimize","floor":29,"key":"SMITH"},{"data":"bronze:CloningBeam","floor":35,"key":"SMITH"},{"data":"bronze:HardenedForm","floor":43,"key":"SMITH"}],"circlet_count":0,"master_deck":["bronze:Strike","bronze:Strike","bronze:Strike","bronze:Strike","bronze:Defend","bronze:Defend+1","bronze:Defend","bronze:Defend","bronze:Replicate+1","bronze:Goto","bronze:CleanCode+1","bronze:Repair","bronze:Optimize+1","bronze:WhirlingStrike","bronze:NullPointer","bronze:CloningBeam+1","bronze:FollowUp","bronze:DelayedSlice","bronze:HardenedForm+1","bronze:DigitalCarnage","bronze:ChosenStrike+1","bronze:Optimize+1","Parasite","bronze:OilSpill","bronze:GetLatest+1","bronze:Repair","bronze:Assembly","bronze:DigitalCarnage+1","bronze:RecursiveStrike","Regret","downfall:Malfunctioning","bronze:Flail+1"],"relics":["bronze:BronzeCore","downfall:HeartsMalice","White Beast Statue","Blue Candle","Pear","Art of War","Cursed Key","downfall:HeartBlessingGreen","Vajra","Anchor","Tiny House","downfall:HeartBlessingRed","HandDrill","Potion Belt","downfall:HeartBlessingBlue","The Courier"],"acts_visited":["Exordium","TheCity","TheBeyond","TheEnding"],"potions_floor_usage":[15,16,16,33,33,38,38,39,49,50,50,50],"damage_taken":[{"damage":0,"enemies":"downfall:FleeingMerchant","floor":2,"turns":1},{"damage":0,"enemies":"2 Louse","floor":3,"turns":1},{"damage":0,"enemies":"Small Slimes","floor":4,"turns":1},{"damage":35,"enemies":"3 Sentries","floor":9,"turns":10},{"damage":5,"enemies":"downfall:FleeingMerchant","floor":10,"turns":4},{"damage":0,"enemies":"Cultist","floor":11,"turns":3},{"damage":20,"enemies":"Gremlin Nob","floor":14,"turns":5},{"damage":1,"enemies":"2 Fungi Beasts","floor":15,"turns":3},{"damage":76,"enemies":"IC_STATUS_ARCHETYPE","floor":16,"turns":12},{"damage":16,"enemies":"Shell Parasite","floor":19,"turns":5},{"damage":4,"enemies":"downfall:FleeingMerchant","floor":22,"turns":4},{"damage":0,"enemies":"Chosen","floor":25,"turns":2},{"damage":12,"enemies":"Shelled Parasite and Fungi","floor":27,"turns":4},{"damage":3,"enemies":"downfall:FleeingMerchant","floor":28,"turns":4},{"damage":11,"enemies":"Snake Plant","floor":31,"turns":3},{"damage":0,"enemies":"3 Cultists","floor":32,"turns":3},{"damage":65,"enemies":"SI_MIRROR_ARCHETYPE","floor":33,"turns":10},{"damage":6,"enemies":"3 Shapes","floor":36,"turns":3},{"damage":0,"enemies":"Orb Walker","floor":37,"turns":3},{"damage":30,"enemies":"Writhing Mass","floor":38,"turns":5},{"damage":5,"enemies":"downfall:FleeingMerchant","floor":39,"turns":4},{"damage":16,"enemies":"Spire Growth","floor":40,"turns":3},{"damage":0,"enemies":"Jaw Worm Horde","floor":42,"turns":2},{"damage":0,"enemies":"3 Darklings","floor":46,"turns":3},{"damage":19,"enemies":"Sphere and 2 Shapes","floor":48,"turns":5},{"damage":37,"enemies":"Maw","floor":49,"turns":8},{"damage":65,"enemies":"WA_ARCHETYPE_DIVINITY","floor":50,"turns":7},{"damage":144,"enemies":"downfall:CharBossMerchant","floor":52,"turns":6}],"seed_played":"-6050481849798241927","potions_obtained":[{"floor":9,"key":"Energy Potion"},{"floor":10,"key":"Weak Potion"},{"floor":11,"key":"Guardian:BlockOnCardUsePotion"},{"floor":14,"key":"Fire Potion"},{"floor":15,"key":"Ancient Potion"},{"floor":16,"key":"sneckomod:MuddlingPotion"},{"floor":19,"key":"SteroidPotion"},{"floor":20,"key":"CultistPotion"},{"floor":22,"key":"Slimebound:ThreeZeroPotion"},{"floor":25,"key":"Energy Potion"},{"floor":33,"key":"PowerPotion"},{"floor":34,"key":"EssenceOfSteel"},{"floor":38,"key":"Strength Potion"},{"floor":39,"key":"PowerPotion"}],"is_trial":false,"path_per_floor":["R","$","M","M","?","R","T","?","E","$","M","R","?","E","M","B",null,"R","M","?","?","$","R","T","M","R","M","$","R","?","M","M","B",null,"R","M","M","M","$","M","T","M","R","?","?","M","$","M","M","B",null,"E"],"character_chosen":"THE_AUTOMATON","items_purchased":["bronze:CleanCode","Vajra","bronze:Optimize","bronze:OilSpill","HandDrill","Potion Belt","EntropicBrew"],"campfire_rested":2,"item_purchase_floors":[2,22,22,28,39,39,39],"current_hp_per_floor":[70,70,70,70,52,70,70,75,60,65,65,85,85,65,84,18,85,85,73,73,73,79,79,79,79,79,67,71,71,71,60,60,25,90,90,84,90,77,89,74,74,74,84,84,84,94,94,92,67,22,100,0,0,0],"gold":85,"neow_bonus":"THREE_ENEMY_KILL","is_daily":false,"chose_seed":false,"campfire_upgraded":6,"win_rate":0.0,"timestamp":1613542439,"path_taken":["R","$","M","M","?","R","T","?","E","$","M","R","?","E","M","BOSS","R","M","?","?","$","R","T","M","R","?","$","R","?","M","M","BOSS","R","M","?","M","$","M","T","M","R","?","?","M","$","M","M","BOSS","E"],"items_purchased_type":["Card","Relic","Card","Card","Relic","Relic","Potion"],"build_version":"2020-12-22","purchased_purges":0,"victory":false,"max_hp_per_floor":[70,70,70,70,70,70,70,75,85,85,85,85,85,85,85,85,85,85,85,85,85,85,85,85,85,85,85,85,85,85,85,85,85,90,90,90,90,90,90,90,90,90,100,100,100,100,100,100,100,100,100,100,100,100],"card_choices":[{"not_picked":["bronze:ForceShield","bronze:Invalidate","bronze:DarkDash"],"picked":"SKIP","floor":2},{"not_picked":["bronze:BugBarrage","bronze:DelayedGuard"],"picked":"bronze:Repair","floor":3},{"not_picked":["bronze:Repair","bronze:Shield"],"picked":"bronze:Optimize","floor":4},{"not_picked":["bronze:Frontload","bronze:BuggyMess"],"picked":"bronze:WhirlingStrike","floor":9},{"not_picked":["bronze:BitShift","bronze:FollowUp"],"picked":"bronze:NullPointer","floor":10},{"not_picked":["bronze:Optimize","bronze:Format"],"picked":"bronze:CloningBeam","floor":11},{"not_picked":["bronze:Invalidate","bronze:Return"],"picked":"bronze:FollowUp","floor":14},{"not_picked":["bronze:Iterate","bronze:FineTuning"],"picked":"bronze:DelayedSlice","floor":15},{"not_picked":["bronze:Virus","bronze:ShipIt"],"picked":"bronze:HardenedForm","floor":16},{"not_picked":["bronze:CutThrough","bronze:Overheat"],"picked":"bronze:DigitalCarnage","floor":19},{"not_picked":["bronze:Turbo","bronze:GetLatest"],"picked":"bronze:ChosenStrike+1","floor":22},{"not_picked":["bronze:Deprecate","bronze:MaxOutput+1","bronze:FineTuning+1"],"picked":"SKIP","floor":25},{"not_picked":["bronze:Iterate","bronze:Turbo+1","bronze:DelayedSlice"],"picked":"SKIP","floor":27},{"not_picked":["bronze:CutThrough+1","bronze:SpaghettiCode","bronze:Invalidate"],"picked":"SKIP","floor":28},{"not_picked":["bronze:Shell","bronze:OilSpill+1"],"picked":"bronze:GetLatest+1","floor":31},{"not_picked":["bronze:Iterate","bronze:DelayedSlice"],"picked":"bronze:Repair","floor":32},{"not_picked":["bronze:CleanCode","bronze:BurnOut"],"picked":"bronze:Assembly","floor":33},{"not_picked":["bronze:ChosenStrike","bronze:BugBarrage","bronze:WhirlingStrike"],"picked":"SKIP","floor":36},{"not_picked":["bronze:OilSpill+1","bronze:Branch+1"],"picked":"bronze:DigitalCarnage+1","floor":37},{"not_picked":["bronze:Turbo+1","bronze:DarkDash","bronze:Shield"],"picked":"SKIP","floor":38},{"not_picked":["bronze:BugBarrage+1","bronze:ForLoop","bronze:FollowUp+1"],"picked":"SKIP","floor":39},{"not_picked":["bronze:Turbo","bronze:Iterate+1"],"picked":"bronze:RecursiveStrike","floor":40},{"not_picked":["bronze:OilSpill","bronze:MaxOutput+1","bronze:Overheat+1"],"picked":"SKIP","floor":42},{"not_picked":["bronze:Shell+1","bronze:FollowUp","bronze:OilSpill"],"picked":"SKIP","floor":46},{"not_picked":["bronze:BuggyMess","bronze:Branch+1"],"picked":"bronze:Flail+1","floor":48},{"not_picked":["bronze:Shield","bronze:DelayedSlice","bronze:Boost+1"],"picked":"SKIP","floor":49}],"player_experience":337466,"relics_obtained":[{"floor":7,"key":"Blue Candle"},{"floor":9,"key":"Pear"},{"floor":14,"key":"Art of War"},{"floor":24,"key":"Anchor"},{"floor":44,"key":"The Courier"}],"event_choices":[{"damage_healed":0,"gold_gain":0,"player_choice":"Success","damage_taken":18,"relics_obtained":["White Beast Statue"],"max_hp_gain":0,"max_hp_loss":0,"event_name":"Scrap Ooze","floor":5,"gold_loss":0},{"damage_healed":0,"gold_gain":0,"player_choice":"Donut","damage_taken":0,"max_hp_gain":5,"max_hp_loss":0,"event_name":"Big Fish","floor":8,"gold_loss":0}],"is_beta":false,"boss_relics":[{"not_picked":["Philosopher\u0027s Stone","bronze:PlatinumCore"],"picked":"Cursed Key"},{"not_picked":["Snecko Eye","Runic Dome"],"picked":"Tiny House"}],"items_purged_floors":[],"is_endless":false,"potions_floor_spawned":[9,10,11,14,15,16,19,22,25,27,28,31,32,33,36,37,38,39,40,42,46,48,49],"killed_by":"downfall:CharBossMerchant","ascension_level":0}}