{"host":"jgqxb38yl0c1w101","time":1613604990,"event":{"mods":["2.2 Compatiblity","AchievementEnabler","BaseMod","Colored Map","Downfall","Highlight Path","Minty Spire (QoL Compilation)","Monster B Gone","Random Character Button","Relic Stats","Replay The Spire","StSLib"],"gold_per_floor":[99,116,127,38,57,84,109,125,137,170,170,70,97,114,127,228,228,128,148,160,310,295,326,326,341,354,308,308,308],"floor_reached":28,"language":"ENG","playtime":3494,"items_purged":["timeeatermod:Strike"],"score":312,"play_id":"df60d0e1-373d-4694-8d68-4953c853622b","local_time":"20210217183630","is_ascension_mode":false,"campfire_choices":[{"data":"timeeatermod:HoldYourBreath","floor":1,"key":"SMITH"},{"data":"timeeatermod:RecurringStrike","floor":12,"key":"SMITH"}],"circlet_count":0,"master_deck":["timeeatermod:Strike","timeeatermod:Strike","timeeatermod:Strike","timeeatermod:Defend","timeeatermod:Defend+1","timeeatermod:Defend","timeeatermod:Defend","timeeatermod:ChangeOfPace","timeeatermod:HoldYourBreath+1","timeeatermod:SpringForward","timeeatermod:TimelineDivergence","timeeatermod:Ripple","timeeatermod:RecurringStrike+1","timeeatermod:RecurringRampage","timeeatermod:ReverseGrip","timeeatermod:BorrowedTime","timeeatermod:FallBack","timeeatermod:TimeWard","timeeatermod:SpringForward+1","timeeatermod:Reverberate","timeeatermod:Blueshift","timeeatermod:TimeEaterModalChoiceDemo+1","timeeatermod:DaylightSavings+1"],"relics":["timeeatermod:TodoItem","Pen Nib","Mercury Hourglass","downfall:HeartBlessingBlue","Philosopher\u0027s Stone","downfall:HeartBlessingGreen","ReplayTheSpireMod:Ring of Addiction","SacredBark","White Beast Statue","PreservedInsect","ReplayFunnel","Toolbox","Bag of Preparation"],"acts_visited":["Exordium","TheCity"],"potions_floor_usage":[9,10,20,22,23,25,27],"damage_taken":[{"damage":0,"enemies":"Jaw Worm","floor":2,"turns":5},{"damage":11,"enemies":"2 Louse","floor":3,"turns":2},{"damage":2,"enemies":"downfall:FleeingMerchant","floor":4,"turns":4},{"damage":7,"enemies":"Small Slimes","floor":5,"turns":3},{"damage":8,"enemies":"Replay:BlueRogue","floor":6,"turns":9},{"damage":7,"enemies":"2 Fungi Beasts","floor":8,"turns":3},{"damage":0,"enemies":"Red Slaver","floor":9,"turns":2},{"damage":0,"enemies":"Lagavulin","floor":10,"turns":5},{"damage":18,"enemies":"Replay:BlueRogue","floor":13,"turns":5},{"damage":0,"enemies":"3 Louse","floor":14,"turns":2},{"damage":8,"enemies":"Blue Slaver","floor":15,"turns":3},{"damage":3,"enemies":"IC_STATUS_ARCHETYPE","floor":16,"turns":8},{"damage":15,"enemies":"3 Byrds","floor":19,"turns":5},{"damage":10,"enemies":"Shell Parasite","floor":20,"turns":4},{"damage":0,"enemies":"downfall:FleeingMerchant","floor":22,"turns":4},{"damage":37,"enemies":"Slavers","floor":23,"turns":3},{"damage":5,"enemies":"Sentry and Sphere","floor":25,"turns":4},{"damage":0,"enemies":"Snake Plant","floor":26,"turns":4},{"damage":5,"enemies":"downfall:FleeingMerchant","floor":27,"turns":3},{"damage":22,"enemies":"3 Cultists","floor":28,"turns":4}],"seed_played":"-7127552034806703046","potions_obtained":[{"floor":3,"key":"Slimebound:ThreeZeroPotion"},{"floor":6,"key":"AttackPotion"},{"floor":10,"key":"Elixir"},{"floor":13,"key":"FearPotion"},{"floor":15,"key":"Slimebound:ThreeZeroPotion"},{"floor":16,"key":"Toxic Potion"},{"floor":18,"key":"FearPotion"},{"floor":18,"key":"Energy Potion"},{"floor":20,"key":"Strength Potion"},{"floor":22,"key":"Slimebound:ThreeZeroPotion"},{"floor":23,"key":"SkillPotion"},{"floor":25,"key":"Energy Potion"},{"floor":26,"key":"AttackPotion"},{"floor":27,"key":"Energy Potion"}],"is_trial":false,"path_per_floor":["R","M","M","$","M","E","T","M","M","E","?","R","E","M","M","B",null,"R_BF","M","M","?","$","E","T","M","M","$","M"],"character_chosen":"THE_TIME_EATER","items_purchased":["timeeatermod:RecurringStrike","Toolbox","Bag of Preparation"],"campfire_rested":0,"item_purchase_floors":[4,27,27],"current_hp_per_floor":[88,86,75,73,66,58,58,50,50,50,50,60,42,42,34,31,98,98,83,73,73,73,36,36,25,25,20,0,0],"gold":308,"neow_bonus":"TEN_PERCENT_HP_BONUS","is_daily":false,"chose_seed":false,"campfire_upgraded":2,"win_rate":0.0,"timestamp":1613604990,"path_taken":["R","M","M","$","M","E","T","M","M","E","?","R","E","M","M","BOSS","R_BF","M","M","?","$","E","T","?","M","$","M"],"items_purchased_type":["Card","Relic","Relic"],"build_version":"2020-12-22","purchased_purges":1,"victory":false,"max_hp_per_floor":[88,88,88,88,88,88,88,88,88,88,88,98,98,98,98,98,98,98,98,98,98,98,98,98,98,98,98,98,98],"relic_stats":{"counters":[20,81],"Pen Nib":[11],"PreservedInsect":0,"Bag of Preparation":[2],"obtain_stats":[{"ReplayFunnel":24,"ReplayTheSpireMod:Ring of Addiction":18,"SacredBark":18,"Vajra":13,"downfall:HeartBlessingGreen":18,"Pen Nib":6,"PreservedInsect":23,"Bag of Preparation":27,"White Beast Statue":18,"Mercury Hourglass":10,"downfall:HeartBlessingBlue":12,"Toolbox":27,"timeeatermod:TodoItem":0,"Philosopher\u0027s Stone":17},{"ReplayFunnel":16,"ReplayTheSpireMod:Ring of Addiction":12,"SacredBark":12,"Vajra":9,"downfall:HeartBlessingGreen":12,"Pen Nib":5,"PreservedInsect":16,"Bag of Preparation":19,"White Beast Statue":12,"Mercury Hourglass":8,"downfall:HeartBlessingBlue":8,"Toolbox":19,"timeeatermod:TodoItem":0,"Philosopher\u0027s Stone":12},{"ReplayFunnel":66,"ReplayTheSpireMod:Ring of Addiction":50,"SacredBark":50,"Vajra":38,"downfall:HeartBlessingGreen":50,"Pen Nib":23,"PreservedInsect":66,"Bag of Preparation":77,"White Beast Statue":50,"Mercury Hourglass":33,"downfall:HeartBlessingBlue":33,"Toolbox":77,"timeeatermod:TodoItem":0,"Philosopher\u0027s Stone":50}],"Mercury Hourglass":[162]},"card_choices":[{"not_picked":["timeeatermod:TimeLockVulnerable","timeeatermod:TimelineDivergence"],"picked":"timeeatermod:SpringForward","floor":2},{"not_picked":["timeeatermod:SpringForward","timeeatermod:GlimpseBeyond"],"picked":"timeeatermod:TimelineDivergence","floor":3},{"not_picked":["timeeatermod:SpareTime","timeeatermod:ReverseGrip"],"picked":"timeeatermod:Ripple","floor":4},{"not_picked":["timeeatermod:ButterflyEffect","timeeatermod:ReverseGrip"],"picked":"timeeatermod:RecurringRampage","floor":5},{"not_picked":["timeeatermod:Hiccup","timeeatermod:RecurringRampage"],"picked":"timeeatermod:ReverseGrip","floor":6},{"not_picked":["timeeatermod:TimeEaterModalChoiceDemo","timeeatermod:EchoingGuard"],"picked":"timeeatermod:BorrowedTime","floor":8},{"not_picked":["timeeatermod:ReverseGrip","timeeatermod:Snooze"],"picked":"timeeatermod:FallBack","floor":9},{"not_picked":["timeeatermod:TimeEaterModalChoiceDemo","timeeatermod:Snooze"],"picked":"timeeatermod:TimeWard","floor":10},{"not_picked":["timeeatermod:LeapPastFate","timeeatermod:TimeLockVulnerable","timeeatermod:Snooze"],"picked":"SKIP","floor":13},{"not_picked":["timeeatermod:ReverseGrip","timeeatermod:SpareTime","timeeatermod:TimeLockWeak"],"picked":"SKIP","floor":14},{"not_picked":["timeeatermod:ReliveThePast","timeeatermod:Redshift","timeeatermod:RecurringRampage"],"picked":"SKIP","floor":15},{"not_picked":["timeeatermod:FallBack","timeeatermod:TimeLockWeak","timeeatermod:TimeEaterModalChoiceDemo"],"picked":"SKIP","floor":19},{"not_picked":["timeeatermod:DaylightSavings","timeeatermod:TimeLockVulnerable"],"picked":"timeeatermod:SpringForward+1","floor":20},{"not_picked":["timeeatermod:ReliveThePast","timeeatermod:TimeLockWeak"],"picked":"timeeatermod:Reverberate","floor":22},{"not_picked":["timeeatermod:RecurringRampage+1","timeeatermod:Desynchronize"],"picked":"timeeatermod:Blueshift","floor":23},{"not_picked":["timeeatermod:TimeShock","timeeatermod:SpareTime+1"],"picked":"timeeatermod:TimeEaterModalChoiceDemo+1","floor":25},{"not_picked":["timeeatermod:ReliveThePast+1","timeeatermod:EchoingGuard","timeeatermod:ReverseGrip"],"picked":"SKIP","floor":26},{"not_picked":["timeeatermod:Blueshift","timeeatermod:Hiccup"],"picked":"timeeatermod:DaylightSavings+1","floor":27}],"player_experience":190036,"relics_obtained":[{"floor":6,"key":"Pen Nib"},{"floor":10,"key":"Mercury Hourglass"},{"floor":13,"key":"Vajra"},{"floor":18,"key":"ReplayTheSpireMod:Ring of Addiction"},{"floor":18,"key":"SacredBark"},{"floor":18,"key":"White Beast Statue"},{"floor":23,"key":"PreservedInsect"},{"floor":24,"key":"ReplayFunnel"}],"event_choices":[],"is_beta":false,"boss_relics":[{"not_picked":["Honey Jar","Ring of Chaos"],"picked":"Philosopher\u0027s Stone"}],"items_purged_floors":[27],"is_endless":false,"potions_floor_spawned":[3,6,10,13,15,16,19,20,22,23,25,26,27],"killed_by":"3 Cultists","ascension_level":0}}