{"host":"w5aax206trqkckez","time":1613521891,"event":{"mods":["AchievementEnabler","BaseMod","Colored Map","Colored Powertips","DeckTracker","Minty Spire (QoL Compilation)","StSLib"],"gold_per_floor":[109,125,138,150,0,0,12,12,35,35,53,53,67,81,81,186,186,206,221,116,116,116,116,116],"floor_reached":23,"language":"ENG","playtime":1853,"items_purged":[],"score":204,"play_id":"e82e4254-f749-41fc-bdb1-d1850e4b0207","local_time":"20210216173131","is_ascension_mode":true,"campfire_choices":[{"data":"Warcry","floor":6,"key":"SMITH"},{"data":"Inflame","floor":8,"key":"SMITH"},{"data":"Pummel","floor":12,"key":"SMITH"},{"data":"Iron Wave","floor":15,"key":"SMITH"}],"circlet_count":0,"master_deck":["Strike_R","Strike_R","Strike_R","Strike_R","Defend_R","Defend_R","Defend_R","Defend_R","Bash","Rampage","Warcry+1","Sever Soul","Inflame+1","Thunderclap","Pummel+1","Armaments","Iron Wave+1","Juggernaut","Twin Strike+1","Thunderclap+1","Spot Weakness","Shockwave"],"relics":["Burning Blood","Strange Spoon","Bag of Marbles","Fusion Hammer","Happy Flower"],"acts_visited":["Exordium","TheCity"],"potions_floor_usage":[16,23,23],"damage_taken":[{"damage":1,"enemies":"Cultist","floor":1,"turns":4},{"damage":0,"enemies":"Small Slimes","floor":2,"turns":3},{"damage":3,"enemies":"2 Louse","floor":3,"turns":3},{"damage":9,"enemies":"Exordium Wildlife","floor":4,"turns":4},{"damage":7,"enemies":"Looter","floor":7,"turns":3},{"damage":11,"enemies":"Red Slaver","floor":11,"turns":4},{"damage":7,"enemies":"Lots of Slimes","floor":13,"turns":3},{"damage":1,"enemies":"2 Fungi Beasts","floor":14,"turns":3},{"damage":30,"enemies":"The Guardian","floor":16,"turns":9},{"damage":31,"enemies":"Shell Parasite","floor":18,"turns":5},{"damage":25,"enemies":"Spheric Guardian","floor":19,"turns":4},{"damage":51,"enemies":"Slavers","floor":23,"turns":3}],"seed_played":"2083688394867097385","potions_obtained":[{"floor":4,"key":"Strength Potion"},{"floor":11,"key":"BlessingOfTheForge"},{"floor":13,"key":"LiquidBronze"},{"floor":16,"key":"GamblersBrew"}],"is_trial":false,"path_per_floor":["M","M","M","M","$","R","M","R","T","?","M","R","M","M","R","B",null,"M","M","$","?","?","E"],"character_chosen":"IRONCLAD","items_purchased":["Strange Spoon","Spot Weakness","Shockwave"],"campfire_rested":0,"item_purchase_floors":[5,20,20],"current_hp_per_floor":[88,88,88,85,85,85,84,84,84,84,79,79,78,83,83,59,88,63,44,44,44,44,0,0],"gold":116,"neow_bonus":"TEN_PERCENT_HP_BONUS","is_daily":false,"chose_seed":false,"campfire_upgraded":4,"win_rate":0.0,"timestamp":1613521891,"path_taken":["M","M","M","M","$","R","M","R","T","?","M","R","M","M","R","BOSS","M","M","$","?","?","E"],"items_purchased_type":["Relic","Card","Card"],"build_version":"2020-12-22","purchased_purges":0,"victory":false,"max_hp_per_floor":[88,88,88,88,88,88,88,88,88,88,88,88,88,88,88,88,88,88,88,88,88,88,88,88],"card_choices":[{"not_picked":["Clothesline","Havoc"],"picked":"Rampage","floor":1},{"not_picked":["Intimidate","Perfected Strike"],"picked":"Warcry","floor":2},{"not_picked":["Battle Trance","Heavy Blade"],"picked":"Sever Soul","floor":3},{"not_picked":["Second Wind","Pummel"],"picked":"Inflame","floor":4},{"not_picked":["Flex","Body Slam"],"picked":"Thunderclap","floor":7},{"not_picked":["Sword Boomerang","Cleave"],"picked":"Pummel","floor":11},{"not_picked":["Body Slam","Uppercut"],"picked":"Armaments","floor":13},{"not_picked":["Pummel","Body Slam"],"picked":"Iron Wave","floor":14},{"not_picked":["Berserk","Corruption"],"picked":"Juggernaut","floor":16},{"not_picked":["Bloodletting","Warcry"],"picked":"Twin Strike+1","floor":18},{"not_picked":["Fire Breathing","Anger+1"],"picked":"Thunderclap+1","floor":19}],"player_experience":54423,"relics_obtained":[{"floor":9,"key":"Bag of Marbles"}],"event_choices":[{"cards_removed":["Strike_R"],"damage_healed":0,"gold_gain":0,"player_choice":"Purged","damage_taken":0,"max_hp_gain":0,"max_hp_loss":0,"event_name":"Purifier","floor":10,"gold_loss":0},{"damage_healed":0,"gold_gain":0,"player_choice":"Opened","damage_taken":0,"relics_obtained":["Happy Flower"],"max_hp_gain":0,"max_hp_loss":0,"event_name":"The Mausoleum","floor":21,"gold_loss":0},{"damage_healed":0,"gold_gain":0,"player_choice":"Ignored","damage_taken":0,"max_hp_gain":0,"max_hp_loss":0,"event_name":"Beggar","floor":22,"gold_loss":0}],"is_beta":false,"boss_relics":[{"not_picked":["Runic Dome","Runic Pyramid"],"picked":"Fusion Hammer"}],"items_purged_floors":[],"is_endless":false,"potions_floor_spawned":[4,11,13,14,16,18],"killed_by":"Slavers","ascension_level":2}}