{"host":"g2yp6paluzgljz05","time":1613569001,"event":{"mods":["BaseMod","Bestiary","Colored Powertips","DeckTracker","Highlight Path","Minty Spire (QoL Compilation)","Quick Restart"],"gold_per_floor":[13,13,25,25,25,25,200,200,200,89,115,129,129,148,148,248,248,264,12,0,0,17,17,48,24,24,24,36,66,8,107,107,209,209,223,223,105,180,60,60,93,93,93,107,126,126,146,162,162,162],"floor_reached":51,"language":"ENG","playtime":2350,"items_purged":["Doubt","Strike_R","Bash","Strike_R"],"score":1071,"play_id":"61c054ea-b250-4444-879a-e8e54690b27d","local_time":"20210218003641","is_ascension_mode":true,"campfire_choices":[{"data":"Immolate","floor":6.0,"key":"SMITH"},{"data":"True Grit","floor":15.0,"key":"SMITH"},{"data":"Barricade","floor":23.0,"key":"SMITH"},{"data":"Flame Barrier","floor":27,"key":"SMITH"},{"floor":32,"key":"REST"},{"data":"Juggernaut","floor":40,"key":"SMITH"},{"floor":42,"key":"REST"},{"data":"Juggernaut","floor":46,"key":"SMITH"},{"floor":49,"key":"REST"}],"circlet_count":0,"master_deck":["AscendersBane","Strike_R","Strike_R","Defend_R","Defend_R","Defend_R+1","Defend_R","Metallicize+1","Immolate+1","Flame Barrier+1","True Grit+1","Barricade+1","Entrench+1","Juggernaut+1","Shrug It Off","Combust","Evolve","Fiend Fire+1","Bash+1","Juggernaut+1","Shrug It Off","Metallicize+1"],"relics":["Burning Blood","Bird Faced Urn","Bag of Marbles","Sozu","Bronze Scales","Nloth\u0027s Gift","Molten Egg 2","White Beast Statue","The Courier","Velvet Choker","Paper Frog","Blood Vial"],"acts_visited":["Exordium","TheCity","TheBeyond"],"potions_floor_usage":[50],"damage_taken":[{"damage":3.0,"enemies":"Small Slimes","floor":1.0,"turns":4.0},{"damage":7.0,"enemies":"2 Louse","floor":3.0,"turns":2.0},{"damage":34.0,"enemies":"Gremlin Nob","floor":11.0,"turns":5.0},{"damage":0.0,"enemies":"Cultist","floor":12.0,"turns":3.0},{"damage":8.0,"enemies":"Blue Slaver","floor":14.0,"turns":2.0},{"damage":53.0,"enemies":"The Guardian","floor":16.0,"turns":19.0},{"damage":0.0,"enemies":"3 Byrds","floor":18.0,"turns":5.0},{"damage":8.0,"enemies":"2 Thieves","floor":22.0,"turns":3.0},{"damage":32.0,"enemies":"Book of Stabbing","floor":24.0,"turns":8.0},{"damage":15,"enemies":"3 Cultists","floor":28,"turns":5},{"damage":38,"enemies":"Slavers","floor":29,"turns":4},{"damage":14,"enemies":"Automaton","floor":33,"turns":14},{"damage":10,"enemies":"3 Darklings","floor":35,"turns":6},{"damage":65,"enemies":"Nemesis","floor":41,"turns":7},{"damage":3,"enemies":"Orb Walker","floor":44,"turns":4},{"damage":28,"enemies":"Jaw Worm Horde","floor":45,"turns":4},{"damage":30,"enemies":"Maw","floor":47,"turns":7},{"damage":32,"enemies":"Spire Growth","floor":48,"turns":5},{"damage":66,"enemies":"Time Eater","floor":50,"turns":11}],"seed_played":"7308084390411478335","potions_obtained":[{"floor":3.0,"key":"DuplicationPotion"},{"floor":11.0,"key":"Dexterity Potion"}],"is_trial":false,"path_per_floor":["M","$","M","?","?","R","?","?","T","$","E","M","?","M","R","B",null,"M","$","?","?","M","R","E","$","T","R","M","E","$","?","R","B",null,"M","?","$","T","$","R","E","R","T","M","M","R","M","M","R","B",null],"character_chosen":"IRONCLAD","items_purchased":["Flame Barrier","Bronze Scales","Shrug It Off","Evolve","Shrug It Off"],"campfire_rested":3,"item_purchase_floors":[10,19,25,30,37],"current_hp_per_floor":[75,75,74,74,58,58,58,58,58,58,32,40,66,64,70,25,66,76,76,76,76,74,74,52,52,52,52,49,23,23,23,47,49,72,78,78,78,78,78,78,27,51,51,66,58,58,50,38,62,18],"gold":162,"neow_bonus":"ONE_RARE_RELIC","is_daily":false,"chose_seed":false,"campfire_upgraded":6,"win_rate":0.0,"timestamp":1613569001,"path_taken":["M","$","M","?","?","R","?","?","T","$","E","M","?","M","R","BOSS","M","$","?","?","?","R","E","?","T","R","M","E","$","?","R","BOSS","M","?","$","?","?","R","E","R","T","M","M","R","M","?","R","BOSS"],"items_purchased_type":["Card","Relic","Card","Card","Card"],"build_version":"2020-12-22","purchased_purges":4,"victory":true,"max_hp_per_floor":[80,80,80,80,80,80,80,80,80,80,80,80,80,80,80,80,80,80,80,80,80,80,80,80,80,80,80,80,80,80,80,80,80,80,80,80,80,80,80,80,80,80,80,80,80,80,80,80,80,80],"card_choices":[{"not_picked":["Twin Strike","Iron Wave","Power Through"],"picked":"SKIP","floor":1.0},{"not_picked":["Sever Soul","Shrug It Off"],"picked":"Metallicize","floor":3.0},{"not_picked":["Thunderclap","Intimidate","Cleave"],"picked":"SKIP","floor":11.0},{"not_picked":["Sword Boomerang","Pommel Strike"],"picked":"True Grit","floor":12.0},{"not_picked":["Entrench","Pommel Strike","Thunderclap"],"picked":"SKIP","floor":14.0},{"not_picked":["Juggernaut","Feed"],"picked":"Barricade","floor":16.0},{"not_picked":["Armaments","Rampage"],"picked":"Entrench+1","floor":18.0},{"not_picked":["Flex","Pummel","Clash+1"],"picked":"SKIP","floor":22.0},{"not_picked":["Infernal Blade+1","Flex+1"],"picked":"Juggernaut","floor":24},{"not_picked":["Rage","Perfected Strike+1","Limit Break"],"picked":"SKIP","floor":28},{"not_picked":["Feed+1","Reaper+1"],"picked":"Combust","floor":29},{"not_picked":["Exhume","Barricade"],"picked":"Fiend Fire+1","floor":33},{"not_picked":["Pommel Strike+1","Wild Strike+1","Heavy Blade+1"],"picked":"SKIP","floor":35},{"not_picked":["Shockwave+1","Hemokinesis+1","Searing Blow+1"],"picked":"SKIP","floor":41},{"not_picked":["Cleave+1","Juggernaut"],"picked":"Metallicize+1","floor":44},{"not_picked":["Clash+1","Searing Blow+1","Intimidate"],"picked":"SKIP","floor":45},{"not_picked":["Sentinel+1","Cleave+1","Anger+1"],"picked":"SKIP","floor":47},{"not_picked":["Havoc","Infernal Blade+1","Heavy Blade+1"],"picked":"SKIP","floor":48}],"player_experience":382466,"relics_obtained":[{"floor":9.0,"key":"Eternal Feather"},{"floor":11.0,"key":"Bag of Marbles"},{"floor":24,"key":"Molten Egg 2"},{"floor":26,"key":"White Beast Statue"},{"floor":29,"key":"The Courier"},{"floor":38,"key":"Paper Frog"},{"floor":41,"key":"Blood Vial"}],"event_choices":[{"damage_healed":0.0,"max_hp_gain":0.0,"max_hp_loss":0.0,"gold_gain":0.0,"cards_transformed":["Strike_R"],"event_name":"Living Wall","player_choice":"Change","floor":4.0,"gold_loss":0.0,"damage_taken":0.0,"cards_obtained":["Immolate"]},{"damage_healed":0.0,"max_hp_gain":0.0,"max_hp_loss":0.0,"gold_gain":0.0,"event_name":"Shining Light","player_choice":"Entered Light","floor":5.0,"gold_loss":0.0,"damage_taken":16.0,"cards_upgraded":["Defend_R","Metallicize"]},{"damage_healed":0.0,"max_hp_gain":0.0,"max_hp_loss":0.0,"gold_gain":175.0,"event_name":"Liars Game","player_choice":"AGREE","floor":7.0,"gold_loss":0.0,"damage_taken":0.0,"cards_obtained":["Doubt"]},{"damage_healed":0.0,"max_hp_gain":0.0,"max_hp_loss":0.0,"gold_gain":0.0,"event_name":"Dead Adventurer","player_choice":"Searched \u00271\u0027 times","floor":8.0,"gold_loss":0.0,"damage_taken":0.0},{"damage_healed":26.0,"max_hp_gain":0.0,"max_hp_loss":0.0,"gold_gain":0.0,"event_name":"Big Fish","player_choice":"Banana","floor":13.0,"gold_loss":0.0,"damage_taken":0.0},{"damage_healed":0.0,"max_hp_gain":0.0,"max_hp_loss":0.0,"gold_gain":0.0,"event_name":"Masked Bandits","player_choice":"Paid Fearfully","floor":20.0,"gold_loss":12.0,"damage_taken":0.0},{"damage_healed":0.0,"max_hp_gain":0.0,"max_hp_loss":0.0,"gold_gain":0.0,"event_name":"N\u0027loth","player_choice":"Traded Relic","floor":21.0,"relics_lost":["Eternal Feather"],"gold_loss":0.0,"damage_taken":0.0,"relics_obtained":["Nloth\u0027s Gift"]},{"damage_healed":0,"gold_gain":99,"player_choice":"Stole From Cult","damage_taken":0,"max_hp_gain":0,"max_hp_loss":0,"event_name":"Nest","floor":31,"gold_loss":0},{"damage_healed":0,"gold_gain":0,"player_choice":"2 cards matched","damage_taken":0,"max_hp_gain":0,"max_hp_loss":0,"event_name":"Match and Keep!","floor":36,"gold_loss":0,"cards_obtained":["Bash","Juggernaut"]}],"is_beta":false,"boss_relics":[{"not_picked":["Runic Pyramid","Cursed Key"],"picked":"Sozu"},{"not_picked":["Empty Cage","SacredBark"],"picked":"Velvet Choker"}],"items_purged_floors":[10,19,37,39],"is_endless":false,"potions_floor_spawned":[3,11,18,28,29,33,35,41,44,45,47,48],"ascension_level":11}}