{"host":"rwzz6mk6bpmb57ql","time":1613536901,"event":{"mods":["AchievementEnabler","BaseMod","Better Third Choice","BetterRewards","Colored Map","Highlight Path","Hubris","Infinite Spire","Minty Spire (QoL Compilation)","Replay The Spire","StSLib","Wandering Minibosses"],"gold_per_floor":[5614,5614,5629,5649,5156,5156,4414,4435,4512,4543,4563,4593,4693,4731,4731,4839,4839,4857,4872,4911,4934,4949,4949,4949,4990,4990,4586,4586,4614,4614,4629,4629,4741,4841,4855,4815,4831,4849,4849,4849,4893,4943,4943,4943,4959,4994,4542,4570,4570,4578,4578,4578,3700,3748,3818],"floor_reached":56,"language":"ENG","playtime":1985,"items_purged":["Strike_B","Defend_B","Strike_B","Defend_B","Strike_B"],"score":1874,"play_id":"11f5e5ad-e2a9-4d2e-b809-915d9888d9c6","local_time":"20210216224141","is_ascension_mode":true,"campfire_choices":[{"floor":6,"key":"RECALL"},{"data":"infinitespire:Gouge","floor":15,"key":"SMITH"},{"data":"ReplayTheSpireMod:Fabricate Wheel","floor":23,"key":"SMITH"},{"data":"Replay:Dark Deal","floor":28,"key":"SMITH"},{"data":"Zap","floor":30,"key":"SMITH"},{"data":"Dualcast","floor":32,"key":"SMITH"},{"data":"Defragment","floor":40,"key":"SMITH"},{"data":"Defragment","floor":49,"key":"SMITH"},{"data":"FIFO Queue","floor":52,"key":"SMITH"}],"circlet_count":0,"master_deck":["Defend_B+1","Zap+1","Dualcast+1","Ball Lightning","Conserve Battery","infinitespire:Gouge+1","FIFO Queue+1","Ball Lightning+1","Replay:Dark Deal+1","Ball Lightning+1","Recycle","Lockon+1","infinitespire:Oblivion+1","Multi-Cast","Core Surge+1","Defragment+1","Ball Lightning+1","Echo Form","Defragment+1","Defragment","Capacitor+1"],"relics":["Cracked Core","infinitespire:Midas Blood","ReplayFunnel","ReplayTheSpireMod:ShopPack","Molten Egg 2","Bottled Flame","MealTicket","Replay:Mystery Machine","Inserter","Red Mask","Bag of Marbles","Prayer Wheel","CaptainsWheel","Lantern","hubris:64BitClover","hubris:Spice","Replay:Wanted Poster","Bronze Scales","Mango","hubris:BallOfYels","hubris:SoftwareUpdate","Singing Bowl","Strange Spoon","Sundial","Replay:PocketPolymizer","infinitespire:SolderingIron"],"acts_visited":["Exordium","TheCity","TheBeyond","TheEnding"],"potions_floor_usage":[14,16,20,22,22,41,54],"damage_taken":[{"damage":6,"enemies":"Cultist","floor":1,"turns":3},{"damage":1,"enemies":"2 Louse","floor":3,"turns":2},{"damage":0,"enemies":"Jaw Worm","floor":4,"turns":3},{"damage":20,"enemies":"Gremlin Gang","floor":8,"turns":4},{"damage":22,"enemies":"Gremlin Nob","floor":10,"turns":4},{"damage":6,"enemies":"Blue Slaver","floor":11,"turns":3},{"damage":9,"enemies":"Replay:BlueRogue","floor":12,"turns":4},{"damage":30,"enemies":"Lagavulin","floor":14,"turns":4},{"damage":12,"enemies":"Hexaghost","floor":16,"turns":6},{"damage":0,"enemies":"2 Thieves","floor":18,"turns":1},{"damage":3,"enemies":"Chosen","floor":19,"turns":3},{"damage":43,"enemies":"Masked Bandits","floor":20,"turns":3},{"damage":52,"enemies":"3 Cultists","floor":21,"turns":5},{"damage":20,"enemies":"Centurion and Healer","floor":22,"turns":5},{"damage":28,"enemies":"Book of Stabbing","floor":25,"turns":4},{"damage":8,"enemies":"Nightmare","floor":29,"turns":7},{"damage":0,"enemies":"Cultist and Chosen","floor":31,"turns":1},{"damage":30,"enemies":"hubris:MusketHawk","floor":33,"turns":5},{"damage":0,"enemies":"3 Darklings","floor":35,"turns":1},{"damage":12,"enemies":"Orb Walker","floor":37,"turns":2},{"damage":0,"enemies":"Maw","floor":38,"turns":4},{"damage":26,"enemies":"Nightmare","floor":41,"turns":6},{"damage":0,"enemies":"Mind Bloom Boss Battle","floor":42,"turns":1},{"damage":0,"enemies":"Transient","floor":45,"turns":5},{"damage":1,"enemies":"Giant Head","floor":46,"turns":5},{"damage":0,"enemies":"Reptomancer","floor":48,"turns":2},{"damage":64,"enemies":"Time Eater","floor":50,"turns":5},{"damage":66,"enemies":"Shield and Spear","floor":54,"turns":4},{"damage":84,"enemies":"The Heart","floor":55,"turns":6}],"seed_played":"-1970089505168220343","potions_obtained":[{"floor":8,"key":"SkillPotion"},{"floor":11,"key":"GamblersBrew"},{"floor":12,"key":"SpeedPotion"},{"floor":16,"key":"Swift Potion"},{"floor":19,"key":"Cursed Concoction"},{"floor":20,"key":"Toxic Potion"},{"floor":21,"key":"Venom Potion"},{"floor":22,"key":"FearPotion"},{"floor":31,"key":"SneckoOil"},{"floor":41,"key":"SmokeBomb"},{"floor":42,"key":"AttackPotion"}],"is_trial":false,"path_per_floor":["M","T","M","M","?","R","$","M","T","E","M","E","?","E","R","B",null,"M","M","?","M","M","R","AVR","E","T","$","R","NM","R","M","R","B",null,"M","?","M","M","?","R","NM","?","T","?","M","E","$","E","R","B",null,"R","$","E","B",null],"character_chosen":"DEFECT","items_purchased":["infinitespire:Midas Blood","ReplayFunnel","ReplayTheSpireMod:ShopPack","FIFO Queue","Ball Lightning","hubris:64BitClover","Defragment","Singing Bowl","Strange Spoon","Sundial","Replay:PocketPolymizer"],"campfire_rested":0,"item_purchase_floors":[7,7,7,7,7,27,47,47,53,53,53],"current_hp_per_floor":[132,132,131,131,131,131,131,111,111,89,83,74,74,44,44,32,112,112,109,76,124,104,104,104,76,76,91,91,91,91,91,91,61,125,125,125,113,113,113,113,87,101,101,101,101,100,115,123,123,59,141,141,156,92,108],"gold":3818,"neow_bonus":"REMOVE_TWO","is_daily":false,"chose_seed":false,"campfire_upgraded":8,"win_rate":0.0,"timestamp":1613536901,"path_taken":["M","?","M","M","?","R","$","M","T","E","M","E","?","E","R","BOSS","M","?","?","M","M","R","AVR","E","T","$","R","NM","R","M","R","BOSS","M","?","M","?","?","R","NM","?","T","?","M","E","$","E","R","BOSS","R","$","E","BOSS"],"items_purchased_type":["Relic","Relic","Relic","Card","Card","Relic","Card","Relic","Relic","Relic","Relic"],"build_version":"2020-12-22","purchased_purges":5,"victory":true,"max_hp_per_floor":[138,138,138,138,138,138,138,138,138,138,138,138,138,138,138,138,138,138,138,138,138,138,138,138,138,138,138,138,146,146,146,146,146,146,146,146,146,146,146,146,146,160,160,160,160,160,160,168,168,168,168,168,168,170,170],"card_choices":[{"not_picked":["Rebound","BasicCrystalCard"],"picked":"Ball Lightning","floor":1},{"not_picked":["Melter","Reprogram"],"picked":"Conserve Battery","floor":3},{"not_picked":["Glacier","Leap","Hello World"],"picked":"SKIP","floor":4},{"not_picked":["infinitespire:FinalStrike","Replay:Fractal Strike"],"picked":"infinitespire:Gouge","floor":5},{"not_picked":["Midas Touch","Violence"],"picked":"Replay:Dark Deal","floor":7},{"not_picked":["Steam","Redo","Reinforced Body"],"picked":"SKIP","floor":8},{"not_picked":["Hologram","ReplayTheSpireMod:Reroute Power","BasicCrystalCard"],"picked":"SKIP","floor":10},{"not_picked":["ReplayTheSpireMod:Reroute Power","Coolheaded","Compile Driver+1"],"picked":"SKIP","floor":11},{"not_picked":["Force Field","Storm","Chaos"],"picked":"SKIP","floor":12},{"not_picked":["Melter+1","Leap"],"picked":"Ball Lightning+1","floor":14},{"not_picked":["Hyperbeam+1","hubris:DoWhile"],"picked":"ReplayTheSpireMod:Fabricate Wheel","floor":16},{"not_picked":["Conserve Battery","Barrage+1"],"picked":"Recycle","floor":18},{"not_picked":["Stack+1","Storm+1"],"picked":"Lockon+1","floor":19},{"not_picked":["Rebound+1","Turbo","Panic Button"],"picked":"SKIP","floor":21},{"not_picked":["Coolheaded","Beam Cell+1"],"picked":"Ball Lightning+1","floor":22},{"not_picked":["Streamline+1","Gash+1","BasicCrystalCard"],"picked":"SKIP","floor":25},{"not_picked":["Turbo","Sweeping Beam+1","Aggregate"],"picked":"SKIP","floor":29},{"not_picked":["Hologram","Conserve Battery","ReplayTheSpireMod:Reroute Power+1"],"picked":"SKIP","floor":31},{"not_picked":["Conserve Battery+1","Panic Button+1","Coolheaded"],"picked":"SKIP","floor":31},{"not_picked":["Reboot","ReplayRNGCard"],"picked":"Core Surge+1","floor":33},{"not_picked":["Redo","Leap+1","Genetic Algorithm"],"picked":"SKIP","floor":35},{"not_picked":["Beam Cell+1","Leap","Chaos+1"],"picked":"SKIP","floor":35},{"not_picked":["Steam Power+1","Barrage+1","Rebound+1"],"picked":"SKIP","floor":37},{"not_picked":["Go for the Eyes+1","Rainbow","Compile Driver+1"],"picked":"SKIP","floor":37},{"not_picked":["Cold Snap+1","Double Energy"],"picked":"Defragment","floor":38},{"not_picked":["FIFO Queue+1","Stack+1","Beam Cell+1"],"picked":"SKIP","floor":38},{"not_picked":["Stack","Beam Cell+1"],"picked":"Ball Lightning+1","floor":41},{"not_picked":["ReplayTheSpireMod:Repulse+1","Static Discharge"],"picked":"Echo Form","floor":42},{"not_picked":["Scrape+1","Sweeping Beam+1"],"picked":"Defragment","floor":45},{"not_picked":["Fusion+1","Ball Lightning+1","Panic Button+1"],"picked":"SKIP","floor":45},{"not_picked":["Fusion+1","Ball Lightning+1","Panic Button+1"],"picked":"SKIP","floor":45},{"not_picked":["hubris:DoWhile","Chill","Redo"],"picked":"SKIP","floor":46},{"not_picked":["Conserve Battery+1","Consume+1"],"picked":"Capacitor+1","floor":48},{"not_picked":["hubris:SpiceAddiction","Gash+1","Sweeping Beam+1"],"picked":"Singing Bowl","floor":54}],"player_experience":221389,"relics_obtained":[{"floor":9,"key":"Molten Egg 2"},{"floor":10,"key":"Bottled Flame"},{"floor":12,"key":"MealTicket"},{"floor":14,"key":"Replay:Mystery Machine"},{"floor":20,"key":"Red Mask"},{"floor":25,"key":"CaptainsWheel"},{"floor":26,"key":"Lantern"},{"floor":29,"key":"hubris:Spice"},{"floor":41,"key":"Bronze Scales"},{"floor":42,"key":"Mango"},{"floor":43,"key":"hubris:BallOfYels"},{"floor":46,"key":"hubris:SoftwareUpdate"},{"floor":48,"key":"hubris:Spice"},{"floor":54,"key":"infinitespire:SolderingIron"}],"event_choices":[{"damage_healed":0,"gold_gain":100,"player_choice":"Pray","damage_taken":0,"max_hp_gain":0,"max_hp_loss":0,"event_name":"Golden Shrine","floor":13,"gold_loss":0},{"damage_healed":0,"gold_gain":0,"player_choice":"Fought Bandits","damage_taken":0,"max_hp_gain":0,"max_hp_loss":0,"event_name":"Masked Bandits","floor":20,"gold_loss":0},{"damage_healed":0,"gold_gain":0,"player_choice":"Upgraded Two","damage_taken":0,"max_hp_gain":0,"max_hp_loss":0,"event_name":"Designer","floor":36,"gold_loss":40,"cards_upgraded":["Ball Lightning","Defend_B"]},{"cards_removed":["Ball Lightning"],"damage_healed":0,"gold_gain":0,"player_choice":"Removed Attack","damage_taken":0,"max_hp_gain":0,"max_hp_loss":0,"event_name":"Falling","floor":39,"gold_loss":0},{"damage_healed":0,"gold_gain":0,"player_choice":"Fight","damage_taken":0,"max_hp_gain":0,"max_hp_loss":0,"event_name":"MindBloom","floor":42,"gold_loss":0},{"damage_healed":0,"gold_gain":0,"player_choice":"Got Potions","damage_taken":0,"max_hp_gain":0,"max_hp_loss":0,"event_name":"Lab","floor":44,"gold_loss":0}],"is_beta":false,"boss_relics":[{"not_picked":["infinitespire:Cupcake","Replay:Drink Me"],"picked":"Inserter"},{"not_picked":["SlaversCollar","Astrolabe"],"picked":"Replay:Wanted Poster"}],"items_purged_floors":[7,24,27,47,53],"is_endless":false,"potions_floor_spawned":[8,11,12,16,19,20,21,22,31,41,42,46],"ascension_level":7}}