{"host":"4nv61ujg37lx5d7m","time":1613547828,"event":{"mods":["BaseMod","Minty Spire (QoL Compilation)","Quick Restart"],"gold_per_floor":[119,194,5,19,19,19,6,31,57,57,83,83,102,127,127,243,243,256,267,31,44,63,63,88,88,167,184,213,213,30,57,57,161,161,172,25,37,0,16,46,46,46,46,81,81,114,125,145,145,145,145,145,57,85,85],"floor_reached":56,"language":"ZHS","playtime":3277,"items_purged":["Strike_R","Strike_R","Strike_R","Strike_R","Strike_R"],"score":1711,"play_id":"2a2a5258-eb73-4fed-a74e-bf142de870e7","local_time":"20210217154348","is_ascension_mode":true,"campfire_choices":[{"data":"Magnetism","floor":6.0,"key":"SMITH"},{"data":"Body Slam","floor":10.0,"key":"SMITH"},{"floor":12.0,"key":"REST"},{"data":"Havoc","floor":15.0,"key":"SMITH"},{"floor":23.0,"key":"REST"},{"floor":25.0,"key":"REST"},{"floor":32.0,"key":"REST"},{"floor":41.0,"key":"REST"},{"floor":45.0,"key":"REST"},{"floor":49.0,"key":"RECALL"},{"floor":52,"key":"REST"}],"circlet_count":0,"master_deck":["Defend_R","Defend_R","Defend_R","Defend_R","Bash","Magnetism+1","Body Slam+1","Burning Pact","Shrug It Off","Ghostly Armor","Power Through","Anger+1","Havoc+1","Bludgeon+1","Rupture+1","Burning Pact","Bludgeon+1","Feel No Pain","Heavy Blade+1","Fire Breathing","Seeing Red","Second Wind","Impervious","Bloodletting","Demon Form","Brutality","Carnage+1","Dark Embrace"],"relics":["Burning Blood","Membership Card","Molten Egg 2","Lantern","Odd Mushroom","Ornamental Fan","Snecko Eye","DollysMirror","Dream Catcher","Matryoshka","Self Forming Clay","Bag of Preparation","Pantograph","Bag of Marbles","Runic Cube","Juzu Bracelet","Red Mask","Potion Belt","Ancient Tea Set","Strawberry","Magic Flower","Oddly Smooth Stone","Thread and Needle"],"acts_visited":["Exordium","TheCity","TheBeyond","TheEnding"],"potions_floor_usage":[55,55,55,55,55],"damage_taken":[{"damage":18.0,"enemies":"Cultist","floor":1.0,"turns":5.0},{"damage":4.0,"enemies":"2 Louse","floor":4.0,"turns":3.0},{"damage":35.0,"enemies":"3 Sentries","floor":8.0,"turns":12.0},{"damage":17.0,"enemies":"The Mushroom Lair","floor":11.0,"turns":5.0},{"damage":1.0,"enemies":"Small Slimes","floor":13.0,"turns":5.0},{"damage":19.0,"enemies":"Gremlin Nob","floor":14.0,"turns":4.0},{"damage":22.0,"enemies":"Hexaghost","floor":16.0,"turns":9.0},{"damage":0.0,"enemies":"2 Thieves","floor":18.0,"turns":3.0},{"damage":0.0,"enemies":"Spheric Guardian","floor":19.0,"turns":3.0},{"damage":25.0,"enemies":"Shelled Parasite and Fungi","floor":21.0,"turns":6.0},{"damage":13.0,"enemies":"Snecko","floor":22.0,"turns":3.0},{"damage":34.0,"enemies":"Gremlin Leader","floor":24.0,"turns":3.0},{"damage":4.0,"enemies":"Centurion and Healer","floor":27.0,"turns":5.0},{"damage":10.0,"enemies":"Book of Stabbing","floor":28.0,"turns":3.0},{"damage":30.0,"enemies":"Gremlin Leader","floor":31.0,"turns":8.0},{"damage":26.0,"enemies":"Champ","floor":33.0,"turns":8.0},{"damage":36.0,"enemies":"3 Darklings","floor":35.0,"turns":5.0},{"damage":0.0,"enemies":"Orb Walker","floor":37.0,"turns":1.0},{"damage":4.0,"enemies":"4 Shapes","floor":39.0,"turns":5.0},{"damage":19.0,"enemies":"Giant Head","floor":40.0,"turns":6.0},{"damage":42.0,"enemies":"Reptomancer","floor":44.0,"turns":4.0},{"damage":9.0,"enemies":"Giant Head","floor":46.0,"turns":4.0},{"damage":12.0,"enemies":"Transient","floor":47.0,"turns":5.0},{"damage":12.0,"enemies":"Sphere and 2 Shapes","floor":48.0,"turns":5.0},{"damage":75,"enemies":"Donu and Deca","floor":50,"turns":7},{"damage":14,"enemies":"Shield and Spear","floor":54,"turns":6},{"damage":54,"enemies":"The Heart","floor":55,"turns":5}],"seed_played":"-8849892207524132412","potions_obtained":[{"floor":1.0,"key":"GamblersBrew"},{"floor":8.0,"key":"LiquidBronze"},{"floor":13.0,"key":"SteroidPotion"},{"floor":14.0,"key":"Dexterity Potion"},{"floor":18.0,"key":"DistilledChaos"},{"floor":22.0,"key":"ElixirPotion"},{"floor":28.0,"key":"Weak Potion"},{"floor":37.0,"key":"Energy Potion"},{"floor":42.0,"key":"CultistPotion"},{"floor":42.0,"key":"SkillPotion"},{"floor":44.0,"key":"Dexterity Potion"},{"floor":48.0,"key":"GamblersBrew"},{"floor":54,"key":"ColorlessPotion"}],"is_trial":false,"path_per_floor":["M","?","$","M","?","R","$","E","T","R","?","R","M","E","R","B",null,"M","M","$","M","M","R","E","R","T","M","E","?","$","E","R","B",null,"M","$","M","?","M","E","R","?","T","E","R","E","M","M","R","B",null,"R","$","E","B",null],"character_chosen":"IRONCLAD","items_purchased":["Membership Card","Shrug It Off","DollysMirror","Dream Catcher","Feel No Pain","Pantograph","Juzu Bracelet"],"campfire_rested":7,"item_purchase_floors":[3,7,20,20,20,30,36],"current_hp_per_floor":[60,49,49,51,56,56,56,27,27,27,16,39,44,31,31,15,62,68,74,74,55,48,71,43,66,66,68,64,64,64,40,63,57,72,42,42,48,48,50,37,60,60,67,31,56,56,53,50,50,18,68,84,84,79,39],"gold":85,"neow_bonus":"RANDOM_COLORLESS_2","is_daily":false,"chose_seed":false,"campfire_upgraded":3,"win_rate":0.0,"timestamp":1613547828,"path_taken":["M","?","$","M","?","R","$","E","T","R","?","R","M","E","R","BOSS","M","M","$","M","M","R","E","R","T","M","E","?","?","E","R","BOSS","M","$","M","?","M","E","R","?","T","E","R","E","M","M","R","BOSS","R","$","E","BOSS"],"items_purchased_type":["Relic","Card","Relic","Relic","Card","Relic","Relic"],"build_version":"2020-12-22","purchased_purges":5,"victory":true,"max_hp_per_floor":[72,72,72,72,77,77,77,77,77,77,77,77,77,77,77,77,77,77,77,77,77,77,77,77,77,77,77,77,77,77,77,77,77,77,77,77,77,77,77,77,77,77,84,84,84,84,84,84,84,84,84,84,84,84,84],"card_choices":[{"not_picked":["Master of Strategy","Transmutation"],"picked":"Magnetism","floor":0.0},{"not_picked":["Sentinel","Twin Strike"],"picked":"Body Slam","floor":1.0},{"not_picked":["Heavy Blade","Sword Boomerang"],"picked":"Burning Pact","floor":4.0},{"not_picked":["Cleave+1","Heavy Blade+1"],"picked":"Ghostly Armor","floor":8.0},{"not_picked":["Searing Blow+1","Dropkick+1"],"picked":"Power Through","floor":11.0},{"not_picked":["Immolate+1","Bloodletting"],"picked":"Anger+1","floor":13.0},{"not_picked":["Sword Boomerang+1","Flex"],"picked":"Havoc","floor":14.0},{"not_picked":["Feed+1","Fiend Fire+1"],"picked":"Bludgeon+1","floor":16.0},{"not_picked":["Sever Soul+1","Armaments"],"picked":"Rupture+1","floor":18.0},{"not_picked":["Warcry","Cleave+1"],"picked":"Burning Pact","floor":19.0},{"not_picked":["Shrug It Off","Armaments","True Grit"],"picked":"SKIP","floor":21.0},{"not_picked":["Armaments","Exhume"],"picked":"Heavy Blade+1","floor":22.0},{"not_picked":["Thunderclap+1","Havoc"],"picked":"Fire Breathing","floor":23.0},{"not_picked":["Iron Wave+1","Evolve"],"picked":"Seeing Red","floor":24.0},{"not_picked":["Clothesline+1","Flex","Clash+1"],"picked":"SKIP","floor":27.0},{"not_picked":["Spot Weakness","Reckless Charge+1"],"picked":"Second Wind","floor":28.0},{"not_picked":["Havoc+1","Carnage+1"],"picked":"Impervious","floor":31.0},{"not_picked":["Twin Strike+1","Heavy Blade+1"],"picked":"Bloodletting","floor":32.0},{"not_picked":["Limit Break","Juggernaut"],"picked":"Demon Form","floor":33.0},{"not_picked":["Cleave+1","Perfected Strike+1","Wild Strike+1"],"picked":"SKIP","floor":35.0},{"not_picked":["Heavy Blade+1","Clothesline+1","Evolve+1"],"picked":"SKIP","floor":37.0},{"not_picked":["Warcry","Pommel Strike+1","Shrug It Off"],"picked":"SKIP","floor":39.0},{"not_picked":["Cleave+1","Dual Wield"],"picked":"Brutality","floor":40.0},{"not_picked":["Dropkick+1","Clothesline+1"],"picked":"Carnage+1","floor":41.0},{"not_picked":["Cleave+1","Armaments","Sword Boomerang+1"],"picked":"SKIP","floor":44.0},{"not_picked":["Intimidate","Searing Blow+1"],"picked":"Dark Embrace","floor":46.0},{"not_picked":["Havoc+1","Pommel Strike+1","Clothesline+1"],"picked":"SKIP","floor":47.0},{"not_picked":["Iron Wave+1","Warcry+1","Havoc+1"],"picked":"SKIP","floor":48.0},{"not_picked":["Sword Boomerang+1","Whirlwind+1","Perfected Strike+1"],"picked":"SKIP","floor":54}],"player_experience":45908,"relics_obtained":[{"floor":8.0,"key":"Molten Egg 2"},{"floor":9.0,"key":"Lantern"},{"floor":11.0,"key":"Odd Mushroom"},{"floor":14.0,"key":"Ornamental Fan"},{"floor":24.0,"key":"Matryoshka"},{"floor":26.0,"key":"Self Forming Clay"},{"floor":28.0,"key":"Bag of Preparation"},{"floor":31.0,"key":"Bag of Marbles"},{"floor":40.0,"key":"Potion Belt"},{"floor":43.0,"key":"Ancient Tea Set"},{"floor":43.0,"key":"Strawberry"},{"floor":44.0,"key":"Magic Flower"},{"floor":46.0,"key":"Oddly Smooth Stone"},{"floor":54,"key":"Thread and Needle"}],"event_choices":[{"damage_healed":0.0,"max_hp_gain":0.0,"max_hp_loss":0.0,"gold_gain":75.0,"event_name":"World of Goop","player_choice":"Gather Gold","floor":2.0,"gold_loss":0.0,"damage_taken":11.0},{"damage_healed":0.0,"max_hp_gain":5.0,"max_hp_loss":0.0,"gold_gain":0.0,"event_name":"Big Fish","player_choice":"Donut","floor":5.0,"gold_loss":0.0,"damage_taken":0.0},{"damage_healed":0.0,"max_hp_gain":0.0,"max_hp_loss":0.0,"gold_gain":0.0,"event_name":"Mushrooms","player_choice":"Fought Mushrooms","floor":11.0,"gold_loss":0.0,"damage_taken":0.0},{"damage_healed":0.0,"max_hp_gain":0.0,"max_hp_loss":0.0,"gold_gain":0.0,"event_name":"Vampires","player_choice":"Ignored","floor":29.0,"gold_loss":0.0,"damage_taken":0.0},{"damage_healed":0.0,"max_hp_gain":0.0,"max_hp_loss":0.0,"gold_gain":0.0,"event_name":"Tomb of Lord Red Mask","player_choice":"Paid","floor":38.0,"gold_loss":37.0,"damage_taken":0.0,"relics_obtained":["Red Mask"]},{"damage_healed":0.0,"max_hp_gain":0.0,"max_hp_loss":0.0,"gold_gain":0.0,"event_name":"Lab","player_choice":"Got Potions","floor":42.0,"gold_loss":0.0,"damage_taken":0.0}],"is_beta":false,"boss_relics":[{"not_picked":["SlaversCollar","Astrolabe"],"picked":"Snecko Eye"},{"not_picked":["Black Blood","Empty Cage"],"picked":"Runic Cube"}],"items_purged_floors":[3,20,30,36,53],"is_endless":false,"potions_floor_spawned":[1,8,13,14,18,22,28,33,37,39,44,48,54],"ascension_level":8}}