{"host":"7j2n82b2zha9fuyn","time":1613545967,"event":{"mods":["BaseMod","Block Reminder","Minty Spire (QoL Compilation)","StSLib"],"gold_per_floor":[113,263,19,33,33,33,63,9,34,66,78,103,150,175,187,292,304,331,343,373,660,146,146,146,146],"floor_reached":24,"language":"ENG","playtime":1412,"items_purged":["Doubt","Regret"],"score":447,"play_id":"4a3a401b-1882-4ad3-9e1f-595425f010db","local_time":"20210217001247","is_ascension_mode":true,"campfire_choices":[{"data":"Zap","floor":6.0,"key":"SMITH"},{"floor":15.0,"key":"REST"},{"floor":23,"key":"REST"}],"circlet_count":0,"master_deck":["AscendersBane","Strike_B","Strike_B","Strike_B","Defend_B","Defend_B","Defend_B","Defend_B","Zap+1","Dualcast","Gash","Ball Lightning","White Noise","Coolheaded","Genetic Algorithm","Reinforced Body","Barrage","Electrodynamics","Hologram","Recycle","Capacitor"],"relics":["Cracked Core","NeowsBlessing","OrangePellets","HornCleat","MawBank","Golden Idol","Dead Branch","Runic Pyramid","Shovel"],"acts_visited":["Exordium","TheCity"],"potions_floor_usage":[24],"damage_taken":[{"damage":0.0,"enemies":"Jaw Worm","floor":1.0,"turns":1.0},{"damage":0.0,"enemies":"Small Slimes","floor":4.0,"turns":1.0},{"damage":0.0,"enemies":"3 Sentries","floor":7.0,"turns":1.0},{"damage":6.0,"enemies":"2 Louse","floor":10.0,"turns":2.0},{"damage":2.0,"enemies":"Blue Slaver","floor":12.0,"turns":3.0},{"damage":31.0,"enemies":"Gremlin Nob","floor":13.0,"turns":5.0},{"damage":13.0,"enemies":"Lots of Slimes","floor":14.0,"turns":2.0},{"damage":19.0,"enemies":"Hexaghost","floor":16.0,"turns":8.0},{"damage":15.0,"enemies":"2 Thieves","floor":18.0,"turns":3.0},{"damage":27,"enemies":"Shell Parasite","floor":20,"turns":5},{"damage":33,"enemies":"Book of Stabbing","floor":24,"turns":6}],"seed_played":"-6550823911714807544","potions_obtained":[{"floor":10.0,"key":"EssenceOfDarkness"},{"floor":20,"key":"Weak Potion"}],"is_trial":false,"path_per_floor":["M","?","$","M","?","R","E","$","T","M","?","M","E","M","R","B",null,"M","?","M","?","$","R","E"],"character_chosen":"DEFECT","items_purchased":["OrangePellets","Strength Potion","Shovel","Capacitor"],"campfire_rested":2,"item_purchase_floors":[3,8,22,22],"current_hp_per_floor":[64,64,64,64,64,64,64,64,64,58,58,56,25,12,31,12,51,36,36,9,9,9,28,0,0],"gold":146,"neow_bonus":"THREE_ENEMY_KILL","is_daily":false,"chose_seed":false,"campfire_upgraded":1,"win_rate":0.0,"timestamp":1613545967,"path_taken":["M","?","$","M","?","R","E","?","T","M","?","M","E","M","R","BOSS","M","?","M","?","$","R","E"],"items_purchased_type":["Relic","Potion","Relic","Card"],"build_version":"2020-12-22","purchased_purges":2,"victory":false,"max_hp_per_floor":[71,71,71,71,71,71,71,71,71,71,64,64,64,64,64,64,64,64,64,64,64,64,64,64,64],"card_choices":[{"not_picked":["Rebound","FTL"],"picked":"Gash","floor":1.0},{"not_picked":["Rebound","Beam Cell"],"picked":"Ball Lightning","floor":4.0},{"not_picked":["Stack","Recycle"],"picked":"Coolheaded","floor":7.0},{"not_picked":["Ball Lightning","Chill"],"picked":"Genetic Algorithm","floor":10.0},{"not_picked":["Sunder","Auto Shields"],"picked":"Reinforced Body","floor":12.0},{"not_picked":["Creative AI","Recycle"],"picked":"Barrage","floor":13.0},{"not_picked":["Turbo","Barrage","Sunder"],"picked":"SKIP","floor":14.0},{"not_picked":["Multi-Cast","Fission"],"picked":"Electrodynamics","floor":16.0},{"not_picked":["Barrage","Genetic Algorithm"],"picked":"Hologram","floor":18.0},{"not_picked":["Heatsinks","Streamline","Fusion"],"picked":"SKIP","floor":20}],"player_experience":2058113,"relics_obtained":[{"floor":7.0,"key":"HornCleat"},{"floor":9.0,"key":"MawBank"},{"floor":13.0,"key":"Dead Branch"}],"event_choices":[{"damage_healed":0.0,"max_hp_gain":0.0,"max_hp_loss":0.0,"gold_gain":150.0,"event_name":"Liars Game","player_choice":"AGREE","floor":2.0,"gold_loss":0.0,"damage_taken":0.0,"cards_obtained":["Doubt"]},{"damage_healed":0.0,"max_hp_gain":0.0,"max_hp_loss":0.0,"gold_gain":0.0,"cards_transformed":["Strike_B"],"event_name":"Living Wall","player_choice":"Change","floor":5.0,"gold_loss":0.0,"damage_taken":0.0,"cards_obtained":["White Noise"]},{"damage_healed":0.0,"max_hp_gain":0.0,"max_hp_loss":7.0,"gold_gain":0.0,"event_name":"Golden Idol","player_choice":"Lose Max HP","floor":11.0,"gold_loss":0.0,"damage_taken":0.0,"relics_obtained":["Golden Idol"]},{"damage_healed":0,"gold_gain":0,"player_choice":"Read","damage_taken":0,"max_hp_gain":0,"max_hp_loss":0,"event_name":"The Library","floor":19,"gold_loss":0,"cards_obtained":["Recycle"]},{"damage_healed":0,"gold_gain":275,"player_choice":"Desecrate","damage_taken":0,"max_hp_gain":0,"max_hp_loss":0,"event_name":"Golden Shrine","floor":21,"gold_loss":0,"cards_obtained":["Regret"]}],"is_beta":false,"boss_relics":[{"not_picked":["Coffee Dripper","Black Star"],"picked":"Runic Pyramid"}],"items_purged_floors":[3,22],"is_endless":false,"potions_floor_spawned":[10,13,20],"killed_by":"Book of Stabbing","ascension_level":19}}