{"host":"burc58cqo5ugqx9i","time":1613543211,"event":{"mods":["Act Like it!","BaseMod","Better Altar","Better Silent Start","Better Third Choice","Emptier Cage","Energized Spire","Hermit","Jorbs\u0027s Wanderer Trilogy","Minty Spire (QoL Compilation)","Rare Cards Sparkle","Relic Stats","Reworked Bosses","Spicy Shops","StSLib"],"gold_per_floor":[113,124,124,51,68,102,102,128,154,154,168,186,212,162,162,262,262,272,303,303,318,9,43,53,53,77,77,88,119,129,142,142,247,247,263,42,56,56,71,71,101,1,1,47,47,63,91,103,103,103],"floor_reached":51,"language":"ENG","playtime":2473,"items_purged":["Strike_R","Strike_R"],"score":817,"play_id":"83a1c815-c9ff-4eeb-bb03-fa3e1c77f2ec","local_time":"20210216222651","is_ascension_mode":false,"campfire_choices":[{"data":"Inflame","floor":7,"key":"SMITH"},{"data":"Cleave","floor":10,"key":"SMITH"},{"data":"Metallicize","floor":15,"key":"SMITH"},{"data":"Corruption","floor":25,"key":"SMITH"},{"data":"Feel No Pain","floor":27,"key":"SMITH"},{"data":"Juggernaut","floor":32,"key":"SMITH"},{"data":"Bludgeon","floor":45,"key":"SMITH"},{"floor":49,"key":"REST"}],"circlet_count":0,"master_deck":["Strike_R","Strike_R+1","Defend_R+1","Defend_R","Defend_R","Defend_R+1","Bash+1","Inflame+1","Dropkick+1","Clash","Cleave+1","Sword Boomerang","Corruption+1","Metallicize+1","Juggernaut+1","Shockwave","Feel No Pain+1","True Grit+1","Pommel Strike+1","Evolve","Bludgeon+1","Twin Strike","Dark Embrace+1","Secret Weapon","Shockwave+1","Inflame","Iron Wave"],"relics":["Burning Blood","NeowsBlessing","Bag of Preparation","War Paint","Potion Belt","MealTicket","Pocketwatch","energizedSpire:TabascoSauce","Red Mask","Champion Belt","Whetstone","Kunai","Ancient Tea Set","Lantern","Black Star","Oddly Smooth Stone","Sling","Pear","Orichalcum","Thread and Needle","Dream Catcher","Nunchaku","Pen Nib"],"acts_visited":["Exordium","TheCity","TheBeyond"],"potions_floor_usage":[6,16,19,21,23,24,29,41,41,41,41,50],"damage_taken":[{"damage":0,"enemies":"Small Slimes","floor":1,"turns":1},{"damage":0,"enemies":"Cultist","floor":2,"turns":1},{"damage":0,"enemies":"Jaw Worm","floor":5,"turns":1},{"damage":27,"enemies":"3 Sentries","floor":6,"turns":11},{"damage":19,"enemies":"Gremlin Nob","floor":8,"turns":4},{"damage":0,"enemies":"Exordium Wildlife","floor":11,"turns":2},{"damage":1,"enemies":"3 Louse","floor":12,"turns":2},{"damage":15,"enemies":"Lagavulin","floor":13,"turns":5},{"damage":7,"enemies":"Slime Boss","floor":16,"turns":9},{"damage":5,"enemies":"Shell Parasite","floor":18,"turns":4},{"damage":14,"enemies":"Masked Bandits","floor":19,"turns":4},{"damage":2,"enemies":"2 Thieves","floor":21,"turns":4},{"damage":30,"enemies":"Slavers","floor":23,"turns":6},{"damage":5,"enemies":"Centurion and Healer","floor":24,"turns":5},{"damage":0,"enemies":"Snecko","floor":28,"turns":4},{"damage":3,"enemies":"Book of Stabbing","floor":29,"turns":5},{"damage":15,"enemies":"Cultist and Chosen","floor":30,"turns":5},{"damage":0,"enemies":"3 Cultists","floor":31,"turns":3},{"damage":0,"enemies":"bossMod:newChamp","floor":33,"turns":6},{"damage":14,"enemies":"Orb Walker","floor":35,"turns":3},{"damage":12,"enemies":"3 Shapes","floor":37,"turns":3},{"damage":2,"enemies":"Sphere and 2 Shapes","floor":39,"turns":4},{"damage":20,"enemies":"Reptomancer","floor":41,"turns":4},{"damage":9,"enemies":"Transient","floor":46,"turns":5},{"damage":1,"enemies":"Giant Head","floor":47,"turns":5},{"damage":18,"enemies":"Spire Growth","floor":48,"turns":3},{"damage":73,"enemies":"bossMod:newShapes","floor":50,"turns":8}],"seed_played":"2149259899147033269","potions_obtained":[{"floor":1,"key":"EssenceOfSteel"},{"floor":11,"key":"Energy Potion"},{"floor":16,"key":"SteroidPotion"},{"floor":18,"key":"GamblersBrew"},{"floor":21,"key":"HeartOfIron"},{"floor":23,"key":"Energy Potion"},{"floor":28,"key":"GamblersBrew"},{"floor":31,"key":"EssenceOfSteel"},{"floor":33,"key":"BloodPotion"},{"floor":37,"key":"Fire Potion"},{"floor":39,"key":"Energy Potion"},{"floor":41,"key":"SteroidPotion"},{"floor":48,"key":"Block Potion"}],"is_trial":false,"path_per_floor":["M","M","?","$","M","E","R","E","T","R","M","M","E","?","R","B",null,"M","?","?","M","$","E","M","R","T","R","M","E","M","M","R","B",null,"M","$","M","?","M","?","E","$","T","T","R","M","E","M","R","B",null],"character_chosen":"IRONCLAD","items_purchased":["Bag of Preparation","Champion Belt","Whetstone","Oddly Smooth Stone","Sling"],"campfire_rested":1,"item_purchase_floors":[4,22,22,36,36],"current_hp_per_floor":[80,80,80,80,80,59,59,46,46,46,52,57,48,48,48,47,80,78,67,67,68,80,53,51,51,51,51,54,54,42,45,45,48,80,69,80,71,71,72,72,68,83,83,83,83,77,79,64,85,15],"gold":103,"neow_bonus":"THREE_ENEMY_KILL","is_daily":false,"chose_seed":false,"campfire_upgraded":7,"win_rate":0.0,"timestamp":1613543211,"path_taken":["M","M","?","$","M","E","R","E","T","R","?","M","E","?","R","BOSS","M","?","?","M","?","E","M","R","T","R","M","E","M","M","R","BOSS","M","$","M","?","M","?","E","?","T","?","R","?","E","M","R","BOSS"],"items_purchased_type":["Relic","Relic","Relic","Relic","Relic"],"build_version":"2020-12-22","purchased_purges":2,"victory":true,"max_hp_per_floor":[80,80,80,80,80,80,80,80,80,80,80,80,80,80,80,80,80,80,80,80,80,80,80,80,80,80,80,80,80,80,80,80,80,80,80,80,80,80,80,80,85,85,85,85,85,85,85,85,85,85],"relic_stats":{"counters":[27,117],"Pen Nib":[1],"Bag of Preparation":[50],"Whetstone":["Dropkick","Strike_R"],"War Paint":["Defend_R","Defend_R"],"Orichalcum":[30],"Burning Blood":90,"Dream Catcher":1,"Nunchaku":[1],"MealTicket":38,"Black Star":2,"Champion Belt":[39],"Kunai":[21],"obtain_stats":[{"Potion Belt":8,"Lantern":29,"Pear":41,"NeowsBlessing":0,"Oddly Smooth Stone":36,"Thread and Needle":43,"Pen Nib":47,"Bag of Preparation":4,"Whetstone":22,"War Paint":6,"Orichalcum":41,"Ancient Tea Set":26,"Sling":36,"Burning Blood":0,"Dream Catcher":44,"Nunchaku":47,"energizedSpire:TabascoSauce":17,"MealTicket":9,"Red Mask":19,"Black Star":34,"Champion Belt":22,"Kunai":23,"Pocketwatch":13},{"Potion Belt":5,"Lantern":16,"Pear":23,"NeowsBlessing":0,"Oddly Smooth Stone":20,"Thread and Needle":23,"Pen Nib":25,"Bag of Preparation":2,"Whetstone":12,"War Paint":4,"Orichalcum":23,"Ancient Tea Set":14,"Sling":20,"Burning Blood":0,"Dream Catcher":23,"Nunchaku":25,"energizedSpire:TabascoSauce":9,"MealTicket":5,"Red Mask":11,"Black Star":19,"Champion Belt":12,"Kunai":13,"Pocketwatch":8},{"Potion Belt":18,"Lantern":68,"Pear":96,"NeowsBlessing":0,"Oddly Smooth Stone":85,"Thread and Needle":96,"Pen Nib":106,"Bag of Preparation":2,"Whetstone":48,"War Paint":14,"Orichalcum":96,"Ancient Tea Set":59,"Sling":85,"Burning Blood":0,"Dream Catcher":96,"Nunchaku":106,"energizedSpire:TabascoSauce":36,"MealTicket":18,"Red Mask":44,"Black Star":82,"Champion Belt":48,"Kunai":54,"Pocketwatch":27}],"Pocketwatch":[48]},"card_choices":[{"not_picked":["Twin Strike","Sever Soul"],"picked":"Inflame","floor":1},{"not_picked":["Carnage","Uppercut"],"picked":"Dropkick","floor":2},{"not_picked":["Perfected Strike","Whirlwind"],"picked":"Clash","floor":5},{"not_picked":["Seeing Red","Body Slam"],"picked":"Cleave","floor":6},{"not_picked":["Armaments","Rupture","Headbutt"],"picked":"SKIP","floor":8},{"not_picked":["Body Slam","Armaments"],"picked":"Sword Boomerang","floor":11},{"not_picked":["Heavy Blade","Flex"],"picked":"Corruption","floor":12},{"not_picked":["Heavy Blade","Bloodletting"],"picked":"Metallicize","floor":13},{"not_picked":["Double Tap","Reaper"],"picked":"Juggernaut","floor":16},{"not_picked":["Rupture","Anger"],"picked":"Shockwave","floor":18},{"not_picked":["Perfected Strike+1","Uppercut+1"],"picked":"Feel No Pain","floor":21},{"not_picked":["Dual Wield","Ghostly Armor+1","Spot Weakness"],"picked":"SKIP","floor":23},{"not_picked":["Twin Strike","Sword Boomerang"],"picked":"True Grit+1","floor":24},{"not_picked":["Twin Strike+1","True Grit"],"picked":"Pommel Strike+1","floor":28},{"not_picked":["Armaments","Disarm","Shrug It Off"],"picked":"SKIP","floor":29},{"not_picked":["Reaper","Inflame"],"picked":"Thunderclap","floor":30},{"not_picked":["True Grit","Twin Strike"],"picked":"Evolve","floor":31},{"not_picked":["Reaper","Brutality"],"picked":"Bludgeon","floor":33},{"not_picked":["Warcry+1","Anger"],"picked":"Twin Strike","floor":35},{"not_picked":["Rage+1","Shrug It Off"],"picked":"Dark Embrace+1","floor":37},{"not_picked":["Headbutt+1","Warcry","Rampage"],"picked":"SKIP","floor":39},{"not_picked":["Dark Shackles","Swift Strike"],"picked":"Secret Weapon","floor":40},{"not_picked":["Shrug It Off","Intimidate+1","Bloodletting"],"picked":"SKIP","floor":41},{"not_picked":["Clothesline","Whirlwind","Flex"],"picked":"SKIP","floor":46},{"not_picked":["Flame Barrier+1","Pummel+1"],"picked":"Shockwave+1","floor":47},{"not_picked":["Thunderclap+1","Spot Weakness"],"picked":"Inflame","floor":48},{"not_picked":["Blood for Blood+1","Ghostly Armor"],"picked":"Iron Wave","floor":49}],"player_experience":7391,"relics_obtained":[{"floor":6,"key":"War Paint"},{"floor":8,"key":"Potion Belt"},{"floor":9,"key":"MealTicket"},{"floor":13,"key":"Pocketwatch"},{"floor":19,"key":"Red Mask"},{"floor":23,"key":"Kunai"},{"floor":26,"key":"Ancient Tea Set"},{"floor":29,"key":"Lantern"},{"floor":41,"key":"Pear"},{"floor":41,"key":"Orichalcum"},{"floor":43,"key":"Thread and Needle"},{"floor":44,"key":"Dream Catcher"},{"floor":47,"key":"Nunchaku"},{"floor":47,"key":"Pen Nib"}],"event_choices":[{"damage_healed":0,"gold_gain":0,"player_choice":"Forge","damage_taken":0,"max_hp_gain":0,"max_hp_loss":0,"event_name":"Accursed Blacksmith","floor":3,"gold_loss":0,"cards_upgraded":["Bash"]},{"cards_removed":["Strike_R"],"damage_healed":0,"gold_gain":0,"player_choice":"Card Removal","damage_taken":0,"max_hp_gain":0,"max_hp_loss":0,"event_name":"The Cleric","floor":14,"gold_loss":50},{"damage_healed":0,"gold_gain":0,"player_choice":"Fought Bandits","damage_taken":0,"max_hp_gain":0,"max_hp_loss":0,"event_name":"Masked Bandits","floor":19,"gold_loss":0},{"damage_healed":0,"gold_gain":0,"player_choice":"Ignored","damage_taken":0,"max_hp_gain":0,"max_hp_loss":0,"event_name":"Vampires","floor":20,"gold_loss":0},{"cards_removed":["Thunderclap"],"damage_healed":0,"gold_gain":0,"player_choice":"Removed Attack","damage_taken":0,"max_hp_gain":0,"max_hp_loss":0,"event_name":"Falling","floor":38,"gold_loss":0},{"damage_healed":0,"gold_gain":0,"player_choice":"Memory 1","damage_taken":0,"max_hp_gain":0,"max_hp_loss":0,"event_name":"SensoryStone","floor":40,"gold_loss":0}],"is_beta":false,"boss_relics":[{"not_picked":["Mark of Pain","energizedSpire:NeverEndingSparkler"],"picked":"energizedSpire:TabascoSauce"},{"not_picked":["energizedSpire:StickyHand","energizedSpire:HugeHouse"],"picked":"Black Star"}],"items_purged_floors":[22,42],"is_endless":false,"potions_floor_spawned":[1,11,16,18,21,23,28,31,33,37,39,41,48],"ascension_level":0}}