{"host":"dxhs514q3sjh5xap","time":1613542977,"event":{"mods":["2.2 Compatiblity","AchievementEnabler","Aspiration","BaseMod","Better Altar","Better Match","Better Note","Better Sensory Stone","Better Skull","Better Third Choice","Better Vampires","BetterRewards","CapriCore","Colored Powertips","Conspire","Downfall","Energized Spire","Evolution","GifTheSpireLib","Halation","Hermit","Hubris","Jess\u0027s Bottle","Koishi","Marisa????????","Minty Spire (QoL Compilation)","Permanent Neow","Quick Restart","Rare Cards Sparkle","Relic Stats","Reliquary","Replay The Spire","Robot Space Explorer","RumiaBox-????????","Shade Mod","Shop Mod","Spikes Relics","StSLib","Stuff the Spire","The Blue Laboratory","The Cursed","The Servant 0.9.4","TheHero","Thieving Mod","Trackpad"],"gold_per_floor":[109,109,0,0,19,46,46,72,72,72,87,87,97,22,22,126,126,97,22,36,36,36],"floor_reached":21,"language":"ENG","playtime":1881,"items_purged":["animeID:DefendMH"],"score":187,"play_id":"2816b462-7d57-4142-9e1c-8c49d59f4d63","local_time":"20210217142257","is_ascension_mode":false,"campfire_choices":[{"data":"animeID:MirioTogata","floor":7,"key":"SMITH"},{"data":"Enlightenment","floor":12,"key":"SMITH"},{"data":"animeID:PresentMic","floor":15,"key":"SMITH"}],"circlet_count":0,"master_deck":["animeID:Deku+1","animeID:Bakugo","animeID:Smash","animeID:Smash","animeID:Smash","animeID:Smash","animeID:DefendMH","animeID:DefendMH","animeID:DefendMH","animeID:Kirishima","RobotSpaceExplorer:IronShell+1","Enlightenment+1","animeID:MirioTogata+1","animeID:PresentMic+1","animeID:MirioTogata","animeID:Tamaki+1","animeID:Kirishima"],"relics":["animeID:HeroCostume","EVO:Axolotl","hubris:Icosahedron","trackpad:ByrdBGone","StuffTheSpire:Experiment12","StuffTheSpire:Nightcore","reliquary:JackalopeAntler","halation:PlatinumPhoenix"],"acts_visited":["Exordium","TheCity"],"potions_floor_usage":[16,16,16,20,20],"damage_taken":[{"damage":0,"enemies":"conspire:RoseBush","floor":1,"turns":2},{"damage":0,"enemies":"2 Louse","floor":5,"turns":1},{"damage":11,"enemies":"3 Sentries","floor":6,"turns":6},{"damage":6,"enemies":"Replay:BlueRogue","floor":8,"turns":10},{"damage":0,"enemies":"Cultist","floor":11,"turns":3},{"damage":7,"enemies":"3 Louse","floor":13,"turns":3},{"damage":26,"enemies":"Hexaghost","floor":16,"turns":10},{"damage":31,"enemies":"2 Thieves","floor":18,"turns":5},{"damage":11,"enemies":"Spheric Guardian","floor":20,"turns":4},{"damage":51,"enemies":"Shelled Parasite and Fungi","floor":21,"turns":7}],"seed_played":"-2054031197704915316","potions_obtained":[{"floor":5,"key":"Milkshake"},{"floor":13,"key":"SpeedPotion"},{"floor":16,"key":"SteroidPotion"}],"is_trial":false,"path_per_floor":["M","?","?","?","M","E","R","E","T","T","M","R","M","$","R","B",null,"M","?","M","M"],"character_chosen":"THE_HERO","items_purchased":[],"campfire_rested":0,"item_purchase_floors":[],"current_hp_per_floor":[75,75,81,81,81,74,74,74,74,74,74,74,69,69,69,51,81,54,54,45,0,0],"gold":36,"neow_bonus":"RANDOM_EVENT","is_daily":false,"chose_seed":false,"campfire_upgraded":3,"win_rate":0.0,"timestamp":1613542977,"path_taken":["M","?","?","?","M","E","R","E","T","?","M","R","?","$","R","BOSS","M","?","M","M"],"items_purchased_type":[],"build_version":"2020-12-22","purchased_purges":1,"victory":false,"max_hp_per_floor":[75,75,81,81,81,81,81,81,81,81,81,81,81,81,81,81,81,81,81,81,81,81],"relic_stats":{"counters":[10,51],"obtain_stats":[{"reliquary:JackalopeAntler":10,"StuffTheSpire:Experiment12":8,"hubris:Icosahedron":4,"halation:PlatinumPhoenix":17,"trackpad:ByrdBGone":6,"EVO:Axolotl":0,"animeID:HeroCostume":0,"StuffTheSpire:Nightcore":9},{"reliquary:JackalopeAntler":4,"StuffTheSpire:Experiment12":4,"hubris:Icosahedron":1,"halation:PlatinumPhoenix":7,"trackpad:ByrdBGone":3,"EVO:Axolotl":0,"animeID:HeroCostume":0,"StuffTheSpire:Nightcore":4},{"reliquary:JackalopeAntler":19,"StuffTheSpire:Experiment12":19,"hubris:Icosahedron":2,"halation:PlatinumPhoenix":35,"trackpad:ByrdBGone":9,"EVO:Axolotl":0,"animeID:HeroCostume":0,"StuffTheSpire:Nightcore":19}]},"card_choices":[{"not_picked":["animeID:TodorokiShoto","animeID:Bakugo"],"picked":"animeID:Kirishima","floor":1},{"not_picked":["animeID:ToruHagakure","animeID:Tomura","animeID:Ojiro"],"picked":"SKIP","floor":5},{"not_picked":["animeID:Tengai","animeID:Kirishima"],"picked":"animeID:MirioTogata","floor":6},{"not_picked":["animeID:Momo","animeID:Tomura","animeID:TodorokiShoto"],"picked":"SKIP","floor":8},{"not_picked":["animeID:Iida","animeID:Tomura"],"picked":"animeID:PresentMic","floor":11},{"not_picked":["animeID:Ojiro","animeID:DetroitSmash","animeID:Kurono"],"picked":"SKIP","floor":13},{"not_picked":["animeID:AllMight","animeID:ProminenceBurn"],"picked":"animeID:MirioTogata","floor":16},{"not_picked":["animeID:TodorokiShoto","animeID:Aoyama","animeID:Himiko"],"picked":"SKIP","floor":18},{"not_picked":["animeID:Tengai+1","animeID:Nomu+1"],"picked":"animeID:Tamaki+1","floor":19},{"not_picked":["animeID:Tengai","animeID:ToruHagakure"],"picked":"animeID:Kirishima","floor":20}],"player_experience":309505,"relics_obtained":[{"floor":6,"key":"trackpad:ByrdBGone"},{"floor":8,"key":"StuffTheSpire:Experiment12"},{"floor":9,"key":"StuffTheSpire:Nightcore"},{"floor":10,"key":"reliquary:JackalopeAntler"}],"event_choices":[{"damage_healed":0,"gold_gain":0,"player_choice":"Grow","damage_taken":0,"max_hp_gain":0,"max_hp_loss":0,"event_name":"Living Wall","floor":0,"gold_loss":0,"cards_upgraded":["animeID:Deku"]},{"damage_healed":0,"gold_gain":1,"player_choice":"4","damage_taken":0,"max_hp_gain":0,"max_hp_loss":0,"event_name":"betterStone:BetterStone","floor":2,"gold_loss":0,"cards_obtained":["RobotSpaceExplorer:IronShell"]},{"damage_healed":0,"gold_gain":0,"player_choice":"RENOUNCE","damage_taken":109,"max_hp_gain":0,"max_hp_loss":0,"event_name":"betterThird:BetterSerpent","floor":3,"gold_loss":109,"cards_obtained":["Enlightenment"]},{"damage_healed":0,"gold_gain":0,"player_choice":"2","damage_taken":0,"max_hp_gain":0,"max_hp_loss":0,"event_name":"betterMatch:BetterMatch","floor":19,"gold_loss":0,"cards_obtained":["betterMatch:UncommonCard"]}],"is_beta":false,"boss_relics":[{"not_picked":["reliquary:RedCape","hubris:Stopwatch"],"picked":"halation:PlatinumPhoenix"}],"items_purged_floors":[14],"is_endless":false,"potions_floor_spawned":[5,13,16],"killed_by":"Shelled Parasite and Fungi","ascension_level":0}}