{"host":"5raohst9sk3kvp5v","time":1613541680,"event":{"mods":["BaseMod","Colored Powertips","Highlight Path","Minty Spire (QoL Compilation)","Quick Restart","Relic Stats","StSLib"],"gold_per_floor":[115,129,14,14,29,29,69,90,114,114,114,26,26,26,26,26,26],"floor_reached":16,"language":"ENG","playtime":515,"items_purged":["Strike_R"],"score":191,"play_id":"ea709520-1fe0-43cb-8c91-5c29341cd507","local_time":"20210217000120","is_ascension_mode":true,"campfire_choices":[{"data":"Uppercut","floor":6.0,"key":"SMITH"},{"data":"Rampage","floor":11.0,"key":"SMITH"},{"data":"Whirlwind","floor":13.0,"key":"SMITH"},{"data":"Spot Weakness","floor":15.0,"key":"SMITH"}],"circlet_count":0,"master_deck":["AscendersBane","Strike_R","Strike_R","Strike_R","Strike_R","Defend_R","Defend_R","Defend_R","Defend_R","Bash","Fiend Fire","Headbutt","Spot Weakness+1","Rampage+1","Uppercut+1","Headbutt","Pommel Strike","Whirlwind+1"],"relics":["Burning Blood","Golden Idol","Blood Vial","Ancient Tea Set"],"acts_visited":["Exordium"],"potions_floor_usage":[],"damage_taken":[{"damage":1.0,"enemies":"2 Louse","floor":1.0,"turns":3.0},{"damage":7.0,"enemies":"Jaw Worm","floor":2.0,"turns":3.0},{"damage":4.0,"enemies":"Small Slimes","floor":5.0,"turns":3.0},{"damage":25.0,"enemies":"Lagavulin","floor":7.0,"turns":7.0},{"damage":16.0,"enemies":"Exordium Wildlife","floor":8.0,"turns":4.0},{"damage":39,"enemies":"The Guardian","floor":16,"turns":9}],"seed_played":"421433244071550654","potions_obtained":[{"floor":5.0,"key":"SteroidPotion"}],"is_trial":false,"path_per_floor":["M","M","$","?","M","R","E","M","T","?","R","$","R","?","R","B"],"character_chosen":"IRONCLAD","items_purchased":["Rampage","Whirlwind"],"campfire_rested":0,"item_purchase_floors":[3,12],"current_hp_per_floor":[73,72,72,46,48,48,29,21,21,21,21,21,21,46,46,9,9],"gold":26,"neow_bonus":"ONE_RANDOM_RARE_CARD","is_daily":false,"chose_seed":false,"campfire_upgraded":4,"win_rate":0.0,"timestamp":1613541680,"path_taken":["M","M","$","?","M","R","E","M","T","?","R","$","R","?","R","BOSS"],"items_purchased_type":["Card","Card"],"build_version":"2020-12-22","purchased_purges":1,"victory":false,"max_hp_per_floor":[75,75,75,75,75,75,75,75,75,75,75,75,75,75,75,75,75],"relic_stats":{"Blood Vial":4,"counters":[6,29],"Golden Idol":15,"obtain_stats":[{"Blood Vial":7,"Golden Idol":4,"Ancient Tea Set":9,"Burning Blood":0},{"Blood Vial":4,"Golden Idol":2,"Ancient Tea Set":5,"Burning Blood":0},{"Blood Vial":16,"Golden Idol":6,"Ancient Tea Set":20,"Burning Blood":0}],"Burning Blood":30},"card_choices":[{"not_picked":["Perfected Strike","Anger"],"picked":"Headbutt","floor":1.0},{"not_picked":["Body Slam","Disarm"],"picked":"Spot Weakness","floor":2.0},{"not_picked":["Anger","True Grit"],"picked":"Uppercut","floor":5.0},{"not_picked":["Berserk","Warcry"],"picked":"Headbutt","floor":7.0},{"not_picked":["Wild Strike","Cleave"],"picked":"Pommel Strike","floor":8.0}],"player_experience":1736997,"relics_obtained":[{"floor":7.0,"key":"Blood Vial"},{"floor":9.0,"key":"Ancient Tea Set"}],"event_choices":[{"damage_healed":0.0,"max_hp_gain":0.0,"max_hp_loss":0.0,"gold_gain":0.0,"event_name":"Golden Idol","player_choice":"Take Damage","floor":4.0,"gold_loss":0.0,"damage_taken":26.0,"relics_obtained":["Golden Idol"]},{"damage_healed":0.0,"max_hp_gain":0.0,"max_hp_loss":0.0,"gold_gain":0.0,"event_name":"Scrap Ooze","player_choice":"Fled","floor":10.0,"gold_loss":0.0,"damage_taken":0.0},{"damage_healed":25.0,"max_hp_gain":0.0,"max_hp_loss":0.0,"gold_gain":0.0,"event_name":"Big Fish","player_choice":"Banana","floor":14.0,"gold_loss":0.0,"damage_taken":0.0}],"is_beta":false,"boss_relics":[],"items_purged_floors":[3],"is_endless":false,"potions_floor_spawned":[5],"killed_by":"The Guardian","ascension_level":19}}