{"host":"qc1sjgtdjonvdsd8","time":1613604907,"event":{"mods":["BaseMod","Colored Map","Colored Powertips","Curses Come First","Minty Spire (QoL Compilation)","StSLib"],"gold_per_floor":[110,123,46,46,46,80,80,111,111,131,56,56,72,88,88,183,183,201,201,116,116,129,161,161,190,190,190,202,102,115,64,64,64,64],"floor_reached":33,"language":"ENG","playtime":3195,"items_purged":["Strike_G","Bite"],"score":437,"play_id":"0a40f5d2-5204-48dc-842c-d897ad1fa41d","local_time":"20210217153507","is_ascension_mode":true,"campfire_choices":[{"floor":12,"key":"REST"},{"floor":15,"key":"REST"},{"floor":24,"key":"REST"},{"floor":27,"key":"RECALL"},{"floor":32,"key":"REST"}],"circlet_count":0,"master_deck":["Defend_G","Defend_G","Defend_G","Defend_G+1","Defend_G","Survivor","Neutralize+1","PiercingWail","Deadly Poison","Crippling Poison","Tools of the Trade","Catalyst","Dodge and Roll","Footwork","Escape Plan","Bullet Time","Bite","Bite","Bite","Bite","Crippling Poison","Backflip+1","Acrobatics+1","Deadly Poison"],"relics":["Fusion Hammer","Centennial Puzzle","Omamori","White Beast Statue","Snecko Eye","Du-Vu Doll","Paper Crane","HornCleat","Singing Bowl"],"acts_visited":["Exordium","TheCity"],"potions_floor_usage":[8,16,16,25,33],"damage_taken":[{"damage":0,"enemies":"Small Slimes","floor":1,"turns":4},{"damage":0,"enemies":"Jaw Worm","floor":2,"turns":5},{"damage":18,"enemies":"Lagavulin","floor":6,"turns":8},{"damage":24,"enemies":"Gremlin Nob","floor":8,"turns":5},{"damage":0,"enemies":"2 Louse","floor":10,"turns":3},{"damage":19,"enemies":"Large Slime","floor":13,"turns":8},{"damage":0,"enemies":"2 Fungi Beasts","floor":14,"turns":4},{"damage":0,"enemies":"Hexaghost","floor":16,"turns":10},{"damage":6,"enemies":"3 Byrds","floor":18,"turns":6},{"damage":7,"enemies":"Spheric Guardian","floor":22,"turns":5},{"damage":37,"enemies":"Slavers","floor":23,"turns":9},{"damage":9,"enemies":"Gremlin Leader","floor":25,"turns":8},{"damage":0,"enemies":"3 Cultists","floor":28,"turns":5},{"damage":0,"enemies":"Snecko","floor":30,"turns":7},{"damage":79,"enemies":"Champ","floor":33,"turns":12}],"seed_played":"6763467283174847813","potions_obtained":[{"floor":2,"key":"Energy Potion"},{"floor":10,"key":"FearPotion"},{"floor":13,"key":"SkillPotion"},{"floor":14,"key":"Dexterity Potion"},{"floor":16,"key":"SteroidPotion"},{"floor":18,"key":"Ancient Potion"},{"floor":22,"key":"SpeedPotion"},{"floor":23,"key":"PowerPotion"},{"floor":25,"key":"DuplicationPotion"},{"floor":28,"key":"Swift Potion"}],"is_trial":false,"path_per_floor":["M","M","$","?","T","E","?","E","T","M","$","R","M","M","R","B",null,"M","?","?","?","M","E","R","E","T","R","M","$","M","$","R","B"],"character_chosen":"THE_SILENT","items_purchased":["Crippling Poison","Deadly Poison"],"campfire_rested":4,"item_purchase_floors":[3,31],"current_hp_per_floor":[70,70,70,63,63,45,31,7,7,7,7,28,9,9,30,30,70,64,49,49,49,49,30,44,49,49,49,49,49,51,51,51,0,0],"gold":64,"neow_bonus":"BOSS_RELIC","is_daily":false,"chose_seed":false,"campfire_upgraded":0,"win_rate":0.0,"timestamp":1613604907,"path_taken":["M","M","$","?","?","E","?","E","T","M","$","R","M","M","R","BOSS","M","?","?","?","M","E","R","E","T","R","M","$","M","$","R","BOSS"],"items_purchased_type":["Card","Card"],"build_version":"2020-12-22","purchased_purges":2,"victory":false,"max_hp_per_floor":[70,70,70,70,70,70,70,70,70,70,70,70,70,70,70,70,70,70,49,49,49,49,49,49,49,49,49,49,49,51,51,51,51,51],"card_choices":[{"not_picked":["Sucker Punch","Deflect"],"picked":"PiercingWail","floor":1},{"not_picked":["Tactician","Expertise"],"picked":"Deadly Poison","floor":2},{"not_picked":["Flying Knee","Well Laid Plans"],"picked":"Tools of the Trade","floor":6},{"not_picked":["Quick Slash","Storm of Steel"],"picked":"Catalyst","floor":8},{"not_picked":["Poisoned Stab","Dagger Throw"],"picked":"Dodge and Roll","floor":10},{"not_picked":["Outmaneuver","Flying Knee"],"picked":"Footwork","floor":13},{"not_picked":["Masterful Stab","Dagger Spray"],"picked":"Escape Plan","floor":14},{"not_picked":["Burst","Die Die Die"],"picked":"Bullet Time","floor":16},{"not_picked":["Outmaneuver","Dodge and Roll","Sucker Punch"],"picked":"SKIP","floor":18},{"not_picked":["Cloak And Dagger+1","Sucker Punch+1"],"picked":"Crippling Poison","floor":22},{"not_picked":["Venomology","PiercingWail+1","Doppelganger"],"picked":"SKIP","floor":23},{"not_picked":["Skewer+1","Poisoned Stab"],"picked":"Backflip+1","floor":25},{"not_picked":["PiercingWail","Endless Agony"],"picked":"Acrobatics+1","floor":28},{"not_picked":["Footwork","Dagger Spray","Deflect"],"picked":"Singing Bowl","floor":30}],"player_experience":286172,"relics_obtained":[{"floor":6,"key":"Centennial Puzzle"},{"floor":8,"key":"Omamori"},{"floor":9,"key":"White Beast Statue"},{"floor":23,"key":"Paper Crane"},{"floor":25,"key":"HornCleat"},{"floor":26,"key":"Singing Bowl"}],"event_choices":[{"cards_removed":["Strike_G"],"damage_healed":0,"gold_gain":0,"player_choice":"Card Removal","damage_taken":7,"max_hp_gain":0,"max_hp_loss":0,"event_name":"Golden Wing","floor":4,"gold_loss":0},{"damage_healed":0,"gold_gain":0,"player_choice":"Entered Light","damage_taken":14,"max_hp_gain":0,"max_hp_loss":0,"event_name":"Shining Light","floor":7,"gold_loss":0,"cards_upgraded":["Neutralize","Defend_G"]},{"damage_healed":0,"gold_gain":0,"player_choice":"Became a vampire","damage_taken":0,"max_hp_gain":0,"max_hp_loss":21,"event_name":"Vampires","floor":19,"gold_loss":0,"cards_obtained":["Bite","Bite","Bite","Bite","Bite"]},{"damage_healed":0,"gold_gain":0,"player_choice":"Obtained Relic","damage_taken":0,"relics_obtained":["Du-Vu Doll"],"max_hp_gain":0,"max_hp_loss":0,"event_name":"Addict","floor":20,"gold_loss":85},{"damage_healed":0,"gold_gain":0,"player_choice":"Ignored","damage_taken":0,"max_hp_gain":0,"max_hp_loss":0,"event_name":"Ghosts","floor":21,"gold_loss":0}],"is_beta":false,"boss_relics":[{"not_picked":["WristBlade","Coffee Dripper"],"picked":"Snecko Eye"}],"items_purged_floors":[11,29],"is_endless":false,"potions_floor_spawned":[2,10,13,14,16,18,22,23,25,28,30],"killed_by":"Champ","ascension_level":4}}