{"host":"poshtwjux72eqzmy","time":1613587939,"event":{"mods":["BaseMod","Bestiary","Block Reminder","Highlight Path","Minty Spire (QoL Compilation)","Quick Restart","Relic Stats","StSLib","ojb\u0027s Info Mod"],"gold_per_floor":[360,376,88,101,101,136,152,152,152,152,152,152,191,191,191,280,280,303,10,10,26,26,26,26,53,76,76,107,107,22,39,39,116,116,133,133,1132,1132,829,860,860,886,958,1010,1010,465,465,254,254,254,254,254,254,17,45,45],"floor_reached":57,"language":"ENG","playtime":8273,"items_purged":["Strike_G","Strike_G","Normality","Normality","Strike_G"],"score":3017,"play_id":"35dfe289-9702-4338-becf-a3692065e29d","local_time":"20210217205219","is_ascension_mode":true,"campfire_choices":[{"data":"Well Laid Plans","floor":8.0,"key":"SMITH"},{"data":"Crippling Poison","floor":10.0,"key":"SMITH"},{"data":"Neutralize","floor":15.0,"key":"SMITH"},{"data":"Dash","floor":23.0,"key":"SMITH"},{"data":"Footwork","floor":27.0,"key":"SMITH"},{"data":"Footwork","floor":29.0,"key":"SMITH"},{"data":"Adrenaline","floor":32.0,"key":"SMITH"},{"floor":41.0,"key":"RECALL"},{"data":"Bouncing Flask","floor":45.0,"key":"SMITH"},{"data":"Predator","floor":49.0,"key":"SMITH"},{"data":"Leg Sweep","floor":53.0,"key":"SMITH"}],"circlet_count":0,"master_deck":["AscendersBane","Defend_G","Defend_G","Defend_G","Defend_G","Defend_G","Survivor","Neutralize+1","Crippling Poison+1","Bouncing Flask+1","Well Laid Plans+1","Bullet Time","Underhanded Strike","Venomology","Predator+1","Backflip","Footwork+1","Footwork+1","Footwork+1","Adrenaline+1","PiercingWail+1","Malaise","Dodge and Roll","Wraith Form v2+1","Noxious Fumes+1","Leg Sweep+1","Infinite Blades+1","Well Laid Plans+1","Wish"],"relics":["Ring of the Snake","Toy Ornithopter","Bloody Idol","Pantograph","Blue Candle","Torii","Ancient Tea Set","Dead Branch","Snecko Eye","Membership Card","Happy Flower","StoneCalendar","Lantern","Singing Bowl","Orrery","Philosopher\u0027s Stone","Incense Burner","Chemical X","Frozen Egg 2","Blood Vial","Kunai","The Specimen","Calipers","Bird Faced Urn","PrismaticShard","Sling","Shuriken","Medical Kit","Anchor"],"acts_visited":["Exordium","TheCity","TheBeyond","TheEnding"],"potions_floor_usage":[56,56],"damage_taken":[{"damage":3.0,"enemies":"2 Louse","floor":1.0,"turns":5.0},{"damage":9.0,"enemies":"Jaw Worm","floor":2.0,"turns":6.0},{"damage":1.0,"enemies":"Small Slimes","floor":4.0,"turns":4.0},{"damage":20.0,"enemies":"Gremlin Nob","floor":6.0,"turns":6.0},{"damage":16.0,"enemies":"Exordium Thugs","floor":7.0,"turns":5.0},{"damage":8.0,"enemies":"Lagavulin","floor":13.0,"turns":7.0},{"damage":8.0,"enemies":"The Guardian","floor":16.0,"turns":12.0},{"damage":6.0,"enemies":"3 Byrds","floor":18.0,"turns":4.0},{"damage":0.0,"enemies":"Spheric Guardian","floor":21.0,"turns":3.0},{"damage":1.0,"enemies":"Book of Stabbing","floor":25.0,"turns":4.0},{"damage":1.0,"enemies":"Slavers","floor":28.0,"turns":4.0},{"damage":1.0,"enemies":"Cultist and Chosen","floor":31.0,"turns":5.0},{"damage":8.0,"enemies":"Champ","floor":33.0,"turns":8.0},{"damage":1.0,"enemies":"3 Darklings","floor":35.0,"turns":4.0},{"damage":1.0,"enemies":"Giant Head","floor":40.0,"turns":7.0},{"damage":2.0,"enemies":"Reptomancer","floor":42.0,"turns":6.0},{"damage":2.0,"enemies":"2 Orb Walkers","floor":44.0,"turns":4.0},{"damage":1.0,"enemies":"Time Eater","floor":50.0,"turns":16.0},{"damage":20.0,"enemies":"Awakened One","floor":51.0,"turns":14.0},{"damage":1,"enemies":"Shield and Spear","floor":55,"turns":11},{"damage":17,"enemies":"The Heart","floor":56,"turns":11}],"seed_played":"-5822409178258690773","potions_obtained":[{"floor":1.0,"key":"PowerPotion"},{"floor":2.0,"key":"Block Potion"},{"floor":16.0,"key":"DuplicationPotion"},{"floor":18.0,"key":"Block Potion"},{"floor":42.0,"key":"DuplicationPotion"},{"floor":44.0,"key":"ColorlessPotion"},{"floor":55,"key":"BlessingOfTheForge"}],"is_trial":false,"path_per_floor":["M","M","$","M","?","E","M","R","T","R","?","T","E","?","R","B",null,"M","$","?","M","?","R","?","E","T","R","E","R","$","M","R","B",null,"M","?","?","T","$","E","R","E","T","?","R","$","?","$","R","B","B",null,"R","$","E","B",null],"character_chosen":"THE_SILENT","items_purchased":["Crippling Poison","Toy Ornithopter","Membership Card","Happy Flower","Orrery","Chemical X","Frozen Egg 2","Dodge and Roll","Calipers","Bird Faced Urn","PrismaticShard","Noxious Fumes+1","Leg Sweep","Sling","Infinite Blades+1","Shuriken","Medical Kit","Well Laid Plans+1"],"campfire_rested":0,"item_purchase_floors":[3,3,19,19,30,39,39,39,46,46,46,46,46,48,48,54,54,54],"current_hp_per_floor":[56,47,47,46,46,36,20,20,20,20,20,20,12,12,12,29,48,42,42,42,47,47,47,47,54,54,54,54,54,60,60,60,58,60,62,59,59,59,59,61,61,61,61,63,63,63,63,63,63,63,59,62,62,62,63,63],"gold":45,"neow_bonus":"TWO_FIFTY_GOLD","is_daily":false,"chose_seed":false,"campfire_upgraded":10,"win_rate":0.0,"timestamp":1613587939,"path_taken":["M","M","$","M","?","E","M","R","T","R","?","?","E","?","R","BOSS","M","$","?","M","?","R","?","E","T","R","E","R","$","?","R","BOSS","M","?","?","?","$","E","R","E","T","?","R","$","?","$","R","BOSS","BOSS","R","$","E","BOSS"],"items_purchased_type":["Card","Relic","Relic","Relic","Relic","Relic","Relic","Card","Relic","Relic","Relic","Card","Card","Relic","Card","Relic","Relic","Card"],"build_version":"2020-12-22","purchased_purges":5,"victory":true,"max_hp_per_floor":[60,60,60,60,54,54,54,54,54,54,54,54,54,54,54,54,54,54,54,54,54,54,54,54,54,54,54,54,54,60,60,60,60,60,62,59,59,59,59,61,61,61,61,63,63,63,63,63,63,63,63,63,63,63,63,63],"relic_stats":{"Torii":43,"Happy Flower":[32],"Singing Bowl":12,"counters":[21,146],"Blue Candle":[13],"Dead Branch":[188],"StoneCalendar":[253],"Medical Kit":[6],"Blood Vial":1,"Shuriken":[13],"Bloody Idol":13,"Pantograph":25,"Bird Faced Urn":[30],"Snecko Eye":[206,187,195,225],"Chemical X":[13],"Kunai":[34],"obtain_stats":[{"Lantern":26,"Calipers":46,"Torii":12,"Singing Bowl":28,"StoneCalendar":25,"Incense Burner":38,"Ancient Tea Set":13,"PrismaticShard":46,"Sling":48,"Blood Vial":40,"Pantograph":6,"Philosopher\u0027s Stone":34,"Chemical X":39,"Kunai":42,"Ring of the Snake":0,"Happy Flower":19,"The Specimen":44,"Golden Idol":5,"Blue Candle":9,"Dead Branch":14,"Frozen Egg 2":39,"Medical Kit":54,"Anchor":55,"Shuriken":54,"Bloody Idol":22,"Bird Faced Urn":46,"Snecko Eye":17,"Orrery":30,"Membership Card":19,"Toy Ornithopter":3},{"Lantern":10,"Calipers":17,"Torii":5,"Singing Bowl":11,"StoneCalendar":10,"Incense Burner":14,"Ancient Tea Set":6,"PrismaticShard":17,"Sling":17,"Blood Vial":15,"Pantograph":4,"Philosopher\u0027s Stone":13,"Chemical X":14,"Kunai":16,"Ring of the Snake":0,"Happy Flower":8,"The Specimen":17,"Golden Idol":3,"Blue Candle":5,"Dead Branch":6,"Frozen Egg 2":14,"Medical Kit":19,"Anchor":20,"Shuriken":19,"Bloody Idol":9,"Bird Faced Urn":17,"Snecko Eye":7,"Orrery":11,"Membership Card":8,"Toy Ornithopter":2},{"Lantern":56,"Calipers":94,"Torii":26,"Singing Bowl":60,"StoneCalendar":56,"Incense Burner":77,"Ancient Tea Set":33,"PrismaticShard":94,"Sling":94,"Blood Vial":84,"Pantograph":21,"Philosopher\u0027s Stone":73,"Chemical X":77,"Kunai":90,"Ring of the Snake":0,"Happy Flower":49,"The Specimen":94,"Golden Idol":15,"Blue Candle":26,"Dead Branch":33,"Frozen Egg 2":77,"Medical Kit":124,"Anchor":135,"Shuriken":124,"Bloody Idol":52,"Bird Faced Urn":94,"Snecko Eye":45,"Orrery":60,"Membership Card":49,"Toy Ornithopter":11}],"Toy Ornithopter":29,"Ring of the Snake":[42]},"card_choices":[{"not_picked":["Heel Hook","Bane"],"picked":"Dash","floor":1.0},{"not_picked":["PiercingWail","Well Laid Plans"],"picked":"Underhanded Strike","floor":2.0},{"not_picked":["Expertise","Quick Slash"],"picked":"Bouncing Flask","floor":4.0},{"not_picked":["Choke","Underhanded Strike","Deflect"],"picked":"SKIP","floor":6.0},{"not_picked":["Bane","Underhanded Strike"],"picked":"Well Laid Plans","floor":7.0},{"not_picked":["Slice","Endless Agony","Bouncing Flask"],"picked":"SKIP","floor":13.0},{"not_picked":["Unload","Phantasmal Killer"],"picked":"Bullet Time","floor":16.0},{"not_picked":["Poisoned Stab","Sucker Punch"],"picked":"Underhanded Strike","floor":18.0},{"not_picked":["Caltrops","Deflect+1"],"picked":"Backflip","floor":21.0},{"not_picked":["Prepared","Deadly Poison"],"picked":"Footwork","floor":25.0},{"not_picked":["Heel Hook","Choke"],"picked":"Footwork","floor":28.0},{"not_picked":["Leg Sweep","Cloak And Dagger"],"picked":"Footwork+1","floor":30.0},{"not_picked":["Backstab","Dagger Spray","Quick Slash"],"picked":"Singing Bowl","floor":30.0},{"not_picked":["Sucker Punch","Poisoned Stab","Envenom"],"picked":"Singing Bowl","floor":30.0},{"not_picked":["PiercingWail","Bouncing Flask","Quick Slash"],"picked":"Singing Bowl","floor":30.0},{"not_picked":["Sucker Punch","Choke"],"picked":"Adrenaline","floor":30.0},{"not_picked":["Calculated Gamble","Dagger Spray"],"picked":"PiercingWail+1","floor":31.0},{"not_picked":["Bullet Time","Phantasmal Killer"],"picked":"Malaise","floor":33.0},{"not_picked":["Deflect","Backflip","Cloak And Dagger"],"picked":"Singing Bowl","floor":35.0},{"not_picked":["Blade Dance","Well Laid Plans+1","Sucker Punch+1"],"picked":"Singing Bowl","floor":40.0},{"not_picked":["PiercingWail","Crippling Poison"],"picked":"Wraith Form v2+1","floor":42.0},{"not_picked":["Slice","Setup","All Out Attack"],"picked":"Singing Bowl","floor":44.0},{"not_picked":["Consecrate+1","Tempest"],"picked":"Wish","floor":55}],"player_experience":1130211,"relics_obtained":[{"floor":6.0,"key":"Pantograph"},{"floor":9.0,"key":"Blue Candle"},{"floor":12.0,"key":"Torii"},{"floor":13.0,"key":"Ancient Tea Set"},{"floor":25.0,"key":"StoneCalendar"},{"floor":26.0,"key":"Lantern"},{"floor":28.0,"key":"Singing Bowl"},{"floor":38.0,"key":"Incense Burner"},{"floor":40.0,"key":"Blood Vial"},{"floor":42.0,"key":"Kunai"},{"floor":44.0,"key":"The Specimen"},{"floor":55,"key":"Anchor"}],"event_choices":[{"damage_healed":0.0,"max_hp_gain":0.0,"max_hp_loss":6.0,"gold_gain":0.0,"event_name":"Golden Idol","player_choice":"Lose Max HP","floor":5.0,"gold_loss":0.0,"damage_taken":0.0,"relics_obtained":["Golden Idol"]},{"damage_healed":0.0,"max_hp_gain":0.0,"max_hp_loss":0.0,"gold_gain":0.0,"event_name":"Scrap Ooze","player_choice":"Fled","floor":11.0,"gold_loss":0.0,"damage_taken":0.0},{"cards_removed":["Underhanded Strike"],"damage_healed":0.0,"max_hp_gain":0.0,"max_hp_loss":0.0,"gold_gain":0.0,"event_name":"WeMeetAgain","player_choice":"Gave Card","floor":14.0,"gold_loss":0.0,"damage_taken":0.0,"relics_obtained":["Dead Branch"]},{"damage_healed":0.0,"max_hp_gain":0.0,"max_hp_loss":0.0,"gold_gain":0.0,"cards_transformed":["Strike_G","Strike_G"],"event_name":"Drug Dealer","player_choice":"Became Test Subject","floor":20.0,"gold_loss":0.0,"damage_taken":0.0,"cards_obtained":["Venomology","Predator"]},{"damage_healed":0.0,"max_hp_gain":0.0,"max_hp_loss":0.0,"gold_gain":0.0,"event_name":"Forgotten Altar","player_choice":"Gave Idol","floor":22.0,"relics_lost":["Golden Idol"],"gold_loss":0.0,"damage_taken":0.0,"relics_obtained":["Bloody Idol"]},{"damage_healed":0.0,"max_hp_gain":0.0,"max_hp_loss":0.0,"gold_gain":0.0,"event_name":"Vampires","player_choice":"Ignored","floor":24.0,"gold_loss":0.0,"damage_taken":0.0},{"damage_healed":0.0,"max_hp_gain":0.0,"max_hp_loss":3.0,"gold_gain":0.0,"event_name":"Winding Halls","player_choice":"Max HP","floor":36.0,"gold_loss":0.0,"damage_taken":0.0},{"damage_healed":0.0,"max_hp_gain":0.0,"max_hp_loss":0.0,"gold_gain":999.0,"event_name":"MindBloom","player_choice":"Gold","floor":37.0,"gold_loss":0.0,"damage_taken":0.0,"cards_obtained":["Normality","Normality"]},{"damage_healed":0.0,"max_hp_gain":0.0,"max_hp_loss":0.0,"gold_gain":0.0,"event_name":"Mysterious Sphere","player_choice":"Fight","floor":44.0,"gold_loss":0.0,"damage_taken":0.0},{"cards_removed":["Dash"],"damage_healed":0.0,"max_hp_gain":0.0,"max_hp_loss":0.0,"gold_gain":0.0,"event_name":"Falling","player_choice":"Removed Attack","floor":47.0,"gold_loss":0.0,"damage_taken":0.0}],"is_beta":false,"boss_relics":[{"not_picked":["Runic Dome","Tiny House"],"picked":"Snecko Eye"},{"not_picked":["Empty Cage","Runic Pyramid"],"picked":"Philosopher\u0027s Stone"}],"items_purged_floors":[3,19,39,46,48],"is_endless":false,"potions_floor_spawned":[1,2,16,18,25,42,44,55],"ascension_level":20}}