{"host":"3twtdwjpiqhvvn5s","time":1613528101,"event":{"mods":["AchievementEnabler","Act Like it!","Aspiration","BaseMod","BetterRewards","Colored Map","Colored Powertips","Downfall","Duelist Mod","Friendly Minions","GifTheSpireLib","Hermit","Hubris","Infinite Spire","Jorbs\u0027s Wanderer Trilogy","Koishi","KomeijiMod","Marisa????????","Minty Spire (QoL Compilation)","Quick Restart","Rare Cards Sparkle","Replay The Spire","Shop Mod","StSLib","Td1madao Mod","The Administrix","The Animator","The Bug Knight","The Caster","The Cursed","The Disciple","The Hierophant","The Necromancer","The Poker Player","The Runesmith","The Servant 0.9.4"],"gold_per_floor":[121,312,312,312,312,328,346,346,346],"floor_reached":8,"language":"ENG","playtime":1796,"items_purged":[],"score":46,"play_id":"1da6789f-ce0c-4f24-b526-79feebbabce5","local_time":"20210216201501","daily_mods":["Hoarder","DeadlyEvents"],"is_ascension_mode":false,"campfire_choices":[],"circlet_count":0,"master_deck":["AdministrixMod:Strike_Administrix","AdministrixMod:Strike_Administrix","AdministrixMod:Strike_Administrix","AdministrixMod:Strike_Administrix","AdministrixMod:RedCloak","AdministrixMod:Defend_Administrix","AdministrixMod:Defend_Administrix","AdministrixMod:Defend_Administrix","AdministrixMod:Defend_Administrix","AdministrixMod:BlueCloak","AdministrixMod:CenturiesAscent","AdministrixMod:CenturiesAscent","AdministrixMod:CenturiesAscent","Alleviate","Alleviate","Alleviate","AdministrixMod:TrickOfTheLight","AdministrixMod:TrickOfTheLight","AdministrixMod:TrickOfTheLight","Defy","Defy","Defy"],"relics":["AdministrixMod:ConductorRitualBaton"],"acts_visited":["Exordium"],"potions_floor_usage":[8],"damage_taken":[{"damage":0,"enemies":"Jaw Worm","floor":1,"turns":4},{"damage":0,"enemies":"2 Louse","floor":6,"turns":2},{"damage":0,"enemies":"Small Slimes","floor":7,"turns":4},{"damage":77,"enemies":"Lagavulin","floor":8,"turns":20}],"seed_played":"-5772258307513385172","potions_obtained":[{"floor":7,"key":"PowerPotion"}],"is_trial":true,"path_per_floor":["M","?","PTL","PTL","?","M","M","E"],"character_chosen":"TheAdministrix","items_purchased":[],"campfire_rested":0,"item_purchase_floors":[],"current_hp_per_floor":[65,65,65,65,70,70,70,0,0],"gold":346,"neow_bonus":"","is_daily":false,"chose_seed":false,"campfire_upgraded":0,"win_rate":0.0,"timestamp":1613528101,"path_taken":["M","?","PTL","PTL","?","M","?","E"],"items_purchased_type":[],"build_version":"2020-12-22","purchased_purges":0,"victory":false,"max_hp_per_floor":[65,65,65,65,70,70,70,70,70],"card_choices":[{"not_picked":["AdministrixMod:SealAway","Read"],"picked":"AdministrixMod:CenturiesAscent","floor":1},{"not_picked":["ReturningBlade","FastForward"],"picked":"Alleviate","floor":2},{"not_picked":["Ricochet","AdministrixMod:HiddenPower"],"picked":"AdministrixMod:TrickOfTheLight","floor":6},{"not_picked":["AdministrixMod:Untouchable","AdministrixMod:RegentEdict"],"picked":"Defy","floor":7}],"player_experience":3144276,"relics_obtained":[],"event_choices":[{"damage_healed":0,"gold_gain":0,"player_choice":"Donut","damage_taken":0,"max_hp_gain":5,"max_hp_loss":0,"event_name":"Big Fish","floor":5,"gold_loss":0}],"is_beta":false,"boss_relics":[],"items_purged_floors":[],"is_endless":false,"potions_floor_spawned":[7],"killed_by":"Lagavulin","ascension_level":0}}