{"host":"3goc4eg48gs58qxk","time":1613571208,"event":{"mods":["BaseMod","Better Note","Downfall","Minty Spire (QoL Compilation)","MostiFishMod","StSLib","Waifu the Spire"],"gold_per_floor":[99,99,99,99,99,99,171,184,210,210,222,249,33,44,59,156,156,156,175,127,127,127,157,157,107,119,19,39,39,39,39,59,154,154,154],"floor_reached":33,"language":"ZHS","playtime":1673,"items_purged":["champ:Defend","champ:Strike","champ:Strike"],"score":436,"play_id":"4b640eae-3cd7-4279-bdf5-5f77736813d9","local_time":"20210217221328","is_ascension_mode":false,"campfire_choices":[{"data":"champ:Taunt","floor":1,"key":"SMITH"},{"data":"champ:ShieldSigil","floor":6,"key":"SMITH"},{"floor":18,"key":"RECALL"},{"data":"champ:RageSigil","floor":27,"key":"SMITH"},{"data":"champ:IronFortress","floor":29,"key":"SMITH"}],"circlet_count":0,"master_deck":["champ:Strike","champ:Strike","champ:Defend","champ:Defend","champ:Defend","champ:Execute","champ:Taunt+1","champ:Circumvent+1","champ:ShieldSigil+1","champ:RageSigil+1","champ:Encircle","champ:IronFortress+1","champ:RapidStrikes+1","champ:FaceSlap","champ:StrikeOfGenius","champ:ShieldSigil"],"relics":["champ:ChampionCrown","DaveBox","BirthdayGift-Tetrahedron","downfall:HeartsMalice","Question Card","Tiny Chest","Smiling Mask","ChiLing","Chi","Ling","OneHitWonderSystem","DaCapo","Gremlin Horn","hexamod:BolsterEngine","downfall:HeartBlessingRed"],"acts_visited":["Exordium","TheCity"],"potions_floor_usage":[13,13],"damage_taken":[{"damage":0,"enemies":"2 Louse","floor":2,"turns":1},{"damage":0,"enemies":"Cultist","floor":3,"turns":1},{"damage":0,"enemies":"Jaw Worm","floor":5,"turns":1},{"damage":12,"enemies":"Exordium Wildlife","floor":8,"turns":2},{"damage":29,"enemies":"Gremlin Nob","floor":9,"turns":3},{"damage":3,"enemies":"Blue Slaver","floor":11,"turns":2},{"damage":57,"enemies":"downfall:FleeingMerchant","floor":13,"turns":4},{"damage":13,"enemies":"2 Fungi Beasts","floor":14,"turns":2},{"damage":30,"enemies":"Large Slime","floor":15,"turns":2},{"damage":35,"enemies":"WA_ARCHETYPE_RETAIN","floor":16,"turns":2},{"damage":0,"enemies":"Chosen","floor":19,"turns":2},{"damage":0,"enemies":"downfall:FleeingMerchant","floor":20,"turns":2},{"damage":0,"enemies":"Gremlin Leader","floor":23,"turns":2},{"damage":0,"enemies":"Spheric Guardian","floor":26,"turns":1},{"damage":0,"enemies":"3 Cultists","floor":28,"turns":1},{"damage":0,"enemies":"Snake Plant","floor":32,"turns":2},{"damage":0,"enemies":"SI_MIRROR_ARCHETYPE","floor":33,"turns":5}],"seed_played":"432194042439471374","potions_obtained":[{"floor":9,"key":"ColorlessPotion"},{"floor":11,"key":"GamblersBrew"},{"floor":15,"key":"Fire Potion"},{"floor":19,"key":"ColorlessPotion"},{"floor":26,"key":"BlessingOfTheForge"},{"floor":32,"key":"Guardian:BlockOnCardUsePotion"}],"is_trial":false,"path_per_floor":["R","M","M","?","M","R","T","M","E","?","M","T","$","M","M","B",null,"R","M","$","T","?","E","T","$","M","R","M","R","?","?","M","B"],"character_chosen":"THE_CHAMP","items_purchased":["ChiLing","DaCapo"],"campfire_rested":0,"item_purchase_floors":[13,20],"current_hp_per_floor":[90,90,90,90,90,90,90,88,79,84,81,81,74,71,66,56,1,1,1,1,1,1,1,1,1,1,1,1,1,1,1,1,1,1,1],"gold":154,"neow_bonus":"THREE_ENEMY_KILL","is_daily":false,"chose_seed":false,"campfire_upgraded":4,"win_rate":0.0,"timestamp":1613571208,"path_taken":["R","M","M","?","?","R","T","M","E","?","M","?","?","M","M","BOSS","R","M","$","?","?","E","T","$","M","R","M","R","?","?","M","BOSS"],"items_purchased_type":["Relic","Relic"],"build_version":"2020-12-22","purchased_purges":3,"victory":false,"max_hp_per_floor":[90,90,90,90,90,90,90,90,90,95,95,95,95,95,95,95,1,1,1,1,1,1,1,1,1,1,1,1,1,1,1,1,1,1,1],"card_choices":[{"not_picked":["champ:CrownThrow","champ:TornadoPunch","champ:Parry"],"picked":"SKIP","floor":2},{"not_picked":["champ:Haymaker","champ:TornadoPunch"],"picked":"champ:Circumvent","floor":3},{"not_picked":["champ:PerfectedStrike","champ:PreciseThrust"],"picked":"champ:ShieldSigil","floor":5},{"not_picked":["champ:PreemptiveStrike","champ:TripleStrike","champ:SwordSigil"],"picked":"champ:RageSigil","floor":8},{"not_picked":["champ:FancyFootwork","champ:GladiatorStyle","champ:DefensiveShout"],"picked":"champ:Encircle","floor":9},{"not_picked":["champ:PreciseThrust","champ:DeathBlow","champ:HeartStrike"],"picked":"champ:IronFortress","floor":11},{"not_picked":["champ:AdrenalArmor","champ:ViciousMockery","champ:Encircle"],"picked":"champ:RapidStrikes","floor":13},{"not_picked":["champ:AdrenalArmor","champ:ShieldSigil","champ:BerserkersShout"],"picked":"champ:FaceSlap","floor":14},{"not_picked":["champ:Haymaker","champ:BringItOn","champ:Circumvent"],"picked":"champ:StrikeOfGenius","floor":15},{"not_picked":["champ:AdrenalArmor","champ:FocusedBerserking","champ:RapidStrikes+1","champ:SwordSigil"],"picked":"SKIP","floor":19},{"not_picked":["champ:FanOfKnives","champ:CrownThrow","champ:PreciseThrust+1","champ:ShieldSlam"],"picked":"SKIP","floor":20},{"not_picked":["champ:ShieldSlam","champ:FocusedDefense","champ:Circumvent","champ:SwordSigil"],"picked":"SKIP","floor":23},{"not_picked":["champ:FlashCut+1","champ:PreciseThrust","champ:HeartStrike","champ:StanceDance"],"picked":"SKIP","floor":26},{"not_picked":["champ:BringItOn","champ:PerfectedStrike+1","champ:Circumvent+1","champ:CrownThrow+1"],"picked":"SKIP","floor":28},{"not_picked":["champ:HeartStrike","champ:ViciousMockery","champ:TornadoPunch"],"picked":"champ:ShieldSigil","floor":32}],"player_experience":498772,"relics_obtained":[{"floor":7,"key":"Question Card"},{"floor":9,"key":"Tiny Chest"},{"floor":12,"key":"Smiling Mask"},{"floor":21,"key":"Gremlin Horn"},{"floor":23,"key":"hexamod:BolsterEngine"}],"event_choices":[{"damage_healed":0,"gold_gain":0,"player_choice":"Donut","damage_taken":0,"max_hp_gain":5,"max_hp_loss":0,"event_name":"Big Fish","floor":10,"gold_loss":0},{"damage_healed":0,"gold_gain":0,"player_choice":"Ignored","damage_taken":0,"max_hp_gain":0,"max_hp_loss":0,"event_name":"betterNote:BetterNote","floor":30,"gold_loss":0,"cards_obtained":["Scrawl"]}],"is_beta":false,"boss_relics":[{"not_picked":["Empty Cage","Fusion Hammer"],"picked":"OneHitWonderSystem"}],"items_purged_floors":[13,20,25],"is_endless":false,"potions_floor_spawned":[9,11,15,19,26,32,33],"killed_by":"SI_MIRROR_ARCHETYPE","ascension_level":0}}