{"host":"2c84cb4cp1emursg","time":1613584025,"event":{"mods":["Act Like it!","BaseMod","Better Third Choice","Bossed Relics","Hermit","Mimic Mod","Minty Spire (QoL Compilation)","Permanent Neow","StSLib"],"gold_per_floor":[112,130,130,156,178,209,209,249,300,1,1,26,61,97,97,204,204,219,219,237,264,286,323,15,56,91,121,133,168,182,208,208,313,313,324,324,324],"floor_reached":36,"language":"ENG","playtime":3854,"items_purged":["hermit:Strike_Hermit"],"score":635,"play_id":"66c92fd4-5cc4-445e-b8b5-045962156738","local_time":"20210217104705","is_ascension_mode":true,"campfire_choices":[{"data":"hermit:CursedWeapon","floor":7.0,"key":"SMITH"},{"data":"hermit:FlashPowder","floor":11.0,"key":"SMITH"},{"data":"hermit:FlashPowder","floor":15.0,"key":"SMITH"},{"data":"hermit:Reprieve","floor":32.0,"key":"SMITH"}],"circlet_count":1,"master_deck":["hermit:Strike_Hermit","hermit:Strike_Hermit","hermit:Strike_Hermit+1","hermit:Defend_Hermit","hermit:Defend_Hermit","hermit:Defend_Hermit","hermit:Snapshot+1","hermit:Covet+1","hermit:Gambit+1","hermit:Scavenge+1","hermit:Enervate","hermit:FlashPowder+1","hermit:FlashPowder+1","hermit:CursedWeapon+1","hermit:HighCaliber","hermit:HoleUp","hermit:Virtue","hermit:Dissolve","hermit:FinalCanter+1","hermit:Determination","hermit:Desperado","hermit:TakeCover+1","hermit:SprayPray","hermit:LoneWolf","hermit:Determination","Master of Strategy","hermit:Determination","hermit:LoneWolf+1","hermit:Spite","hermit:SprayPray+1","hermit:Reprieve+1","hermit:Reprieve","CurseOfTheBell"],"relics":["hermit:Momento","WingedGreaves","Circlet","War Paint","Membership Card","hermit:Horseshoe","Blood Vial","Gremlin Horn","hermit:CharredGlove","SlaversCollar","Potion Belt","Vajra","Happy Flower","Shuriken","Blue Candle","Whetstone","Calling Bell","Boot","Toxic Egg 2","hermit:RedScarf"],"acts_visited":["Exordium","TheCity","TheBeyond"],"potions_floor_usage":[36],"damage_taken":[{"damage":13.0,"enemies":"Small Slimes","floor":1.0,"turns":2.0},{"damage":0.0,"enemies":"2 Louse","floor":2.0,"turns":4.0},{"damage":0.0,"enemies":"Cultist","floor":4.0,"turns":4.0},{"damage":0.0,"enemies":"3 Louse","floor":5.0,"turns":4.0},{"damage":0.0,"enemies":"3 Sentries","floor":6.0,"turns":8.0},{"damage":20.0,"enemies":"Lagavulin","floor":8.0,"turns":7.0},{"damage":10.0,"enemies":"Gremlin Nob","floor":12.0,"turns":3.0},{"damage":5.0,"enemies":"3 Sentries","floor":13.0,"turns":8.0},{"damage":7.0,"enemies":"HollowMod:MossKnight","floor":14.0,"turns":9.0},{"damage":7.0,"enemies":"Slime Boss","floor":16.0,"turns":14.0},{"damage":2.0,"enemies":"3 Byrds","floor":18.0,"turns":7.0},{"damage":2.0,"enemies":"Chosen","floor":20.0,"turns":4.0},{"damage":11.0,"enemies":"Sentry and Sphere","floor":21.0,"turns":5.0},{"damage":18.0,"enemies":"Centurion and Healer","floor":22.0,"turns":5.0},{"damage":21.0,"enemies":"Slavers","floor":23.0,"turns":5.0},{"damage":2.0,"enemies":"HollowMod:Nosk","floor":25.0,"turns":6.0},{"damage":3.0,"enemies":"Snake Plant","floor":26.0,"turns":7.0},{"damage":19.0,"enemies":"Book of Stabbing","floor":27.0,"turns":6.0},{"damage":0.0,"enemies":"Snake Plant","floor":28.0,"turns":5.0},{"damage":2.0,"enemies":"HollowMod:Nosk","floor":29.0,"turns":6.0},{"damage":1.0,"enemies":"Cultist and Chosen","floor":30.0,"turns":4.0},{"damage":4.0,"enemies":"Slavers","floor":31.0,"turns":4.0},{"damage":11.0,"enemies":"Collector","floor":33.0,"turns":7.0},{"damage":19,"enemies":"3 Darklings","floor":35,"turns":6},{"damage":69,"enemies":"2 Orb Walkers","floor":36,"turns":4}],"seed_played":"-8700816175380022074","potions_obtained":[{"floor":2.0,"key":"BlessingOfTheForge"},{"floor":6.0,"key":"SkillPotion"},{"floor":8.0,"key":"hermit:Tonic"},{"floor":14.0,"key":"Weak Potion"},{"floor":18.0,"key":"SpeedPotion"},{"floor":22.0,"key":"ColorlessPotion"},{"floor":28.0,"key":"Energy Potion"},{"floor":29.0,"key":"GamblersBrew"},{"floor":31.0,"key":"Swift Potion"},{"floor":33.0,"key":"ColorlessPotion"}],"is_trial":false,"path_per_floor":["M","M","?","M","M","E","R","E","T","$","R","E","E","E","R","B",null,"M","?","M","M","M","E","$","E","MIM","E","M","E","M","E","R","B",null,"M","?"],"character_chosen":"HERMIT","items_purchased":["Membership Card","hermit:Horseshoe","hermit:HoleUp","hermit:SprayPray","hermit:LoneWolf","hermit:Determination","Vajra","hermit:Tonic","Master of Strategy"],"campfire_rested":0,"item_purchase_floors":[10,10,10,24,24,24,24,24,24],"current_hp_per_floor":[62,62,47,47,47,47,47,27,27,27,27,17,14,9,9,4,75,73,73,73,64,48,29,29,29,28,11,13,13,14,12,12,11,75,56,0,0],"gold":324,"neow_bonus":"ONE_RANDOM_RARE_CARD","is_daily":false,"chose_seed":false,"campfire_upgraded":4,"win_rate":0.0,"timestamp":1613584025,"path_taken":["M","M","?","M","M","E","R","E","T","$","R","E","E","E","R","BOSS","M","?","M","M","?","E","$","E","MIM","E","M","E","M","E","R","BOSS","M","?"],"items_purchased_type":["Relic","Relic","Card","Card","Card","Card","Relic","Potion","Card"],"build_version":"2020-12-22","purchased_purges":1,"victory":false,"max_hp_per_floor":[75,75,75,75,75,75,75,75,75,75,75,75,75,75,75,75,75,75,75,75,75,75,75,75,75,75,75,75,75,75,75,75,75,75,75,75,75],"card_choices":[{"not_picked":["hermit:Coalescence","hermit:LoneWolf"],"picked":"hermit:Scavenge","floor":1.0},{"not_picked":["hermit:Headshot","hermit:TrackingShot"],"picked":"hermit:Enervate","floor":2.0},{"not_picked":["hermit:HighCaliber","hermit:Roulette"],"picked":"hermit:FlashPowder","floor":4.0},{"not_picked":["hermit:Ricochet","hermit:Roulette"],"picked":"hermit:FlashPowder","floor":5.0},{"not_picked":["hermit:TakeAim","hermit:Brawl"],"picked":"hermit:CursedWeapon","floor":6.0},{"not_picked":["hermit:Shortfuse","hermit:HoleUp"],"picked":"hermit:HighCaliber","floor":8.0},{"not_picked":["hermit:Midnight","hermit:Magnum","hermit:Desperado"],"picked":"SKIP","floor":12.0},{"not_picked":["hermit:CalledShot","hermit:HighCaliber"],"picked":"hermit:Virtue","floor":13.0},{"not_picked":["hermit:EyeOfTheStorm","hermit:Vantage"],"picked":"hermit:Dissolve","floor":14.0},{"not_picked":["hermit:BlackWind","hermit:Roughhouse"],"picked":"hermit:FinalCanter","floor":16.0},{"not_picked":["hermit:FullyLoaded","hermit:ItchyTrigger+1","hermit:Combo+1"],"picked":"SKIP","floor":18.0},{"not_picked":["hermit:Midnight","hermit:FlashPowder"],"picked":"hermit:Determination","floor":20.0},{"not_picked":["hermit:Vantage","hermit:TakeAim+1"],"picked":"hermit:Desperado","floor":21.0},{"not_picked":["hermit:Brawl","hermit:CalledShot","hermit:Deadeye"],"picked":"SKIP","floor":22.0},{"not_picked":["hermit:CalledShot","hermit:NoHoldsBarred+1"],"picked":"hermit:TakeCover+1","floor":23.0},{"not_picked":["hermit:Snipe","hermit:Roughhouse"],"picked":"hermit:Determination","floor":25.0},{"not_picked":["hermit:BodyArmor","hermit:Quickdraw"],"picked":"hermit:LoneWolf+1","floor":26.0},{"not_picked":["hermit:TrackingShot","hermit:FullyLoaded+1"],"picked":"hermit:Spite","floor":27.0},{"not_picked":["hermit:Roulette+1","hermit:Glare"],"picked":"hermit:SprayPray+1","floor":28.0},{"not_picked":["hermit:Shortfuse","hermit:Vantage+1","hermit:Horror"],"picked":"SKIP","floor":29.0},{"not_picked":["hermit:Roulette","hermit:Headshot","hermit:Brawl"],"picked":"SKIP","floor":30.0},{"not_picked":["hermit:ShadowCloak","hermit:Vantage"],"picked":"hermit:Reprieve","floor":31.0},{"not_picked":["hermit:OverwhelmingPower","hermit:HighNoon"],"picked":"hermit:Reprieve","floor":33.0},{"not_picked":["hermit:Quickdraw","hermit:Dive+1","hermit:WideOpen+1"],"picked":"SKIP","floor":35}],"player_experience":514499,"relics_obtained":[{"floor":6.0,"key":"WingedGreaves"},{"floor":8.0,"key":"HollowMod:LifeEnderRelic"},{"floor":9.0,"key":"War Paint"},{"floor":12.0,"key":"Blood Vial"},{"floor":13.0,"key":"Gremlin Horn"},{"floor":14.0,"key":"hermit:CharredGlove"},{"floor":23.0,"key":"Potion Belt"},{"floor":25.0,"key":"Happy Flower"},{"floor":27.0,"key":"Shuriken"},{"floor":29.0,"key":"Blue Candle"},{"floor":31.0,"key":"Whetstone"},{"floor":34,"key":"Boot"},{"floor":34,"key":"Toxic Egg 2"},{"floor":34,"key":"hermit:RedScarf"}],"event_choices":[{"damage_healed":62.0,"max_hp_gain":0.0,"max_hp_loss":75.0,"gold_gain":0.0,"event_name":"betterThird:BetterShining","player_choice":"Upgrade","floor":3.0,"gold_loss":0.0,"damage_taken":15.0,"cards_upgraded":["hermit:Snapshot","hermit:Scavenge"]},{"cards_removed":["hermit:Defend_Hermit"],"damage_healed":0.0,"max_hp_gain":0.0,"max_hp_loss":0.0,"gold_gain":0.0,"event_name":"Purifier","player_choice":"Purged","floor":19.0,"gold_loss":0.0,"damage_taken":0.0},{"damage_healed":0,"gold_gain":0,"player_choice":"Fight","damage_taken":0,"max_hp_gain":0,"max_hp_loss":0,"event_name":"Mysterious Sphere","floor":36,"gold_loss":0}],"is_beta":false,"boss_relics":[{"not_picked":["SacredBark","Coffee Dripper"],"picked":"SlaversCollar"},{"not_picked":["Pandora\u0027s Box","Empty Cage"],"picked":"Calling Bell"}],"items_purged_floors":[24],"is_endless":false,"potions_floor_spawned":[2,6,8,14,18,22,28,29,31,33],"killed_by":"2 Orb Walkers","ascension_level":2}}