{"host":"Cenci","time":1613564050,"event":{"mods":["BaseMod","Bestiary","Downfall","Highlight Path","Minty Spire (QoL Compilation)","StSLib"],"gold_per_floor":[99,112,124,134,119,154,225,25,52,52,71,83,83,18,28,133,133,133,144,164,177,262,14,14,14,42,56,89,107,7,7,24,128,128,128,142,152,152,152,87,87,99,110,127,127,127,127],"floor_reached":45,"language":"ENG","playtime":3095,"items_purged":["Guardian:FastForward","Guardian:Strike_Guardian"],"score":707,"play_id":"a5fcf548-5952-46a2-b9d8-417657e461f7","local_time":"20210217131410","is_ascension_mode":true,"campfire_choices":[{"floor":1.0,"key":"RECALL"},{"floor":8.0,"key":"REST"},{"data":"Guardian:ShieldSpikes","floor":10.0,"key":"SMITH"},{"data":"Guardian:Harden","floor":13.0,"key":"SMITH"},{"data":"Guardian:CompilePackage","floor":18.0,"key":"SMITH"},{"floor":30.0,"key":"REST"},{"data":"Guardian:Harden","floor":35.0,"key":"SMITH"},{"data":"Guardian:Harden","floor":39.0,"key":"SMITH"},{"data":"Guardian:SentryBeam","floor":41.0,"key":"SMITH"}],"circlet_count":0,"master_deck":["Guardian:Strike_Guardian","Guardian:Strike_Guardian+1","Guardian:Defend_Guardian","Guardian:Defend_Guardian","Guardian:Defend_Guardian","Guardian:Defend_Guardian","Guardian:CurlUp","Guardian:TwinSlam+1","Guardian:Harden+1","Guardian:BronzeArmor","Guardian:BronzeArmor","Guardian:ShieldSpikes+1","Guardian:PiercingHide","Guardian:Harden+1","Guardian:SphericShield","Guardian:PiercingHide","Guardian:CompilePackage+1","Guardian:SentryBeam+1","Guardian:EvasiveProtocol","Guardian:PiercingHide+1","Guardian:ShieldSpikes","Guardian:Harden+1","Guardian:Repulse+1","Guardian:ShieldSpikes","Guardian:Gem_Blue"],"relics":["Guardian:ModeShifter","Smiling Mask","Question Card","downfall:HeartBlessingRed","downfall:HeartBlessingGreen","Sundial","sneckomod:SneckoTalon","Bronze Scales","Bag of Preparation","Centennial Puzzle","Gambling Chip","downfall:HeartBlessingBlue","Philosopher\u0027s Stone","downfall:TeleportStone"],"acts_visited":["Exordium","TheCity","TheBeyond"],"potions_floor_usage":[45],"damage_taken":[{"damage":6.0,"enemies":"Cultist","floor":2.0,"turns":4.0},{"damage":2.0,"enemies":"Jaw Worm","floor":3.0,"turns":4.0},{"damage":2.0,"enemies":"2 Louse","floor":4.0,"turns":2.0},{"damage":0.0,"enemies":"downfall:FleeingMerchant","floor":5.0,"turns":4.0},{"damage":42.0,"enemies":"Lagavulin","floor":6.0,"turns":11.0},{"damage":18.0,"enemies":"Gremlin Nob","floor":9.0,"turns":5.0},{"damage":1.0,"enemies":"downfall:LooterAlt","floor":11.0,"turns":6.0},{"damage":5.0,"enemies":"Blue Slaver","floor":12.0,"turns":6.0},{"damage":0.0,"enemies":"downfall:FleeingMerchant","floor":14.0,"turns":4.0},{"damage":4.0,"enemies":"Exordium Wildlife","floor":15.0,"turns":7.0},{"damage":0.0,"enemies":"SI_SHIV_ARCHETYPE","floor":16.0,"turns":10.0},{"damage":0.0,"enemies":"Spheric Guardian","floor":19.0,"turns":5.0},{"damage":16.0,"enemies":"downfall:LooterAlt2","floor":20.0,"turns":6.0},{"damage":5.0,"enemies":"Centurion and Healer","floor":21.0,"turns":12.0},{"damage":0.0,"enemies":"downfall:FleeingMerchant","floor":23.0,"turns":4.0},{"damage":24.0,"enemies":"Gremlin Leader","floor":26.0,"turns":7.0},{"damage":0.0,"enemies":"Snake Plant","floor":27.0,"turns":2.0},{"damage":0.0,"enemies":"Book of Stabbing","floor":28.0,"turns":4.0},{"damage":0.0,"enemies":"Shelled Parasite and Fungi","floor":29.0,"turns":5.0},{"damage":0.0,"enemies":"3 Cultists","floor":32.0,"turns":5.0},{"damage":7.0,"enemies":"DF_ARCHETYPE_CLAW","floor":33.0,"turns":9.0},{"damage":0.0,"enemies":"Orb Walker","floor":36.0,"turns":5.0},{"damage":0.0,"enemies":"3 Shapes","floor":37.0,"turns":3.0},{"damage":0.0,"enemies":"downfall:FleeingMerchant","floor":40.0,"turns":4.0},{"damage":0.0,"enemies":"3 Darklings","floor":42.0,"turns":2.0},{"damage":0.0,"enemies":"Jaw Worm Horde","floor":43.0,"turns":4.0},{"damage":0.0,"enemies":"Writhing Mass","floor":44.0,"turns":4.0},{"damage":138,"enemies":"IC_BLOCK_ARCHETYPE","floor":45,"turns":6}],"seed_played":"6284975482399475032","potions_obtained":[{"floor":2.0,"key":"Explosive Potion"},{"floor":3.0,"key":"SneckoOil"},{"floor":6.0,"key":"champ:CounterPotion"},{"floor":11.0,"key":"SkillPotion"},{"floor":20.0,"key":"DistilledChaos"},{"floor":21.0,"key":"hexamod:SoulburnPotion"},{"floor":26.0,"key":"Ancient Potion"},{"floor":33.0,"key":"SteroidPotion"},{"floor":36.0,"key":"Guardian:StasisDiscoveryPotion"}],"is_trial":false,"path_per_floor":["R","M","M","M","$","E","T","R","E","R","M","M","R","$","M","B",null,"R","M","M","M","?","$","T","T","E","M","E","M","R","?","M","B",null,"R","M","M","?","R","$","R","M","M","M","B"],"character_chosen":"GUARDIAN","items_purchased":["Bronze Scales","Guardian:EvasiveProtocol"],"campfire_rested":2,"item_purchase_floors":[23,23],"current_hp_per_floor":[72,66,64,62,62,20,20,44,26,26,25,20,20,20,16,16,64,64,64,48,43,27,27,27,27,3,3,3,3,40,32,32,25,74,74,74,74,74,74,74,74,74,74,74,0,0,0],"gold":127,"neow_bonus":"UPGRADE_CARD","is_daily":false,"chose_seed":false,"campfire_upgraded":6,"win_rate":0.0,"timestamp":1613564050,"path_taken":["R","M","M","M","?","E","T","R","E","R","M","M","R","$","M","BOSS","R","M","M","M","?","$","T","?","E","?","E","M","R","?","M","BOSS","R","M","M","?","R","?","R","M","?","M","BOSS"],"items_purchased_type":["Relic","Card"],"build_version":"2020-11-17","purchased_purges":2,"victory":false,"max_hp_per_floor":[80,80,80,80,80,80,80,80,80,80,80,80,80,80,80,80,80,80,80,80,80,80,80,80,80,80,80,80,80,90,90,90,90,90,90,90,90,90,90,90,90,90,90,90,90,90,90],"card_choices":[{"not_picked":["Guardian:Gem_Cyan","Guardian:TemporalShield"],"picked":"Guardian:Harden","floor":2.0},{"not_picked":["Guardian:Gem_Green","Guardian:VentSteam","Guardian:Preprogram"],"picked":"SKIP","floor":3.0},{"not_picked":["Guardian:DonusPower","Guardian:Incinerate"],"picked":"Guardian:BronzeArmor","floor":4.0},{"not_picked":["Guardian:ChargeCore","Guardian:Planning"],"picked":"Guardian:FastForward","floor":5.0},{"not_picked":["Guardian:ChargeCore","Guardian:EvasiveProtocol"],"picked":"Guardian:BronzeArmor","floor":6.0},{"not_picked":["Guardian:FuturePlans","Guardian:GuardianWhirl","Guardian:Gem_Yellow"],"picked":"Guardian:ShieldSpikes","floor":9.0},{"not_picked":["Guardian:Gem_Purple","Guardian:Clone","Guardian:RefractedBeam"],"picked":"Guardian:PiercingHide","floor":11.0},{"not_picked":["Guardian:Gem_Blue","Guardian:TemporalStrike","Guardian:Planning"],"picked":"Guardian:Harden","floor":12.0},{"not_picked":["Guardian:RollAttack","Guardian:Gem_Lightblue","Guardian:EvasiveProtocol"],"picked":"Guardian:SphericShield","floor":14.0},{"not_picked":["Guardian:MultiBeam","Guardian:EvasiveProtocol","Guardian:Gem_Blue"],"picked":"Guardian:PiercingHide","floor":15.0},{"not_picked":["Guardian:FierceBash","Guardian:Gem_Orange","Guardian:GemFire"],"picked":"Guardian:CompilePackage","floor":16.0},{"not_picked":["Guardian:Incinerate","Guardian:CrystalBeam","Guardian:Gem_Green"],"picked":"Guardian:Gem_Lightblue","floor":19.0},{"not_picked":["Guardian:Clone","Guardian:CrystalBeam","Guardian:PiercingHide"],"picked":"Guardian:Gem_Lightblue","floor":20.0},{"not_picked":["Guardian:Harden","Guardian:ChargeCore","Guardian:RollAttack+1"],"picked":"Guardian:Gem_Lightblue","floor":21.0},{"not_picked":["Guardian:Gem_White","Guardian:DecasProtection","Guardian:MultiBeam"],"picked":"Guardian:SentryBeam","floor":23.0},{"not_picked":["Guardian:TemporalStrike","Guardian:Gem_Purple","Guardian:Planning"],"picked":"Guardian:PiercingHide+1","floor":26.0},{"not_picked":["Guardian:TimeBomb+1","Guardian:Incinerate+1","Guardian:Gem_Fragmented","Guardian:PrimingBeam+1"],"picked":"SKIP","floor":27.0},{"not_picked":["Guardian:Orbwalk+1","Guardian:StasisStrike","Guardian:CrystalBeam"],"picked":"Guardian:ShieldSpikes","floor":28.0},{"not_picked":["Guardian:ArmoredProtocol","Guardian:Gem_Red","Guardian:Suspension"],"picked":"Guardian:Harden","floor":29.0},{"not_picked":["Guardian:TemporalShield","Guardian:Reroute","Guardian:Incinerate","Guardian:PolyBeam"],"picked":"SKIP","floor":32.0},{"not_picked":["Guardian:StasisStrike","Guardian:GemFinder","Guardian:FierceBash"],"picked":"Guardian:Gem_Synthetic","floor":33.0},{"not_picked":["Guardian:Preprogram","Guardian:Planning+1","Guardian:FloatingOrbs"],"picked":"Guardian:Repulse+1","floor":36.0},{"not_picked":["Guardian:VentSteam","Guardian:Gem_White","Guardian:Gem_Red","Guardian:GuardianWhirl"],"picked":"SKIP","floor":37.0},{"not_picked":["Guardian:Preprogram+1","Guardian:WalkerClaw","Guardian:PrimingBeam+1"],"picked":"Guardian:ShieldSpikes","floor":40.0},{"not_picked":["Guardian:Gem_Fragmented","Guardian:EvasiveProtocol+1","Guardian:TemporalStrike+1"],"picked":"Guardian:Gem_Blue","floor":42.0},{"not_picked":["Guardian:TemporalShield+1","Guardian:Reroute+1","Guardian:TemporalStrike","Guardian:Emergency+1"],"picked":"SKIP","floor":43.0},{"not_picked":["Guardian:BronzeOrb","Guardian:ShieldCharger+1","Guardian:Gem_Lightblue","Guardian:Repulse"],"picked":"SKIP","floor":44.0}],"player_experience":350868,"relics_obtained":[{"floor":6.0,"key":"Smiling Mask"},{"floor":7.0,"key":"Question Card"},{"floor":9.0,"key":"Sundial"},{"floor":25.0,"key":"Bag of Preparation"},{"floor":26.0,"key":"Centennial Puzzle"},{"floor":28.0,"key":"Gambling Chip"}],"event_choices":[],"is_beta":true,"boss_relics":[{"not_picked":["Busted Crown","Black Star"],"picked":"sneckomod:SneckoTalon"},{"not_picked":["Coffee Dripper","Fusion Hammer"],"picked":"Philosopher\u0027s Stone"}],"items_purged_floors":[14,40],"is_endless":false,"potions_floor_spawned":[2,3,6,11,20,21,26,33,36,43,44],"killed_by":"IC_BLOCK_ARCHETYPE","ascension_level":6}}