{"host":"r527qwxsluxe0nfi","time":1613567508,"event":{"mods":["AchievementEnabler","BaseMod","Bestiary","Minty Spire (QoL Compilation)","SuperFastMode","Weighted Paths"],"gold_per_floor":[118,22,41,52,52,52,86,86,161,161,181,243,293,293,293],"floor_reached":14,"language":"ENG","playtime":470,"items_purged":[],"score":158,"play_id":"83345dfd-8abd-4670-b65b-43645405834f","local_time":"20210217141148","is_ascension_mode":true,"campfire_choices":[{"data":"White Noise","floor":6,"key":"SMITH"},{"data":"White Noise","floor":10,"key":"SMITH"}],"circlet_count":0,"master_deck":["AscendersBane","Strike_B","Strike_B","Strike_B","Strike_B","Defend_B","Defend_B","Defend_B","Defend_B","Zap","Dualcast","Conserve Battery","Rebound","Capacitor","White Noise+1","Hologram","White Noise+1","Sweeping Beam","Zap"],"relics":["Cracked Core","Anchor","SsserpentHead","Bottled Lightning"],"acts_visited":["Exordium"],"potions_floor_usage":[12],"damage_taken":[{"damage":1,"enemies":"Cultist","floor":1,"turns":3},{"damage":2,"enemies":"Small Slimes","floor":3,"turns":3},{"damage":11,"enemies":"Jaw Worm","floor":4,"turns":4},{"damage":39,"enemies":"Gremlin Nob","floor":7,"turns":5},{"damage":0,"enemies":"Red Slaver","floor":11,"turns":3},{"damage":0,"enemies":"Large Slime","floor":12,"turns":4},{"damage":5,"enemies":"Lagavulin","floor":14,"turns":4}],"seed_played":"-5269855258951825386","potions_obtained":[{"floor":1,"key":"PotionOfCapacity"},{"floor":4,"key":"DistilledChaos"},{"floor":12,"key":"Fire Potion"}],"is_trial":false,"path_per_floor":["M","$","M","M","?","R","E","?","T","R","M","M","?","E"],"character_chosen":"DEFECT","items_purchased":["Rebound","Capacitor"],"campfire_rested":0,"item_purchase_floors":[2,2],"current_hp_per_floor":[70,70,68,57,57,57,18,18,18,18,18,18,18,13,13],"gold":293,"neow_bonus":"TEN_PERCENT_HP_BONUS","is_daily":false,"chose_seed":false,"campfire_upgraded":2,"win_rate":0.0,"timestamp":1613567508,"path_taken":["M","$","M","M","?","R","E","?","T","R","M","?","?","E"],"items_purchased_type":["Card","Card"],"build_version":"2020-12-22","purchased_purges":0,"victory":false,"max_hp_per_floor":[78,78,78,78,78,78,78,78,78,78,78,78,78,78,78],"card_choices":[{"not_picked":["FTL","Streamline"],"picked":"Conserve Battery","floor":1},{"not_picked":["Conserve Battery","Barrage"],"picked":"White Noise","floor":3},{"not_picked":["Redo","Gash"],"picked":"Hologram","floor":4},{"not_picked":["Leap","Force Field"],"picked":"White Noise","floor":7},{"not_picked":["Barrage","Beam Cell","Blizzard"],"picked":"SKIP","floor":11},{"not_picked":["Darkness","Compile Driver","Hello World"],"picked":"SKIP","floor":12}],"player_experience":359779,"relics_obtained":[{"floor":7,"key":"Anchor"},{"floor":9,"key":"Bottled Lightning"}],"event_choices":[{"damage_healed":0,"gold_gain":0,"player_choice":"Leave","damage_taken":0,"max_hp_gain":0,"max_hp_loss":0,"event_name":"The Cleric","floor":5,"gold_loss":0},{"damage_healed":0,"gold_gain":0,"player_choice":"Trade","damage_taken":0,"relics_obtained":["SsserpentHead"],"max_hp_gain":0,"max_hp_loss":0,"event_name":"FaceTrader","floor":8,"gold_loss":0},{"damage_healed":0,"gold_gain":0,"player_choice":"2 cards matched","damage_taken":0,"max_hp_gain":0,"max_hp_loss":0,"event_name":"Match and Keep!","floor":13,"gold_loss":0,"cards_obtained":["Sweeping Beam","Zap"]}],"is_beta":false,"boss_relics":[],"items_purged_floors":[],"is_endless":false,"potions_floor_spawned":[1,4,12],"killed_by":"Lagavulin","ascension_level":15}}