{"host":"xclr6tgk5rya0dyl","time":1613600391,"event":{"mods":["BaseMod","Bestiary","Block Reminder","Colored Map","Colored Powertips","Curses Come First","Minty Spire (QoL Compilation)","Relic Stats","StSLib"],"gold_per_floor":[113,129,146,146,157,157,185,135,159,220,220,236,25,39,39,142,142,156,13,13,33,49,84,84,102,157,170,170,200,200,229,229,229,229],"floor_reached":33,"language":"ENG","playtime":1271,"items_purged":["Strike_R"],"score":424,"play_id":"027104e9-6a77-4f1c-817c-2fffe92687ea","local_time":"20210217141951","is_ascension_mode":true,"campfire_choices":[{"data":"Shockwave","floor":6,"key":"SMITH"},{"data":"True Grit","floor":11,"key":"SMITH"},{"data":"Bash","floor":15,"key":"SMITH"},{"data":"Immolate","floor":24,"key":"SMITH"},{"floor":28,"key":"REST"},{"data":"Disarm","floor":30,"key":"SMITH"},{"data":"Pommel Strike","floor":32,"key":"SMITH"}],"circlet_count":0,"master_deck":["Strike_R","Strike_R+1","Strike_R","Defend_R","Defend_R","Defend_R","Defend_R+1","Bash+1","Twin Strike","Disarm+1","Pommel Strike+1","Shockwave+1","Cleave","True Grit+1","Shrug It Off","Immolate+1","Offering","Exhume","Offering","Feel No Pain+1","Blood for Blood+1","Uppercut+1"],"relics":["Burning Blood","Nunchaku","MealTicket","Anchor","PreservedInsect","Velvet Choker","Blood Vial","Strawberry","Meat on the Bone","Red Skull"],"acts_visited":["Exordium","TheCity"],"potions_floor_usage":[10,10,16,33,33,33],"damage_taken":[{"damage":6,"enemies":"Cultist","floor":1,"turns":3},{"damage":12,"enemies":"Jaw Worm","floor":2,"turns":3},{"damage":8,"enemies":"2 Louse","floor":3,"turns":3},{"damage":8,"enemies":"2 Fungi Beasts","floor":5,"turns":3},{"damage":21,"enemies":"Lagavulin","floor":7,"turns":7},{"damage":23,"enemies":"Lagavulin Event","floor":10,"turns":6},{"damage":1,"enemies":"Red Slaver","floor":12,"turns":3},{"damage":0,"enemies":"3 Louse","floor":14,"turns":3},{"damage":33,"enemies":"Hexaghost","floor":16,"turns":13},{"damage":7,"enemies":"2 Thieves","floor":18,"turns":4},{"damage":6,"enemies":"Chosen","floor":21,"turns":4},{"damage":14,"enemies":"Snake Plant","floor":22,"turns":3},{"damage":46,"enemies":"Gremlin Leader","floor":23,"turns":5},{"damage":14,"enemies":"Chosen and Byrds","floor":25,"turns":3},{"damage":14,"enemies":"Cultist and Chosen","floor":27,"turns":4},{"damage":7,"enemies":"Slavers","floor":29,"turns":2},{"damage":19,"enemies":"Gremlin Leader","floor":31,"turns":4},{"damage":64,"enemies":"Collector","floor":33,"turns":6}],"seed_played":"2281162589639722151","potions_obtained":[{"floor":1,"key":"Explosive Potion"},{"floor":2,"key":"Strength Potion"},{"floor":5,"key":"Block Potion"},{"floor":10,"key":"Weak Potion"},{"floor":14,"key":"Explosive Potion"},{"floor":21,"key":"HeartOfIron"},{"floor":22,"key":"LiquidBronze"}],"is_trial":false,"path_per_floor":["M","M","M","?","M","R","E","?","T","?","R","M","$","M","R","B",null,"M","$","?","M","M","E","R","M","T","M","R","E","R","E","R","B"],"character_chosen":"IRONCLAD","items_purchased":["PreservedInsect","Shrug It Off","Exhume"],"campfire_rested":1,"item_purchase_floors":[13,13,19],"current_hp_per_floor":[80,74,72,54,52,52,37,37,37,20,20,25,40,46,46,19,71,70,85,85,85,77,37,37,31,38,32,60,61,61,62,62,0,0],"gold":229,"neow_bonus":"TEN_PERCENT_HP_BONUS","is_daily":false,"chose_seed":false,"campfire_upgraded":6,"win_rate":0.0,"timestamp":1613600391,"path_taken":["M","M","M","?","M","R","E","?","T","?","R","M","$","M","R","BOSS","M","$","?","?","M","E","R","M","T","M","R","E","R","E","R","BOSS"],"items_purchased_type":["Relic","Card","Card"],"build_version":"2020-12-22","purchased_purges":1,"victory":false,"max_hp_per_floor":[88,88,88,88,88,88,88,88,88,88,88,88,88,88,88,88,88,88,88,88,88,88,88,88,88,95,95,95,95,95,95,95,95,95],"relic_stats":{"Blood Vial":10,"Nunchaku":[11],"counters":[18,79],"MealTicket":30,"PreservedInsect":140,"obtain_stats":[{"Blood Vial":23,"Nunchaku":7,"Anchor":10,"Strawberry":26,"Velvet Choker":17,"MealTicket":9,"PreservedInsect":13,"Burning Blood":0,"Red Skull":31,"Meat on the Bone":29},{"Blood Vial":13,"Nunchaku":5,"Anchor":6,"Strawberry":14,"Velvet Choker":9,"MealTicket":5,"PreservedInsect":7,"Burning Blood":0,"Red Skull":17,"Meat on the Bone":16},{"Blood Vial":60,"Nunchaku":19,"Anchor":25,"Strawberry":63,"Velvet Choker":44,"MealTicket":19,"PreservedInsect":28,"Burning Blood":0,"Red Skull":73,"Meat on the Bone":69}],"Burning Blood":102,"Meat on the Bone":12},"card_choices":[{"not_picked":["Entrench","Iron Wave"],"picked":"Twin Strike","floor":1},{"not_picked":["Rage","Power Through"],"picked":"Disarm","floor":2},{"not_picked":["Fire Breathing","Flex"],"picked":"Pommel Strike","floor":3},{"not_picked":["Flex","Cleave"],"picked":"Shockwave","floor":5},{"not_picked":["Double Tap","Hemokinesis"],"picked":"Cleave","floor":7},{"not_picked":["Bloodletting","Hemokinesis"],"picked":"True Grit","floor":10},{"not_picked":["Twin Strike","Body Slam","Sword Boomerang"],"picked":"SKIP","floor":12},{"not_picked":["Headbutt","Dual Wield"],"picked":"Immolate","floor":14},{"not_picked":["Immolate","Limit Break"],"picked":"Offering","floor":16},{"not_picked":["Pummel","Warcry+1","Twin Strike"],"picked":"SKIP","floor":18},{"not_picked":["Twin Strike","Searing Blow+1"],"picked":"Feel No Pain+1","floor":21},{"not_picked":["Warcry+1","Cleave","Rage"],"picked":"SKIP","floor":22},{"not_picked":["Entrench+1","Uppercut","Blood for Blood+1"],"picked":"SKIP","floor":23},{"not_picked":["Entrench+1","Uppercut"],"picked":"Blood for Blood+1","floor":23},{"not_picked":["Iron Wave","Body Slam+1","Clash"],"picked":"SKIP","floor":25},{"not_picked":["Havoc","Metallicize","Battle Trance"],"picked":"SKIP","floor":27},{"not_picked":["Blood for Blood+1","Fiend Fire"],"picked":"Uppercut+1","floor":29},{"not_picked":["Sword Boomerang","Shrug It Off","Sentinel+1"],"picked":"SKIP","floor":31}],"player_experience":318065,"relics_obtained":[{"floor":7,"key":"Nunchaku"},{"floor":9,"key":"MealTicket"},{"floor":10,"key":"Anchor"},{"floor":23,"key":"Blood Vial"},{"floor":26,"key":"Strawberry"},{"floor":29,"key":"Meat on the Bone"},{"floor":31,"key":"Red Skull"}],"event_choices":[{"damage_healed":0,"gold_gain":0,"player_choice":"Entered Light","damage_taken":18,"max_hp_gain":0,"max_hp_loss":0,"event_name":"Shining Light","floor":4,"gold_loss":0,"cards_upgraded":["Strike_R","Defend_R"]},{"cards_removed":["Strike_R"],"damage_healed":0,"gold_gain":0,"player_choice":"Card Removal","damage_taken":0,"max_hp_gain":0,"max_hp_loss":0,"event_name":"The Cleric","floor":8,"gold_loss":50},{"damage_healed":0,"gold_gain":0,"player_choice":"Searched \u00271\u0027 times","damage_taken":0,"max_hp_gain":0,"max_hp_loss":0,"event_name":"Dead Adventurer","floor":10,"gold_loss":0},{"damage_healed":0,"gold_gain":0,"player_choice":"Copied","damage_taken":0,"max_hp_gain":0,"max_hp_loss":0,"event_name":"Duplicator","floor":20,"gold_loss":0,"cards_obtained":["Offering"]}],"is_beta":false,"boss_relics":[{"not_picked":["Cursed Key","Ectoplasm"],"picked":"Velvet Choker"}],"items_purged_floors":[19],"is_endless":false,"potions_floor_spawned":[1,2,5,10,14,21,22,23,27],"killed_by":"Collector","ascension_level":6}}