{"host":"vssfhwrh2g618jiv","time":1613576691,"event":{"mods":["BaseMod","Downfall","Lobotomy","Marisa（F雨　魔理沙）","Minty Spire (QoL Compilation)","Remilia（蕾米莉亚）","Replay The Spire","StSLib","TestMod","The Servant 0.9.4"],"gold_per_floor":[118,68,68,68,68,68,79,107,153,178,189,224,224,249,249,249,249],"floor_reached":16,"language":"ZHS","playtime":410,"items_purged":[],"score":148,"play_id":"77db9c17-474b-47ca-97ca-638f92ab981c","local_time":"20210217234451","daily_mods":["Vintage","Heirloom","Flight","Elite Swarm"],"is_ascension_mode":true,"campfire_choices":[{"floor":13,"key":"RECALL"},{"data":"Demon Form","floor":15,"key":"SMITH"},{"data":"Limit Break","floor":15,"key":"SMITH"}],"circlet_count":0,"master_deck":["Strike_R","Strike_R","Strike_R","Strike_R","Defend_R","Defend_R","Defend_R","Bash","SnowQueen","Demon Form+1","CrumblingArmor","Immolate","Limit Break+1"],"relics":["Burning Blood","testmod-TestBox","Replay:Arrowhead","testmod-HeartOfStrike","Vajra","CogitoBucket","Ancient Tea Set","Slimebound:PreparedRelic","testmod-RandomTest","testmod-BalancedPeriapt","MealTicket","sneckomod:BlankCard","Nunchaku"],"acts_visited":["Exordium"],"potions_floor_usage":[8],"damage_taken":[{"damage":1.0,"enemies":"Jaw Worm","floor":1.0,"turns":3.0},{"damage":0,"enemies":"Small Slimes","floor":7,"turns":2},{"damage":1,"enemies":"Gremlin Nob","floor":8,"turns":2},{"damage":20,"enemies":"Lagavulin","floor":10,"turns":4},{"damage":0,"enemies":"Cultist","floor":11,"turns":2},{"damage":23,"enemies":"3 Sentries","floor":12,"turns":4},{"damage":59,"enemies":"Hexaghost","floor":16,"turns":7}],"seed_played":"9140642845935106754","potions_obtained":[{"floor":1.0,"key":"PowerPotion"},{"floor":8,"key":"Strength Potion"},{"floor":10,"key":"SmokeBomb"},{"floor":12,"key":"Dexterity Potion"}],"is_trial":true,"path_per_floor":["M","?","WH","?","WH","?","M","E","T","E","M","E","R","T","R","B"],"character_chosen":"IRONCLAD","items_purchased":[],"campfire_rested":0,"item_purchase_floors":[],"current_hp_per_floor":[80,80,80,72,72,72,78,80,80,66,72,55,55,55,55,0,0],"gold":249,"neow_bonus":"RANDOM_COMMON_RELIC","is_daily":false,"chose_seed":false,"campfire_upgraded":2,"win_rate":0.0,"timestamp":1613576691,"path_taken":["M","?","WH","?","WH","WH","M","E","T","E","?","E","R","?","R","BOSS"],"items_purchased_type":[],"build_version":"2020-12-22","purchased_purges":0,"victory":false,"max_hp_per_floor":[80,80,80,80,80,80,80,80,80,80,80,80,80,80,80,80,80],"card_choices":[{"not_picked":["Funeral","Murderer"],"picked":"SnowQueen","floor":7},{"not_picked":["Impervious","Eclipse"],"picked":"Demon Form","floor":8},{"not_picked":["OldLady","PunishingBird"],"picked":"CrumblingArmor","floor":8},{"not_picked":["Replay:Many Hands","Demonic Infusion"],"picked":"Immolate","floor":10},{"not_picked":["RedShoes","NakedNest","Scorched"],"picked":"Singing Bowl","floor":10},{"not_picked":["Barricade","Fiend Fire"],"picked":"Limit Break","floor":12}],"player_experience":19763,"relics_obtained":[{"floor":1.0,"key":"Vajra"},{"floor":7,"key":"Slimebound:PreparedRelic"},{"floor":8,"key":"testmod-RandomTest"},{"floor":10,"key":"testmod-BalancedPeriapt"},{"floor":11,"key":"MealTicket"},{"floor":12,"key":"sneckomod:BlankCard"},{"floor":14,"key":"Nunchaku"}],"event_choices":[{"cards_removed":["Defend_R"],"damage_healed":0.0,"max_hp_gain":0.0,"max_hp_loss":0.0,"gold_gain":0.0,"event_name":"The Cleric","player_choice":"Card Removal","floor":2.0,"gold_loss":50.0,"damage_taken":0.0},{"damage_healed":0.0,"max_hp_gain":0.0,"max_hp_loss":0.0,"gold_gain":0.0,"event_name":"恩洛斯的盘子","player_choice":"Ignored","floor":4.0,"gold_loss":0.0,"damage_taken":8.0},{"cards_removed":["Strike_R"],"damage_healed":0,"gold_gain":0,"player_choice":"Offered Basic","damage_taken":0,"max_hp_gain":0,"max_hp_loss":0,"event_name":"Bonfire Elementals","floor":6,"gold_loss":0}],"is_beta":false,"boss_relics":[],"items_purged_floors":[],"is_endless":false,"potions_floor_spawned":[1,8,10,12],"killed_by":"Hexaghost","ascension_level":1}}