{"host":"qgrlfjrqk9z96gfi","time":1613528138,"event":{"mods":["BaseMod","Block Reminder","Colored Map","Custom Start","DeckTracker","Minty Spire (QoL Compilation)"],"gold_per_floor":[216,227,3,14,89,89,119,119,119,119,144,144,164,183,183,255,255,266,280,32,32,46,81,81,112,180,180,200,231,245,81,81,155,155,166,66,81,81,91,122,122,152,152,152,152],"floor_reached":44,"language":"ENG","playtime":1459,"items_purged":["Strike_G","Strike_G"],"score":1122,"play_id":"af782b03-ae7e-4f86-979d-8963aea860ff","local_time":"20210216161538","is_ascension_mode":true,"campfire_choices":[{"data":"Apotheosis","floor":6.0,"key":"SMITH"},{"floor":8.0,"key":"REST"},{"data":"Neutralize","floor":15.0,"key":"SMITH"},{"floor":24.0,"key":"REST"},{"data":"Envenom","floor":27.0,"key":"SMITH"},{"data":"Well Laid Plans","floor":32.0,"key":"SMITH"},{"floor":41.0,"key":"REST"}],"circlet_count":0,"master_deck":["AscendersBane","Strike_G","Strike_G+1","Defend_G","Defend_G","Defend_G","Defend_G","Defend_G","Survivor","Neutralize+1","Backstab+1","Cloak And Dagger","Terror","Apotheosis+1","Dagger Spray","Skewer","Dagger Throw+1","Blade Dance","Envenom+1","Outmaneuver+1","Finisher+1","Accuracy","Cloak And Dagger+1","Deflect","Dodge and Roll","Well Laid Plans+1","Adrenaline","Backflip","Deflect+1","Adrenaline","Backflip+1"],"relics":["Ring of the Snake","Darkstone Periapt","Ninja Scroll","Pantograph","WristBlade","Snake Skull","Vajra","Whetstone","Mummified Hand","Pen Nib","Cursed Key","MealTicket","Tough Bandages"],"acts_visited":["Exordium","TheCity","TheBeyond"],"potions_floor_usage":[],"damage_taken":[{"damage":4.0,"enemies":"Small Slimes","floor":1.0,"turns":5.0},{"damage":7.0,"enemies":"Jaw Worm","floor":2.0,"turns":4.0},{"damage":2.0,"enemies":"2 Louse","floor":4.0,"turns":3.0},{"damage":2.0,"enemies":"Gremlin Nob","floor":7.0,"turns":3.0},{"damage":10.0,"enemies":"3 Sentries","floor":11.0,"turns":4.0},{"damage":0.0,"enemies":"Gremlin Gang","floor":13.0,"turns":5.0},{"damage":0.0,"enemies":"2 Fungi Beasts","floor":14.0,"turns":1.0},{"damage":14.0,"enemies":"The Guardian","floor":16.0,"turns":13.0},{"damage":2.0,"enemies":"2 Thieves","floor":18.0,"turns":4.0},{"damage":0.0,"enemies":"Spheric Guardian","floor":19.0,"turns":1.0},{"damage":6.0,"enemies":"3 Cultists","floor":22.0,"turns":3.0},{"damage":5.0,"enemies":"Slavers","floor":23.0,"turns":2.0},{"damage":0.0,"enemies":"Gremlin Leader","floor":25.0,"turns":4.0},{"damage":3.0,"enemies":"Centurion and Healer","floor":28.0,"turns":3.0},{"damage":8.0,"enemies":"Slavers","floor":29.0,"turns":2.0},{"damage":10.0,"enemies":"Snake Plant","floor":30.0,"turns":2.0},{"damage":36.0,"enemies":"Champ","floor":33.0,"turns":8.0},{"damage":0.0,"enemies":"3 Shapes","floor":35.0,"turns":4.0},{"damage":7.0,"enemies":"3 Darklings","floor":37.0,"turns":3.0},{"damage":1.0,"enemies":"Jaw Worm Horde","floor":39.0,"turns":3.0},{"damage":48.0,"enemies":"Nemesis","floor":40.0,"turns":7.0},{"damage":7.0,"enemies":"Reptomancer","floor":42.0,"turns":4.0},{"damage":21,"enemies":"Maw","floor":44,"turns":2}],"seed_played":"-1351832841086580784","potions_obtained":[{"floor":1.0,"key":"AttackPotion"},{"floor":7.0,"key":"ColorlessPotion"},{"floor":16.0,"key":"Poison Potion"},{"floor":19.0,"key":"SpeedPotion"},{"floor":22.0,"key":"SteroidPotion"},{"floor":23.0,"key":"Fire Potion"},{"floor":33.0,"key":"Energy Potion"},{"floor":35.0,"key":"Strength Potion"},{"floor":39.0,"key":"GhostInAJar"}],"is_trial":false,"path_per_floor":["M","M","$","M","?","R","E","R","T","?","E","?","M","M","R","B",null,"M","M","$","?","M","E","R","E","T","R","M","E","M","$","R","B",null,"M","$","M","?","M","E","R","E","T","M"],"character_chosen":"THE_SILENT","items_purchased":["Terror","Apotheosis","Accuracy","Snake Skull","Well Laid Plans"],"campfire_rested":3,"item_purchase_floors":[3,3,20,20,31],"current_hp_per_floor":[55,48,48,46,35,35,33,52,52,32,22,22,22,22,22,33,58,56,56,56,56,50,45,64,64,64,64,61,53,43,43,43,30,57,57,57,50,50,49,1,20,13,13,0,0],"gold":152,"neow_bonus":"HUNDRED_GOLD","is_daily":false,"chose_seed":false,"campfire_upgraded":4,"win_rate":0.0,"timestamp":1613528138,"path_taken":["M","M","$","M","?","R","E","R","T","?","E","?","M","M","R","BOSS","M","M","$","?","M","E","R","E","T","R","?","E","M","$","R","BOSS","M","$","M","?","?","E","R","E","T","M"],"items_purchased_type":["Card","Card","Card","Relic","Card"],"build_version":"2020-12-22","purchased_purges":2,"victory":false,"max_hp_per_floor":[66,66,66,66,66,66,66,66,66,66,66,66,66,66,66,66,66,66,66,66,66,66,66,66,66,66,66,66,66,66,66,66,66,66,66,66,66,66,66,66,66,66,66,66,66],"card_choices":[{"not_picked":["Deflect","Flying Knee"],"picked":"Backstab","floor":1.0},{"not_picked":["Well Laid Plans","Dodge and Roll"],"picked":"Cloak And Dagger","floor":2.0},{"not_picked":["Distraction","Skewer"],"picked":"Dagger Spray","floor":4.0},{"not_picked":["Prepared","Calculated Gamble"],"picked":"Skewer","floor":7.0},{"not_picked":["Blur","Poisoned Stab","All Out Attack"],"picked":"SKIP","floor":11.0},{"not_picked":["Caltrops","Bane"],"picked":"Dagger Throw","floor":13.0},{"not_picked":["Bouncing Flask","Skewer"],"picked":"Blade Dance","floor":14.0},{"not_picked":["Night Terror","Grand Finale"],"picked":"Envenom","floor":16.0},{"not_picked":["Dagger Throw","Prepared"],"picked":"Outmaneuver+1","floor":18.0},{"not_picked":["Poisoned Stab","PiercingWail"],"picked":"Finisher","floor":19.0},{"not_picked":["Venomology","Acrobatics"],"picked":"Cloak And Dagger+1","floor":22.0},{"not_picked":["Flying Knee","Predator"],"picked":"Deflect","floor":23.0},{"not_picked":["Quick Slash+1","Outmaneuver"],"picked":"Dodge and Roll","floor":25.0},{"not_picked":["Prepared","Blur","Accuracy"],"picked":"SKIP","floor":28.0},{"not_picked":["Dash","Envenom","Prepared"],"picked":"SKIP","floor":29.0},{"not_picked":["Bouncing Flask","Quick Slash","Bane+1"],"picked":"SKIP","floor":30.0},{"not_picked":["Grand Finale","Malaise"],"picked":"Adrenaline","floor":33.0},{"not_picked":["Accuracy+1","Sucker Punch"],"picked":"Backflip","floor":35.0},{"not_picked":["Bane","Flechettes","Tactician"],"picked":"SKIP","floor":37.0},{"not_picked":["All Out Attack","Reflex"],"picked":"Deflect+1","floor":39.0},{"not_picked":["Prepared","Well Laid Plans"],"picked":"Adrenaline","floor":40.0},{"not_picked":["Tactician","Deflect+1"],"picked":"Backflip+1","floor":42.0}],"player_experience":1154251,"relics_obtained":[{"floor":7.0,"key":"Darkstone Periapt"},{"floor":9.0,"key":"Ninja Scroll"},{"floor":11.0,"key":"Pantograph"},{"floor":23.0,"key":"Vajra"},{"floor":25.0,"key":"Whetstone"},{"floor":26.0,"key":"Mummified Hand"},{"floor":29.0,"key":"Pen Nib"},{"floor":40.0,"key":"MealTicket"},{"floor":42.0,"key":"Tough Bandages"}],"event_choices":[{"damage_healed":0.0,"max_hp_gain":0.0,"max_hp_loss":0.0,"gold_gain":75.0,"event_name":"World of Goop","player_choice":"Gather Gold","floor":5.0,"gold_loss":0.0,"damage_taken":11.0},{"damage_healed":0.0,"max_hp_gain":0.0,"max_hp_loss":0.0,"gold_gain":0.0,"event_name":"Shining Light","player_choice":"Entered Light","floor":10.0,"gold_loss":0.0,"damage_taken":20.0,"cards_upgraded":["Backstab","Strike_G"]},{"damage_healed":0.0,"max_hp_gain":0.0,"max_hp_loss":0.0,"gold_gain":0.0,"event_name":"Scrap Ooze","player_choice":"Fled","floor":12.0,"gold_loss":0.0,"damage_taken":0.0},{"damage_healed":0.0,"max_hp_gain":0.0,"max_hp_loss":0.0,"gold_gain":0.0,"event_name":"Match and Keep!","player_choice":"0 cards matched","floor":21.0,"gold_loss":0.0,"damage_taken":0.0,"cards_obtained":[]},{"cards_removed":["Strike_G"],"damage_healed":0.0,"max_hp_gain":0.0,"max_hp_loss":0.0,"gold_gain":0.0,"event_name":"Bonfire Elementals","player_choice":"Offered Basic","floor":38.0,"gold_loss":0.0,"damage_taken":0.0}],"is_beta":false,"boss_relics":[{"not_picked":["Busted Crown","Astrolabe"],"picked":"WristBlade"},{"not_picked":["SacredBark","Coffee Dripper"],"picked":"Cursed Key"}],"items_purged_floors":[31,36],"is_endless":false,"potions_floor_spawned":[1,7,16,19,22,23,33,35,37,39],"killed_by":"Maw","ascension_level":20}}