{"host":"bsgp9wgausrmthh2","time":1613530060,"event":{"mods":["AchievementEnabler","BaseMod","Colored Map","Minty Spire (QoL Compilation)","StSLib"],"gold_per_floor":[118,293,293,116,134,167,100,114,114,214,214,227,239,96,96,201,201,214,139,108,122,122,122],"floor_reached":22,"language":"ENG","playtime":1489,"items_purged":[],"score":211,"play_id":"339b4456-e597-4535-989e-a5c3008564f1","local_time":"20210216214740","is_ascension_mode":false,"campfire_choices":[{"floor":11,"key":"RECALL"},{"data":"Limit Break","floor":15,"key":"SMITH"}],"circlet_count":0,"master_deck":["Strike_R","Strike_R","Strike_R","Defend_R","Defend_R","Defend_R","Bash","Armaments","Inflame","Infernal Blade","Cleave","Ghostly Armor","Uppercut","Metallicize","Metallicize","Limit Break+1","Inflame","Demon Form","Offering+1","Limit Break+1","Feel No Pain+1","Anger+1","Metallicize","Clothesline","Inflame+1"],"relics":["Burning Blood","NeowsBlessing","Sundial","Astrolabe"],"acts_visited":["Exordium","TheCity"],"potions_floor_usage":[],"damage_taken":[{"damage":0,"enemies":"Small Slimes","floor":1,"turns":1},{"damage":0,"enemies":"2 Louse","floor":5,"turns":1},{"damage":0,"enemies":"Gremlin Nob","floor":6,"turns":1},{"damage":6,"enemies":"Jaw Worm","floor":8,"turns":4},{"damage":0,"enemies":"Exordium Wildlife","floor":12,"turns":4},{"damage":19,"enemies":"3 Louse","floor":13,"turns":3},{"damage":24,"enemies":"Hexaghost","floor":16,"turns":9},{"damage":21,"enemies":"Spheric Guardian","floor":18,"turns":6},{"damage":40,"enemies":"2 Thieves","floor":20,"turns":5},{"damage":27,"enemies":"Sentry and Sphere","floor":21,"turns":7},{"damage":14,"enemies":"Snake Plant","floor":22,"turns":3}],"seed_played":"1537932660306210864","potions_obtained":[{"floor":5,"key":"Energy Potion"},{"floor":6,"key":"SteroidPotion"},{"floor":12,"key":"Energy Potion"}],"is_trial":false,"path_per_floor":["M","?","?","$","M","E","$","M","T","?","R","M","M","$","R","B",null,"M","$","M","M","M"],"character_chosen":"IRONCLAD","items_purchased":["Inflame","Infernal Blade","Cleave","Uppercut","Limit Break","Inflame","Metallicize"],"campfire_rested":0,"item_purchase_floors":[4,4,4,7,14,14,19],"current_hp_per_floor":[80,80,73,73,79,80,80,80,80,80,80,80,67,67,67,49,80,65,65,31,10,0,0],"gold":122,"neow_bonus":"THREE_ENEMY_KILL","is_daily":false,"chose_seed":false,"campfire_upgraded":1,"win_rate":0.0,"timestamp":1613530060,"path_taken":["M","?","?","?","?","E","$","M","T","?","R","M","M","$","R","BOSS","M","$","?","M","M"],"items_purchased_type":["Card","Card","Card","Card","Card","Card","Card"],"build_version":"2020-12-22","purchased_purges":0,"victory":false,"max_hp_per_floor":[80,80,80,80,80,80,80,80,80,80,80,80,80,80,80,80,80,80,80,80,80,80,80],"card_choices":[{"not_picked":["Twin Strike","Anger"],"picked":"Armaments","floor":1},{"not_picked":["True Grit","Wild Strike","Cleave"],"picked":"SKIP","floor":5},{"not_picked":["Headbutt","Barricade"],"picked":"Ghostly Armor","floor":6},{"not_picked":["Dark Embrace","Iron Wave"],"picked":"Metallicize","floor":8},{"not_picked":["Thunderclap","Sword Boomerang"],"picked":"Metallicize","floor":12},{"not_picked":["Reckless Charge","Heavy Blade","Clash"],"picked":"SKIP","floor":13},{"not_picked":["Fiend Fire","Limit Break"],"picked":"Demon Form","floor":16},{"not_picked":["Warcry","Armaments+1"],"picked":"Anger+1","floor":18},{"not_picked":["Pommel Strike","Anger"],"picked":"Clothesline","floor":20},{"not_picked":["Reckless Charge","Sword Boomerang"],"picked":"Inflame+1","floor":21}],"player_experience":269762,"relics_obtained":[{"floor":6,"key":"Sundial"}],"event_choices":[{"damage_healed":0,"gold_gain":175,"player_choice":"AGREE","damage_taken":0,"max_hp_gain":0,"max_hp_loss":0,"event_name":"Liars Game","floor":2,"gold_loss":0,"cards_obtained":["Doubt"]},{"cards_removed":["Doubt"],"damage_healed":0,"gold_gain":0,"player_choice":"Card Removal","damage_taken":7,"max_hp_gain":0,"max_hp_loss":0,"event_name":"Golden Wing","floor":3,"gold_loss":0},{"damage_healed":0,"gold_gain":100,"player_choice":"Gold","damage_taken":0,"max_hp_gain":0,"max_hp_loss":0,"event_name":"Wheel of Change","floor":10,"gold_loss":0}],"is_beta":false,"boss_relics":[{"not_picked":["Snecko Eye","Empty Cage"],"picked":"Astrolabe"}],"items_purged_floors":[],"is_endless":false,"potions_floor_spawned":[5,6,12],"killed_by":"Snake Plant","ascension_level":0}}