{"host":"xw5nub7n7iasb503","time":1613542358,"event":{"mods":["BaseMod","Minty Spire (QoL Compilation)"],"gold_per_floor":[111,124,137,156,176,176,207,207,207,241,255,255,255,255,255,379,379,395,470,489,85,98,98,98],"floor_reached":23,"language":"ENG","playtime":2507,"items_purged":["Strike_B"],"score":203,"play_id":"ae983c50-4e6e-459e-90c0-3bf9c6b69500","local_time":"20210216231238","is_ascension_mode":false,"campfire_choices":[{"floor":6,"key":"RECALL"},{"floor":8,"key":"REST"},{"data":"Zap","floor":15,"key":"SMITH"}],"circlet_count":0,"master_deck":["Strike_B","Strike_B","Strike_B+1","Defend_B","Defend_B","Defend_B","Defend_B","Zap+1","Dualcast+1","Ball Lightning","Glacier","Melter","Gash+1","Core Surge","Cold Snap"],"relics":["Cracked Core","NeowsBlessing","Pen Nib","Pantograph","Strawberry","Golden Idol","Busted Crown","Bag of Preparation","OrangePellets"],"acts_visited":["Exordium","TheCity"],"potions_floor_usage":[8,11,16,22],"damage_taken":[{"damage":0,"enemies":"Small Slimes","floor":1,"turns":1},{"damage":0,"enemies":"2 Louse","floor":2,"turns":1},{"damage":0,"enemies":"Cultist","floor":3,"turns":1},{"damage":38,"enemies":"Gremlin Gang","floor":4,"turns":4},{"damage":13,"enemies":"Red Slaver","floor":5,"turns":2},{"damage":16,"enemies":"Lagavulin","floor":7,"turns":14},{"damage":21,"enemies":"Gremlin Nob","floor":10,"turns":5},{"damage":0,"enemies":"Blue Slaver","floor":11,"turns":2},{"damage":22,"enemies":"Slime Boss","floor":16,"turns":10},{"damage":3,"enemies":"Shell Parasite","floor":18,"turns":3},{"damage":15,"enemies":"2 Thieves","floor":20,"turns":3},{"damage":2,"enemies":"Centurion and Healer","floor":22,"turns":4},{"damage":58,"enemies":"Gremlin Leader","floor":23,"turns":4}],"seed_played":"-3233423167125380756","potions_obtained":[{"floor":4,"key":"Energy Potion"},{"floor":5,"key":"Block Potion"},{"floor":7,"key":"Fruit Juice"},{"floor":10,"key":"PotionOfCapacity"},{"floor":20,"key":"Fruit Juice"}],"is_trial":false,"path_per_floor":["M","M","M","M","M","R","E","R","T","E","M","?","?","?","R","B",null,"M","?","M","$","M","E"],"character_chosen":"DEFECT","items_purchased":["Cold Snap","Bag of Preparation","OrangePellets"],"campfire_rested":1,"item_purchase_floors":[21,21,21],"current_hp_per_floor":[75,75,75,37,24,24,8,37,37,23,23,23,7,7,7,10,81,78,70,55,55,58,0,0],"gold":98,"neow_bonus":"THREE_ENEMY_KILL","is_daily":false,"chose_seed":false,"campfire_upgraded":1,"win_rate":0.0,"timestamp":1613542358,"path_taken":["M","M","M","M","M","R","E","R","T","E","M","?","?","?","R","BOSS","M","?","M","$","M","E"],"items_purchased_type":["Card","Relic","Relic"],"build_version":"2020-12-22","purchased_purges":1,"victory":false,"max_hp_per_floor":[75,75,75,75,75,75,75,80,80,87,87,81,81,81,81,81,81,81,81,81,81,86,86,86],"card_choices":[{"not_picked":["Barrage","Steam","Turbo"],"picked":"SKIP","floor":1},{"not_picked":["Leap","Go for the Eyes"],"picked":"Ball Lightning","floor":2},{"not_picked":["Reinforced Body","Rebound","Ball Lightning"],"picked":"SKIP","floor":3},{"not_picked":["Hologram","Stack","Beam Cell"],"picked":"SKIP","floor":4},{"not_picked":["Sweeping Beam","Steam"],"picked":"Glacier","floor":5},{"not_picked":["Fission","Fusion"],"picked":"Melter","floor":7},{"not_picked":["Sunder","Streamline","Ball Lightning"],"picked":"SKIP","floor":10},{"not_picked":["Compile Driver","Genetic Algorithm"],"picked":"Gash","floor":11},{"not_picked":["Buffer","All For One"],"picked":"Core Surge","floor":16},{"not_picked":["BootSequence"],"picked":"SKIP","floor":18},{"not_picked":["Compile Driver"],"picked":"SKIP","floor":20},{"not_picked":["Redo"],"picked":"SKIP","floor":22}],"player_experience":140139,"relics_obtained":[{"floor":7,"key":"Pen Nib"},{"floor":9,"key":"Pantograph"},{"floor":10,"key":"Strawberry"}],"event_choices":[{"damage_healed":0,"gold_gain":0,"player_choice":"Lose Max HP","damage_taken":0,"relics_obtained":["Golden Idol"],"max_hp_gain":0,"max_hp_loss":6,"event_name":"Golden Idol","floor":12,"gold_loss":0},{"damage_healed":0,"gold_gain":0,"player_choice":"Entered Light","damage_taken":16,"max_hp_gain":0,"max_hp_loss":0,"event_name":"Shining Light","floor":13,"gold_loss":0,"cards_upgraded":["Strike_B","Gash"]},{"damage_healed":0,"gold_gain":0,"player_choice":"Grow","damage_taken":0,"max_hp_gain":0,"max_hp_loss":0,"event_name":"Living Wall","floor":14,"gold_loss":0,"cards_upgraded":["Dualcast"]},{"damage_healed":0,"gold_gain":75,"player_choice":"Touch","damage_taken":8,"max_hp_gain":0,"max_hp_loss":0,"event_name":"FaceTrader","floor":19,"gold_loss":0}],"is_beta":false,"boss_relics":[{"not_picked":["Velvet Choker","Tiny House"],"picked":"Busted Crown"}],"items_purged_floors":[21],"is_endless":false,"potions_floor_spawned":[4,5,7,10,20],"killed_by":"Gremlin Leader","ascension_level":0}}