{"host":"8d3fefv2347kqkpz","time":1613537297,"event":{"mods":["AchievementEnabler","Aspiration","BaseMod","Better Vampires","BetterRewards","Colored Map","Colored Powertips","Downfall","Emptier Cage","Highlight Path","Marked Mod","Minty Spire (QoL Compilation)","Permanent Neow","Quick Restart","Rare Cards Sparkle","Relic Stats","Say the Spire","Spicy Shops","StSLib","Waifu the Spire"],"gold_per_floor":[0,10,23,23,33,66,66,66],"floor_reached":6,"language":"ZHS","playtime":288,"items_purged":[],"score":46,"play_id":"5f4a29d9-35ef-4e90-9323-d14ad9f13567","local_time":"20210217124817","is_ascension_mode":false,"campfire_choices":[{"data":"champ:MurderStrike","floor":1,"key":"SMITH"}],"circlet_count":0,"master_deck":["champ:Strike","champ:Strike","champ:Strike","champ:Strike","champ:Defend","champ:Defend","champ:Defend","champ:Defend","champ:Execute","champ:Taunt","champ:MurderStrike+1","champ:AdrenalArmor","champ:SkillfulDodge","Injury","champ:RageSigil+1"],"relics":["champ:ChampionCrown","Toxic Egg 2","Eternal Feather"],"acts_visited":["Exordium"],"potions_floor_usage":[6],"damage_taken":[{"damage":25,"enemies":"Jaw Worm","floor":2,"turns":5},{"damage":25,"enemies":"Small Slimes","floor":3,"turns":5},{"damage":0,"enemies":"2 Louse","floor":5,"turns":5},{"damage":48,"enemies":"Gremlin Nob","floor":6,"turns":4}],"seed_played":"-8744101787759028639","potions_obtained":[{"floor":2,"key":"champ:CounterPotion"},{"floor":6,"key":"Ancient Potion"}],"is_trial":false,"path_per_floor":["R","M","M","?","M","E"],"character_chosen":"THE_CHAMP","items_purchased":[],"campfire_rested":0,"item_purchase_floors":[],"current_hp_per_floor":[90,85,80,80,80,52,52,52],"gold":66,"neow_bonus":"THREE_RARE_CARDS","is_daily":false,"chose_seed":false,"campfire_upgraded":1,"win_rate":0.0,"timestamp":1613537297,"path_taken":["R","M","M","?","M","E"],"items_purchased_type":[],"build_version":"2020-12-22","purchased_purges":0,"victory":false,"max_hp_per_floor":[90,90,90,90,90,90,90,90],"relic_stats":{"counters":[4,19],"Eternal Feather":0,"obtain_stats":[{"champ:ChampionCrown":0,"Eternal Feather":6,"Toxic Egg 2":4},{"champ:ChampionCrown":0,"Eternal Feather":4,"Toxic Egg 2":2},{"champ:ChampionCrown":0,"Eternal Feather":19,"Toxic Egg 2":10}]},"card_choices":[{"not_picked":["champ:UltimateStance","champ:LastStand"],"picked":"champ:MurderStrike","floor":0},{"not_picked":["champ:Haymaker","champ:BringItOn"],"picked":"champ:AdrenalArmor","floor":2},{"not_picked":["champ:FalseCounter","champ:BladeFlurry"],"picked":"champ:SkillfulDodge","floor":3},{"not_picked":["champ:BringItOn+1","champ:CrownThrow"],"picked":"champ:RageSigil+1","floor":5}],"player_experience":436229,"relics_obtained":[{"floor":6,"key":"Eternal Feather"}],"event_choices":[],"is_beta":false,"boss_relics":[],"items_purged_floors":[],"is_endless":false,"potions_floor_spawned":[2,6],"killed_by":"Gremlin Nob","ascension_level":0}}