{"host":"8iprjuzow65cevwy","time":1613580134,"event":{"mods":["BaseMod","Colored Map","Highlight Path","Minty Spire (QoL Compilation)","Permanent Neow"],"gold_per_floor":[117,87,104,119,138,173,173,193,193,193,193],"floor_reached":10,"language":"ENG","playtime":529,"items_purged":[],"score":98,"play_id":"0dba948d-7ac5-4b66-a90f-2c0ad08e9efc","local_time":"20210217174214","is_ascension_mode":true,"campfire_choices":[{"floor":7,"key":"REST"}],"circlet_count":0,"master_deck":["Strike_R","Strike_R","Strike_R","Strike_R","Strike_R","Defend_R","Defend_R","Defend_R","Defend_R","Bash","Power Through","Iron Wave","Feel No Pain","Sword Boomerang","Metallicize","Seeing Red"],"relics":["Burning Blood","Dead Branch","Self Forming Clay","Smiling Mask"],"acts_visited":["Exordium"],"potions_floor_usage":[5,6],"damage_taken":[{"damage":9,"enemies":"Jaw Worm","floor":1,"turns":5},{"damage":1,"enemies":"Cultist","floor":3,"turns":3},{"damage":0,"enemies":"2 Louse","floor":4,"turns":2},{"damage":14,"enemies":"Lots of Slimes","floor":5,"turns":7},{"damage":50,"enemies":"Lagavulin","floor":6,"turns":10},{"damage":5,"enemies":"Large Slime","floor":8,"turns":8},{"damage":40,"enemies":"Gremlin Nob","floor":10,"turns":4}],"seed_played":"3434403560395513155","potions_obtained":[{"floor":2,"key":"BlessingOfTheForge"},{"floor":2,"key":"Energy Potion"},{"floor":4,"key":"Ancient Potion"},{"floor":6,"key":"Ancient Potion"}],"is_trial":false,"path_per_floor":["M","?","M","M","M","E","R","M","T","E"],"character_chosen":"IRONCLAD","items_purchased":[],"campfire_rested":1,"item_purchase_floors":[],"current_hp_per_floor":[48,48,53,59,51,7,31,32,32,0,0],"gold":193,"neow_bonus":"ONE_RARE_RELIC","is_daily":false,"chose_seed":false,"campfire_upgraded":0,"win_rate":0.0,"timestamp":1613580134,"path_taken":["M","?","M","?","M","E","R","M","T","E"],"items_purchased_type":[],"build_version":"2020-12-22","purchased_purges":0,"victory":false,"max_hp_per_floor":[80,80,80,80,80,80,80,80,80,80,80],"card_choices":[{"not_picked":["Cleave","Perfected Strike"],"picked":"Power Through","floor":1},{"not_picked":["Blood for Blood","Uppercut"],"picked":"Iron Wave","floor":3},{"not_picked":["Rampage","Body Slam"],"picked":"Feel No Pain","floor":4},{"not_picked":["Uppercut","Clash"],"picked":"Sword Boomerang","floor":5},{"not_picked":["Brutality","Havoc"],"picked":"Metallicize","floor":6},{"not_picked":["Clothesline","Cleave"],"picked":"Seeing Red","floor":8}],"player_experience":362332,"relics_obtained":[{"floor":6,"key":"Self Forming Clay"},{"floor":9,"key":"Smiling Mask"}],"event_choices":[{"damage_healed":0,"gold_gain":0,"player_choice":"Bought 2 Potions","damage_taken":0,"max_hp_gain":0,"max_hp_loss":0,"event_name":"The Woman in Blue","floor":2,"gold_loss":0}],"is_beta":false,"boss_relics":[],"items_purged_floors":[],"is_endless":false,"potions_floor_spawned":[4,6],"killed_by":"Gremlin Nob","ascension_level":8}}