{"host":"nia1zwr35jsu5y7h","time":1613528990,"event":{"mods":["2.2 Compatiblity","Abigail Mod","Bard","BaseMod","Colored Map","Conspire","Downfall","Friendly Minions","Hermit","Highlight Path","Hubris","Infinite Spire","Kiyohime????","Koishi","Marisa????????","Minty Spire (QoL Compilation)","Quick Restart","Replay The Spire","Shade Mod","Shop Mod","StSLib","The Animator","The Construct","The Cursed","The Disciple","The Mystic","The Necromancer","The Servant 0.9.4"],"gold_per_floor":[367,442,457,48,48,48,48,48,130,130,130],"floor_reached":10,"language":"ENG","playtime":151,"items_purged":["mysticmod:Strike_Mystic"],"score":108,"play_id":"0dc59286-e929-4eb9-95ce-458de36c13e1","local_time":"20210216182950","is_ascension_mode":true,"campfire_choices":[{"floor":6,"key":"REST"},{"data":"mysticmod:Flourish","floor":8,"key":"SMITH"}],"circlet_count":0,"master_deck":["AscendersBane","mysticmod:Strike_Mystic","mysticmod:Strike_Mystic","mysticmod:Strike_Mystic","mysticmod:Defend_Mystic","mysticmod:Defend_Mystic","mysticmod:Defend_Mystic","mysticmod:Defend_Mystic","mysticmod:ArcaneDodge","mysticmod:ShockingGrasp","mysticmod:Flourish+1","mysticmod:HunkerDown","mysticmod:Natural20+1"],"relics":["mysticmod:SpellBook","mysticmod:BentSpoon","infinitespire:Broken Mirror"],"acts_visited":["Exordium"],"potions_floor_usage":[],"damage_taken":[{"damage":8,"enemies":"Cultist","floor":1,"turns":6},{"damage":17,"enemies":"Small Slimes","floor":3,"turns":4},{"damage":36,"enemies":"Gremlin Nob","floor":10,"turns":3}],"seed_played":"-2470304015023916997","potions_obtained":[],"is_trial":false,"path_per_floor":["M","?","M","$","?","R","$","R","T","E"],"character_chosen":"MYSTIC_CLASS","items_purchased":["mysticmod:Natural20","mysticmod:BentSpoon"],"campfire_rested":1,"item_purchase_floors":[4,4],"current_hp_per_floor":[39,28,11,11,11,32,32,32,32,0,0],"gold":130,"neow_bonus":"TWO_FIFTY_GOLD","is_daily":false,"chose_seed":false,"campfire_upgraded":1,"win_rate":0.0,"timestamp":1613528990,"path_taken":["M","?","M","$","?","R","$","R","T","E"],"items_purchased_type":["Card","Relic"],"build_version":"2020-12-22","purchased_purges":1,"victory":false,"max_hp_per_floor":[72,72,72,72,72,72,72,72,72,72,72],"card_choices":[{"not_picked":["mysticmod:Sideswipe","mysticmod:Daze"],"picked":"mysticmod:Flourish","floor":1},{"not_picked":["mysticmod:Snowball","mysticmod:PreparedCaster"],"picked":"mysticmod:HunkerDown","floor":3}],"player_experience":2201236,"relics_obtained":[{"floor":9,"key":"infinitespire:Broken Mirror"}],"event_choices":[{"damage_healed":0,"gold_gain":75,"player_choice":"Gather Gold","damage_taken":11,"max_hp_gain":0,"max_hp_loss":0,"event_name":"World of Goop","floor":2,"gold_loss":0},{"damage_healed":0,"gold_gain":0,"player_choice":"Upgraded","damage_taken":0,"max_hp_gain":0,"max_hp_loss":0,"event_name":"Upgrade Shrine","floor":5,"gold_loss":0,"cards_upgraded":["mysticmod:Natural20"]}],"is_beta":false,"boss_relics":[],"items_purged_floors":[4],"is_endless":false,"potions_floor_spawned":[],"killed_by":"Gremlin Nob","ascension_level":20}}