{"host":"vucub2jtaeo9vgh1","time":1613602721,"event":{"mods":["BaseMod","BetterRewards","Downfall","Minty Spire (QoL Compilation)","Quick Restart","Rare Cards Sparkle","StSLib"],"gold_per_floor":[99,109,126,136,136,136,136,152,62,97,97,7,7,40,59,59,59,59],"floor_reached":16,"language":"ENG","playtime":735,"items_purged":["hexamod:Strike"],"score":110,"play_id":"56ad527e-9361-47b9-8d72-9ffb7029397e","local_time":"20210217235841","is_ascension_mode":false,"campfire_choices":[{"data":"hexamod:TimeOfNeed","floor":1.0,"key":"SMITH"},{"data":"hexamod:GhostOfSpireFuture","floor":6.0,"key":"SMITH"},{"floor":13,"key":"REST"}],"circlet_count":0,"master_deck":["hexamod:Strike","hexamod:Strike","hexamod:Strike","hexamod:Defend","hexamod:Defend","hexamod:Defend","hexamod:Defend","hexamod:Sear","hexamod:Float","hexamod:TimeOfNeed+1","hexamod:Incineration","hexamod:GhostOfSpireFuture+1","hexamod:ChargedBarrage","hexamod:RadiantFlame","hexamod:NightmareGuise","hexamod:SpectersWail","hexamod:HauntingEcho","hexamod:ExtraCrispy"],"relics":["hexamod:SpiritBrand","Bottled Flame","MealTicket","Oddly Smooth Stone"],"acts_visited":["Exordium"],"potions_floor_usage":[16],"damage_taken":[{"damage":0.0,"enemies":"Jaw Worm","floor":2.0,"turns":3.0},{"damage":6.0,"enemies":"Small Slimes","floor":3.0,"turns":3.0},{"damage":0.0,"enemies":"Cultist","floor":4.0,"turns":3.0},{"damage":7.0,"enemies":"Blue Slaver","floor":8.0,"turns":3.0},{"damage":0.0,"enemies":"downfall:FleeingMerchant","floor":9.0,"turns":4.0},{"damage":44,"enemies":"3 Sentries","floor":10,"turns":12},{"damage":0,"enemies":"downfall:FleeingMerchant","floor":12,"turns":4},{"damage":23,"enemies":"Gremlin Nob","floor":14,"turns":6},{"damage":8,"enemies":"Red Slaver","floor":15,"turns":3},{"damage":20,"enemies":"SI_SHIV_ARCHETYPE","floor":16,"turns":5}],"seed_played":"4943215017538305781","potions_obtained":[{"floor":2.0,"key":"SteroidPotion"},{"floor":4.0,"key":"Strength Potion"},{"floor":14,"key":"SpeedPotion"}],"is_trial":false,"path_per_floor":["R","M","M","M","?","R","T","M","$","E","?","$","R","E","M","B"],"character_chosen":"THE_SPIRIT","items_purchased":["hexamod:RadiantFlame"],"campfire_rested":1,"item_purchase_floors":[9],"current_hp_per_floor":[49,49,43,43,66,66,66,59,59,15,15,30,51,28,20,0,0,0],"gold":59,"neow_bonus":"THREE_RARE_CARDS","is_daily":false,"chose_seed":false,"campfire_upgraded":2,"win_rate":0.0,"timestamp":1613602721,"path_taken":["R","M","M","M","?","R","T","M","?","E","?","$","R","E","M","BOSS"],"items_purchased_type":["Card"],"build_version":"2020-12-22","purchased_purges":1,"victory":false,"max_hp_per_floor":[70,70,70,70,70,70,70,70,70,70,70,70,70,70,70,70,70,70],"card_choices":[{"not_picked":["hexamod:FifthSeal","hexamod:HexaLevel"],"picked":"hexamod:TimeOfNeed","floor":0.0},{"not_picked":["hexamod:ThirdSeal","hexamod:InspiringFlames"],"picked":"hexamod:Incineration","floor":2.0},{"not_picked":["hexamod:InspiringFlames","hexamod:PhantomCloak","hexamod:Rewind"],"picked":"SKIP","floor":3.0},{"not_picked":["hexamod:Firestarter","hexamod:BurningTouch"],"picked":"hexamod:GhostOfSpireFuture","floor":4.0},{"not_picked":["hexamod:NightmareGuise","hexamod:InspiringFlames","hexamod:GhostLash"],"picked":"SKIP","floor":8.0},{"not_picked":["hexamod:EmpoweredFlame","hexamod:FirstSeal"],"picked":"hexamod:ChargedBarrage","floor":9.0},{"not_picked":["hexamod:InspiringFlames","hexamod:Hexaguard"],"picked":"hexamod:NightmareGuise","floor":10},{"not_picked":["hexamod:SwordOfDarkness","hexamod:GhostLash"],"picked":"hexamod:SpectersWail","floor":12},{"not_picked":["hexamod:SearingWound","hexamod:NightmareStrike"],"picked":"hexamod:HauntingEcho","floor":14},{"not_picked":["hexamod:RecurringNightmare","hexamod:GhostOfSpireFuture"],"picked":"hexamod:ExtraCrispy","floor":15}],"player_experience":307786,"relics_obtained":[{"floor":7.0,"key":"Bottled Flame"},{"floor":10,"key":"MealTicket"},{"floor":14,"key":"Oddly Smooth Stone"}],"event_choices":[{"damage_healed":23.0,"max_hp_gain":0.0,"max_hp_loss":0.0,"gold_gain":0.0,"event_name":"Big Fish","player_choice":"Banana","floor":5.0,"gold_loss":0.0,"damage_taken":0.0}],"is_beta":false,"boss_relics":[],"items_purged_floors":[12],"is_endless":false,"potions_floor_spawned":[2,4,14,15],"killed_by":"SI_SHIV_ARCHETYPE","ascension_level":0}}