{"host":"050ensmz1fh1c58u","time":1613558332,"event":{"mods":["BaseMod","Downfall","Gremlin Mod","Minty Spire (QoL Compilation)","READ ME - Guardian Mod","StSLib","The Animator","The Bug Knight","The Cursed","The Disciple","The Servant 0.9.4"],"gold_per_floor":[99,99,99,99,24,36,117,117,117,17,42,192,9,23,43,142,142,142,156,156,156,172,172,172,199,211,242,280,292,304,41,59,59,59,59],"floor_reached":33,"language":"ENG","playtime":3260,"items_purged":["downfall:Malfunctioning","downfall:Icky"],"score":288,"play_id":"0d6365e2-ca96-4428-ac0a-92312e5f2174","local_time":"20210217113852","is_ascension_mode":false,"campfire_choices":[{"data":"bronze:Replicate","floor":1,"key":"SMITH"},{"data":"bronze:CloningBeam","floor":10,"key":"SMITH"},{"data":"bronze:Goto","floor":18,"key":"SMITH"},{"data":"bronze:Separator","floor":23,"key":"SMITH"}],"circlet_count":0,"master_deck":["bronze:Strike+1","bronze:Defend+1","bronze:Defend","bronze:Replicate+1","bronze:Goto+1","bronze:FineTuning","bronze:Constructor+1","bronze:Separator+1","bronze:CloningBeam+1","bronze:Fortify+1","bronze:ClassDefault","bronze:Optimize","bronze:ForLoop","bronze:Separator+1","bronze:ThunderWave+1","bronze:Repair+1","bronze:Fortify+1","bronze:FollowUp+1","bronze:RecursiveStrike+1","bronze:BitShift"],"relics":["bronze:BronzeCore","downfall:HeartsMalice","Molten Egg 2","downfall:HeartBlessingBlue","Meat on the Bone","Empty Cage","MawBank","White Beast Statue","Shuriken"],"acts_visited":["Exordium","TheCity"],"potions_floor_usage":[15,16,22,26,27,27,33,33],"damage_taken":[{"damage":0,"enemies":"Jaw Worm","floor":2,"turns":1},{"damage":0,"enemies":"Small Slimes","floor":3,"turns":1},{"damage":0,"enemies":"downfall:FleeingMerchant","floor":5,"turns":1},{"damage":0,"enemies":"2 Louse","floor":6,"turns":2},{"damage":26,"enemies":"3 Sentries","floor":11,"turns":11},{"damage":0,"enemies":"downfall:FleeingMerchant","floor":13,"turns":4},{"damage":5,"enemies":"2 Fungi Beasts","floor":14,"turns":3},{"damage":0,"enemies":"3 Louse","floor":15,"turns":4},{"damage":9,"enemies":"WA_ARCHETYPE_RETAIN","floor":16,"turns":10},{"damage":12,"enemies":"Spheric Guardian","floor":19,"turns":4},{"damage":0,"enemies":"Cultist and Chosen","floor":22,"turns":8},{"damage":17,"enemies":"Centurion and Healer","floor":25,"turns":8},{"damage":0,"enemies":"Snake Plant","floor":26,"turns":1},{"damage":46,"enemies":"3 Cultists","floor":27,"turns":8},{"damage":58,"enemies":"Slavers","floor":28,"turns":10},{"damage":7,"enemies":"downfall:FleeingMerchant","floor":31,"turns":4},{"damage":8,"enemies":"Snecko","floor":32,"turns":3},{"damage":60,"enemies":"IC_MUSHROOM_ARCHETYPE","floor":33,"turns":11}],"seed_played":"-5420196775785299602","potions_obtained":[{"floor":11,"key":"SmokeBomb"},{"floor":14,"key":"EssenceOfSteel"},{"floor":15,"key":"Block Potion"},{"floor":16,"key":"ColorlessPotion"},{"floor":19,"key":"SkillPotion"},{"floor":25,"key":"Regen Potion"},{"floor":31,"key":"Strength Potion"},{"floor":32,"key":"bronze:BuildAFunctionPotion"}],"is_trial":false,"path_per_floor":["R","M","M","?","$","M","T","?","?","R","E","?","$","M","M","B",null,"R","M","?","?","M","R","T","M","M","M","E","?","?","$","M","B"],"character_chosen":"THE_AUTOMATON","items_purchased":["bronze:Optimize","Shuriken"],"campfire_rested":0,"item_purchase_floors":[13,31],"current_hp_per_floor":[70,70,70,70,70,70,70,63,68,78,52,52,52,47,47,50,85,85,73,73,73,83,83,83,76,76,56,18,18,18,33,55,0,0,0],"gold":59,"neow_bonus":"THREE_ENEMY_KILL","is_daily":false,"chose_seed":false,"campfire_upgraded":4,"win_rate":0.0,"timestamp":1613558332,"path_taken":["R","M","M","?","$","M","T","?","?","R","E","?","?","M","M","BOSS","R","M","?","?","M","R","T","M","M","M","E","?","?","$","M","BOSS"],"items_purchased_type":["Card","Relic"],"build_version":"2020-12-22","purchased_purges":2,"victory":false,"max_hp_per_floor":[70,70,70,70,70,70,70,70,75,85,85,85,85,85,85,85,85,85,85,85,85,85,85,85,85,85,85,85,85,85,85,85,85,85,85],"card_choices":[{"not_picked":["bronze:Repulsor","bronze:BuggyMess"],"picked":"bronze:FineTuning","floor":2},{"not_picked":["bronze:BugBarrage","bronze:BuggyMess"],"picked":"bronze:Constructor","floor":3},{"not_picked":["bronze:Philosophize","bronze:BuggyMess"],"picked":"bronze:Separator","floor":5},{"not_picked":["bronze:DelayedGuard","bronze:Philosophize"],"picked":"bronze:CloningBeam","floor":6},{"not_picked":["bronze:Shield","bronze:OilSpill+1"],"picked":"bronze:Fortify+1","floor":11},{"not_picked":["bronze:Turbo","bronze:Safeguard"],"picked":"bronze:ClassDefault","floor":13},{"not_picked":["bronze:BugBarrage+1","bronze:GetLatest"],"picked":"bronze:ForLoop","floor":14},{"not_picked":["bronze:Turbo","bronze:Invalidate"],"picked":"bronze:Separator+1","floor":15},{"not_picked":["bronze:Mutator","bronze:Format"],"picked":"bronze:ThunderWave+1","floor":16},{"not_picked":["bronze:Safeguard","bronze:Deprecate"],"picked":"bronze:Repair","floor":19},{"not_picked":["bronze:Turbo+1","bronze:Branch+1","bronze:OilSpill+1"],"picked":"SKIP","floor":22},{"not_picked":["bronze:ItsAFeature","bronze:CloningBeam+1","bronze:Invalidate+1"],"picked":"SKIP","floor":25},{"not_picked":["bronze:DelayedGuard+1","bronze:Invalidate","bronze:Shell"],"picked":"SKIP","floor":27},{"not_picked":["bronze:Invalidate","bronze:Branch+1"],"picked":"bronze:FollowUp+1","floor":28},{"not_picked":["bronze:ThunderWave+1","bronze:DarkDash+1","bronze:NullPointer+1"],"picked":"SKIP","floor":31},{"not_picked":["bronze:MaxOutput","bronze:CutThrough+1","bronze:FollowUp+1"],"picked":"SKIP","floor":32}],"player_experience":1645018,"relics_obtained":[{"floor":11,"key":"Meat on the Bone"},{"floor":24,"key":"MawBank"},{"floor":28,"key":"White Beast Statue"}],"event_choices":[{"damage_healed":0,"gold_gain":0,"player_choice":"Success","damage_taken":7,"relics_obtained":["Molten Egg 2"],"max_hp_gain":0,"max_hp_loss":0,"event_name":"Scrap Ooze","floor":8,"gold_loss":0},{"damage_healed":0,"gold_gain":0,"player_choice":"Donut","damage_taken":0,"max_hp_gain":5,"max_hp_loss":0,"event_name":"Big Fish","floor":9,"gold_loss":0},{"damage_healed":0,"gold_gain":0,"player_choice":"Read","damage_taken":0,"max_hp_gain":0,"max_hp_loss":0,"event_name":"The Library","floor":20,"gold_loss":0,"cards_obtained":["bronze:Fortify"]},{"damage_healed":0,"gold_gain":0,"cards_transformed":["bronze:Defend","bronze:Strike"],"player_choice":"Became Test Subject","damage_taken":0,"max_hp_gain":0,"max_hp_loss":0,"event_name":"Drug Dealer","floor":29,"gold_loss":0,"cards_obtained":["bronze:RecursiveStrike","bronze:BitShift"]}],"is_beta":false,"boss_relics":[{"not_picked":["Sozu","bronze:MakeshiftBattery"],"picked":"Empty Cage"}],"items_purged_floors":[5,13],"is_endless":false,"potions_floor_spawned":[11,14,15,16,19,25,31,32],"killed_by":"IC_MUSHROOM_ARCHETYPE","ascension_level":0}}