{"host":"o3b7ow6d1xe49css","time":1613535853,"event":{"mods":["Act Like it!","Aspiration","BaseMod","Bestiary","Better Altar","Better Match","Better Note","Better Sensory Stone","Better Skull","Better Third Choice","Colored Powertips","Conspire","Energized Spire","Force Act Four","GifTheSpireLib","Halation","Hermit","Hubris","Infinite Spire","Lobotomy","Minty Spire (QoL Compilation)","Quick Restart","Rare Cards Sparkle","Relic Filter Mod","Reliquary","Replay The Spire","Spicy Shops","Spikes Relics","StSLib","Stuff the Spire","The Blue Laboratory","The Disciple","The Hierophant","Wandering Minibosses"],"gold_per_floor":[112,132,98,98,110,145,145,145,172,170,44,74,74,64,64],"floor_reached":14,"language":"ENG","playtime":787,"items_purged":["hierophant:Strike_Hierophant"],"score":135,"play_id":"d5dd8419-515e-48d7-a720-fc6e191cca18","local_time":"20210216192413","daily_mods":["Heirloom","Flight"],"is_ascension_mode":true,"campfire_choices":[{"data":"hierophant:PristineSoul","floor":7,"key":"SMITH"},{"data":"hierophant:HammerAndAnvil","floor":8,"key":"SMITH"},{"data":"hierophant:Glossolalia","floor":13,"key":"SMITH"}],"circlet_count":0,"master_deck":["hierophant:Strike_Hierophant","hierophant:Strike_Hierophant+1","hierophant:Strike_Hierophant+1","hierophant:Punish","hierophant:Defend_Hierophant","hierophant:Defend_Hierophant","hierophant:Defend_Hierophant","hierophant:Defend_Hierophant","hierophant:ChurchCoffers","hierophant:Bribe","hierophant:HammerAndAnvil+1","Scorched","hierophant:PristineSoul+1","UniverseFragment","hierophant:Invocation","hierophant:Glossolalia+1","hierophant:Upheaval+1","hierophant:HolyVerse"],"relics":["hierophant:PropheticMaskRelic","conspire:InfiniteJournal","CogitoBucket","Whetstone","Vajra","White Beast Statue"],"acts_visited":["Exordium"],"potions_floor_usage":[3,3,6],"damage_taken":[{"damage":4,"enemies":"Cultist","floor":1,"turns":5},{"damage":3,"enemies":"Jaw Worm","floor":2,"turns":4},{"damage":10,"enemies":"Small Slimes","floor":3,"turns":5},{"damage":0,"enemies":"Exordium Wildlife","floor":5,"turns":1},{"damage":11,"enemies":"3 Sentries","floor":6,"turns":5},{"damage":32,"enemies":"Lagavulin","floor":10,"turns":7},{"damage":20,"enemies":"3 Sentries","floor":12,"turns":4},{"damage":20,"enemies":"Gremlin Nob","floor":14,"turns":2}],"seed_played":"8531020300962204712","potions_obtained":[{"floor":1,"key":"blueLaboratory:LouseDecoction"},{"floor":2,"key":"SkillPotion"},{"floor":5,"key":"blueLaboratory:PyrophylliteBrew"}],"is_trial":true,"path_per_floor":["M","M","M","?","M","E","R","R","T","E","$","E","R","E"],"character_chosen":"HIEROPHANT","items_purchased":["hierophant:Upheaval+1"],"campfire_rested":0,"item_purchase_floors":[11],"current_hp_per_floor":[71,68,58,75,75,64,64,64,64,32,32,12,12,0,0],"gold":64,"neow_bonus":"","is_daily":false,"chose_seed":false,"campfire_upgraded":3,"win_rate":0.0,"timestamp":1613535853,"path_taken":["M","M","M","?","M","E","R","R","T","E","$","E","R","E"],"items_purchased_type":["Card"],"build_version":"2020-12-22","purchased_purges":1,"victory":false,"max_hp_per_floor":[75,75,75,75,75,75,75,75,75,75,75,75,75,75,75],"card_choices":[{"not_picked":["hierophant:Refuge","hierophant:FaithHealing"],"picked":"hierophant:Bribe","floor":1},{"not_picked":["WallGazer","Variant","MHz"],"picked":"Singing Bowl","floor":1},{"not_picked":["hierophant:MorningPrayer","hierophant:Mercenaries"],"picked":"hierophant:HammerAndAnvil","floor":2},{"not_picked":["BeautyBeast","Murderer","CherryBlossoms"],"picked":"Singing Bowl","floor":2},{"not_picked":["SpiderBud","BigBird"],"picked":"Scorched","floor":3},{"not_picked":["hierophant:RustyCrate","hierophant:FlamingChariot","hierophant:EyeForCoin"],"picked":"SKIP","floor":3},{"not_picked":["hierophant:RustyCrate","hierophant:FlamingChariot","hierophant:EyeForCoin"],"picked":"SKIP","floor":3},{"not_picked":["hierophant:TollTheBells","hierophant:AuricBeam"],"picked":"hierophant:PristineSoul","floor":5},{"not_picked":["CrumblingArmor","MeatLantern","WallGazer"],"picked":"Singing Bowl","floor":5},{"not_picked":["BeautyBeast","OldLady"],"picked":"UniverseFragment","floor":5},{"not_picked":["hierophant:Doubloon","hierophant:DisplayOfPower"],"picked":"hierophant:Invocation","floor":6},{"not_picked":["hierophant:Sermon","hierophant:Encroach"],"picked":"hierophant:Glossolalia","floor":10},{"not_picked":["hierophant:Martyrdom","hierophant:RepressedViolence"],"picked":"hierophant:HolyVerse","floor":12}],"player_experience":1522188,"relics_obtained":[{"floor":6,"key":"Whetstone"},{"floor":10,"key":"Vajra"},{"floor":12,"key":"White Beast Statue"}],"event_choices":[{"damage_healed":25,"gold_gain":0,"player_choice":"Banana","damage_taken":0,"max_hp_gain":0,"max_hp_loss":0,"event_name":"Big Fish","floor":4,"gold_loss":0}],"is_beta":false,"boss_relics":[],"items_purged_floors":[11],"is_endless":false,"potions_floor_spawned":[1,2,5],"killed_by":"Gremlin Nob","ascension_level":5}}