{"host":"bq4pt811tk9yrmjl","time":1613594408,"event":{"mods":["AchievementEnabler","BaseMod","Colored Map","Colored Powertips","Defuse TimeMaze Blight","Minty Spire (QoL Compilation)","Smile Girya","StSLib","SuperFastMode"],"gold_per_floor":[115,115,190,190,13,13,27,27,27,27,62,73,73,88,88,190,190,203,19,19,19,118,118,149,149,176,191,191,203,203,229,229,326,326,346,346,95,0,0,0,12,12,83,83,8,25,42,42,42,42,42,42,8,38,38],"floor_reached":56,"language":"ENG","playtime":1754,"items_purged":[],"score":1273,"play_id":"99567c23-008a-42dc-95bf-97b48f5e1bea","local_time":"20210217184008","is_ascension_mode":true,"campfire_choices":[{"data":"Apotheosis","floor":6.0,"key":"SMITH"},{"floor":8.0,"key":"RECALL"},{"floor":13.0,"key":"REST"},{"data":"Loop","floor":15.0,"key":"SMITH"},{"data":"Defragment","floor":23.0,"key":"SMITH"},{"floor":25.0,"key":"REST"},{"floor":28.0,"key":"REST"},{"floor":32.0,"key":"REST"},{"floor":40.0,"key":"REST"},{"floor":42.0,"key":"REST"},{"floor":49,"key":"REST"},{"floor":52,"key":"REST"}],"circlet_count":0,"master_deck":["Strike_B+1","Strike_B+1","Strike_B+1","Strike_B+1","Defend_B+1","Defend_B+1","Defend_B+1","Defend_B+1","Zap","Dualcast","Cold Snap+1","Apotheosis+1","Redo","Gash","Loop+1","Buffer","CurseOfTheBell","FTL+1","Coolheaded+1","Electrodynamics","Defragment+1","Recycle+1","Leap+1","Self Repair","Echo Form","Echo Form","White Noise+1","Defragment+1","Reinforced Body+1","Hello World"],"relics":["Cracked Core","NeowsBlessing","DataDisk","Mummified Hand","Calling Bell","PreservedInsect","Toxic Egg 2","Pocketwatch","Juzu Bracelet","Omamori","HornCleat","Fusion Hammer","Mercury Hourglass","Red Mask","Singing Bowl","Strawberry"],"acts_visited":["Exordium","TheCity","TheBeyond","TheEnding"],"potions_floor_usage":[46,50,50,55],"damage_taken":[{"damage":0.0,"enemies":"Jaw Worm","floor":1.0,"turns":1.0},{"damage":0.0,"enemies":"Small Slimes","floor":7.0,"turns":1.0},{"damage":0.0,"enemies":"Lagavulin","floor":11.0,"turns":1.0},{"damage":0.0,"enemies":"Cultist","floor":12.0,"turns":3.0},{"damage":5.0,"enemies":"Red Slaver","floor":14.0,"turns":3.0},{"damage":6.0,"enemies":"Slime Boss","floor":16.0,"turns":7.0},{"damage":0.0,"enemies":"Spheric Guardian","floor":18.0,"turns":4.0},{"damage":16.0,"enemies":"Book of Stabbing","floor":24.0,"turns":4.0},{"damage":20.0,"enemies":"Shell Parasite","floor":27.0,"turns":3.0},{"damage":11.0,"enemies":"Snake Plant","floor":29.0,"turns":5.0},{"damage":9.0,"enemies":"Gremlin Leader","floor":31.0,"turns":5.0},{"damage":0.0,"enemies":"Automaton","floor":33.0,"turns":8.0},{"damage":0.0,"enemies":"3 Darklings","floor":35.0,"turns":5.0},{"damage":3.0,"enemies":"3 Shapes","floor":41.0,"turns":4.0},{"damage":42,"enemies":"Spire Growth","floor":46,"turns":4},{"damage":3,"enemies":"Writhing Mass","floor":47,"turns":7},{"damage":7,"enemies":"Donu and Deca","floor":50,"turns":10},{"damage":57,"enemies":"Shield and Spear","floor":54,"turns":6},{"damage":32,"enemies":"The Heart","floor":55,"turns":14}],"seed_played":"778405282636371320","potions_obtained":[{"floor":14.0,"key":"Fire Potion"},{"floor":18.0,"key":"EssenceOfSteel"},{"floor":27.0,"key":"Swift Potion"},{"floor":46,"key":"Block Potion"},{"floor":47,"key":"Fire Potion"}],"is_trial":false,"path_per_floor":["M","?","?","T","$","R","M","R","T","$","E","M","R","M","R","B",null,"M","$","?","$","?","R","E","R","T","M","R","M","?","E","R","B",null,"M","?","$","?","?","R","M","R","T","?","$","M","M","?","R","B",null,"R","$","E","B",null],"character_chosen":"DEFECT","items_purchased":["Apotheosis","Coolheaded+1","Electrodynamics","Mercury Hourglass","GamblersBrew","Hello World"],"campfire_rested":8,"item_purchase_floors":[5,19,19,37,45,53],"current_hp_per_floor":[75,75,64,64,64,64,64,64,64,64,64,64,75,70,70,64,75,75,75,75,75,75,75,59,75,75,55,75,64,64,55,75,75,75,75,75,75,75,75,75,72,75,75,75,75,45,49,49,72,77,77,77,77,39,27],"gold":38,"neow_bonus":"THREE_ENEMY_KILL","is_daily":false,"chose_seed":false,"campfire_upgraded":3,"win_rate":0.0,"timestamp":1613594408,"path_taken":["M","?","?","?","$","R","M","R","T","$","E","M","R","M","R","BOSS","M","$","?","$","?","R","E","R","T","M","R","M","?","E","R","BOSS","M","?","?","?","?","R","M","R","T","?","$","M","M","?","R","BOSS","R","$","E","BOSS"],"items_purchased_type":["Card","Card","Card","Relic","Potion","Card"],"build_version":"2020-12-22","purchased_purges":0,"victory":true,"max_hp_per_floor":[75,75,75,75,75,75,75,75,75,75,75,75,75,75,75,75,75,75,75,75,75,75,75,75,75,75,75,75,75,75,75,75,75,75,75,75,75,75,75,75,75,75,75,75,75,77,77,77,77,77,77,77,77,86,86],"card_choices":[{"not_picked":["Beam Cell","Barrage"],"picked":"Cold Snap","floor":1.0},{"not_picked":["Barrage","Rip and Tear"],"picked":"Redo","floor":7.0},{"not_picked":["Thunder Strike","Coolheaded"],"picked":"Streamline","floor":11.0},{"not_picked":["Stack","Sweeping Beam"],"picked":"Gash","floor":12.0},{"not_picked":["Beam Cell","Sweeping Beam"],"picked":"Loop","floor":14.0},{"not_picked":["Hyperbeam","Fission"],"picked":"Buffer","floor":16.0},{"not_picked":["Barrage","Redo+1"],"picked":"FTL+1","floor":18.0},{"not_picked":["Leap+1","Redo+1"],"picked":"Recycle+1","floor":24.0},{"not_picked":["Steam+1","Lockon"],"picked":"Leap+1","floor":27.0},{"not_picked":["Redo+1","Storm"],"picked":"Self Repair","floor":29.0},{"not_picked":["Conserve Battery+1","Streamline"],"picked":"Echo Form","floor":31.0},{"not_picked":["Multi-Cast+1","Electrodynamics"],"picked":"Echo Form","floor":33.0},{"not_picked":["Stack+1","Coolheaded+1"],"picked":"White Noise+1","floor":35.0},{"not_picked":["Rebound","Streamline+1","Undo+1"],"picked":"SKIP","floor":41.0},{"not_picked":["Steam Power+1","Compile Driver+1","FTL+1"],"picked":"Singing Bowl","floor":46},{"not_picked":["Recycle+1","Redo+1"],"picked":"Reinforced Body+1","floor":47},{"not_picked":["Coolheaded+1","Barrage+1","Static Discharge+1"],"picked":"Singing Bowl","floor":54}],"player_experience":258675,"relics_obtained":[{"floor":4.0,"key":"DataDisk"},{"floor":11.0,"key":"Mummified Hand"},{"floor":17.0,"key":"PreservedInsect"},{"floor":17.0,"key":"Toxic Egg 2"},{"floor":17.0,"key":"Pocketwatch"},{"floor":24.0,"key":"Juzu Bracelet"},{"floor":26.0,"key":"Omamori"},{"floor":31.0,"key":"HornCleat"},{"floor":43.0,"key":"Singing Bowl"},{"floor":54,"key":"Strawberry"}],"event_choices":[{"damage_healed":0.0,"max_hp_gain":0.0,"max_hp_loss":0.0,"gold_gain":0.0,"event_name":"Living Wall","player_choice":"Grow","floor":2.0,"gold_loss":0.0,"damage_taken":0.0,"cards_upgraded":["Cold Snap"]},{"damage_healed":0.0,"max_hp_gain":0.0,"max_hp_loss":0.0,"gold_gain":75.0,"event_name":"World of Goop","player_choice":"Gather Gold","floor":3.0,"gold_loss":0.0,"damage_taken":11.0},{"damage_healed":0.0,"max_hp_gain":0.0,"max_hp_loss":0.0,"gold_gain":0.0,"event_name":"The Library","player_choice":"Read","floor":20.0,"gold_loss":0.0,"damage_taken":0.0,"cards_obtained":["Defragment"]},{"damage_healed":0.0,"max_hp_gain":0.0,"max_hp_loss":0.0,"gold_gain":99.0,"event_name":"Nest","player_choice":"Stole From Cult","floor":22.0,"gold_loss":0.0,"damage_taken":0.0},{"damage_healed":0.0,"max_hp_gain":0.0,"max_hp_loss":0.0,"gold_gain":0.0,"event_name":"Back to Basics","player_choice":"Simplicity","floor":30.0,"gold_loss":0.0,"damage_taken":0.0,"cards_upgraded":["Strike_B","Strike_B","Strike_B","Strike_B","Defend_B","Defend_B","Defend_B","Defend_B"]},{"damage_healed":0.0,"max_hp_gain":0.0,"max_hp_loss":0.0,"gold_gain":0.0,"event_name":"NoteForYourself","player_choice":"Ignored","floor":36.0,"gold_loss":0.0,"damage_taken":0.0},{"damage_healed":0.0,"max_hp_gain":0.0,"max_hp_loss":0.0,"gold_gain":0.0,"event_name":"Tomb of Lord Red Mask","player_choice":"Paid","floor":38.0,"gold_loss":95.0,"damage_taken":0.0,"relics_obtained":["Red Mask"]},{"damage_healed":0.0,"max_hp_gain":0.0,"max_hp_loss":0.0,"gold_gain":0.0,"event_name":"Duplicator","player_choice":"Copied","floor":39.0,"gold_loss":0.0,"damage_taken":0.0,"cards_obtained":["Defragment"]},{"damage_healed":19.0,"max_hp_gain":0.0,"max_hp_loss":0.0,"gold_gain":0.0,"event_name":"Winding Halls","player_choice":"Writhe","floor":44.0,"gold_loss":0.0,"damage_taken":0.0,"cards_obtained":["Writhe"]},{"cards_removed":["Streamline"],"damage_healed":0,"gold_gain":0,"player_choice":"Removed Attack","damage_taken":0,"max_hp_gain":0,"max_hp_loss":0,"event_name":"Falling","floor":48,"gold_loss":0}],"is_beta":false,"boss_relics":[{"not_picked":["Empty Cage","Runic Pyramid"],"picked":"Calling Bell"},{"not_picked":["SacredBark","Coffee Dripper"],"picked":"Fusion Hammer"}],"items_purged_floors":[],"is_endless":false,"potions_floor_spawned":[14,18,27,46,47],"ascension_level":1}}