{"host":"9bcwdp8h7kwcxx90","time":1613597005,"event":{"mods":["2.2 Compatiblity","BaseMod","Colored Map","Colored Powertips","Downfall","Infinite Spire","Minty Spire (QoL Compilation)","Permanent Neow","Quick Restart","Random Character Button","Relic Sorter","Relic Stats","Reliquary","Shop Mod","StSLib","Unknown Chances"],"gold_per_floor":[0,13,33,51,63,92,92,2,2,12,12,12,41,2,17,112,112,112,123,134,134,68,68,68],"floor_reached":22,"language":"ENG","playtime":2418,"items_purged":["Guardian:Strike_Guardian"],"score":232,"play_id":"90299b5b-ecc8-41f2-9b5f-de2e5252e3d1","local_time":"20210217152325","is_ascension_mode":true,"campfire_choices":[{"data":"Guardian:FastForward","floor":1.0,"key":"SMITH"},{"data":"Guardian:TimeBomb","floor":12.0,"key":"SMITH"},{"data":"Guardian:Suspension","floor":18.0,"key":"SMITH"}],"circlet_count":0,"master_deck":["Guardian:CurlUp","Guardian:TwinSlam+1","Guardian:TimeBomb+1","Guardian:FastForward+1","Guardian:TemporalShield","Guardian:Suspension+1","Guardian:Suspension+1","Guardian:FloatingOrbs+1","Guardian:Recover","Guardian:GatlingBeam","Guardian:TemporalStrike","Guardian:TimeCapacitor","Guardian:FastForward","Guardian:ExploitGems","Guardian:HyperBeam_Guardian","Guardian:Emergency","Guardian:Recover+1","Guardian:Planning+1","Guardian:StasisEngine","Guardian:ShieldCharger"],"relics":["Guardian:ModeShifter","Bottled Lightning","reliquary:Sod","downfall:BrokenWingStatue","Matryoshka","Pandora\u0027s Box"],"acts_visited":["Exordium","TheCity"],"potions_floor_usage":[],"damage_taken":[{"damage":0.0,"enemies":"Cultist","floor":2.0,"turns":5.0},{"damage":4.0,"enemies":"Small Slimes","floor":3.0,"turns":3.0},{"damage":0.0,"enemies":"2 Louse","floor":4.0,"turns":2.0},{"damage":2.0,"enemies":"Blue Slaver","floor":5.0,"turns":5.0},{"damage":25.0,"enemies":"Lagavulin","floor":6.0,"turns":15.0},{"damage":0.0,"enemies":"downfall:FleeingMerchant","floor":8.0,"turns":4.0},{"damage":0.0,"enemies":"Exordium Wildlife","floor":10.0,"turns":3.0},{"damage":0.0,"enemies":"3 Sentries","floor":13.0,"turns":4.0},{"damage":5.0,"enemies":"downfall:FleeingMerchant","floor":14.0,"turns":4.0},{"damage":4.0,"enemies":"3 Louse","floor":15.0,"turns":2.0},{"damage":27.0,"enemies":"DF_ARCHETYPE_STREAMLINE","floor":16.0,"turns":11.0},{"damage":12.0,"enemies":"Shell Parasite","floor":19.0,"turns":5.0},{"damage":16,"enemies":"downfall:LooterAlt2","floor":20,"turns":3},{"damage":15,"enemies":"downfall:FleeingMerchant","floor":22,"turns":4}],"seed_played":"-3555579011510185649","potions_obtained":[{"floor":2.0,"key":"SteroidPotion"},{"floor":3.0,"key":"FairyPotion"},{"floor":6.0,"key":"SneckoOil"},{"floor":13.0,"key":"Energy Potion"}],"is_trial":false,"path_per_floor":["R","M","M","M","M","E","T","$","?","M","?","R","E","$","M","B",null,"R","M","M","?","$"],"character_chosen":"GUARDIAN","items_purchased":["Guardian:TemporalStrike","Guardian:ShieldCharger"],"campfire_rested":0,"item_purchase_floors":[14,22],"current_hp_per_floor":[80,80,76,76,74,49,49,49,49,49,49,49,49,44,40,13,80,80,68,52,52,37,37,37],"gold":68,"neow_bonus":"TRANSFORM_TWO_CARDS","is_daily":false,"chose_seed":false,"campfire_upgraded":3,"win_rate":0.0,"timestamp":1613597005,"path_taken":["R","M","M","M","?","E","T","$","?","M","?","R","E","$","M","BOSS","R","M","M","?","$"],"items_purchased_type":["Card","Card"],"build_version":"2020-12-22","purchased_purges":1,"victory":false,"max_hp_per_floor":[80,80,80,80,80,80,80,80,80,80,80,80,80,80,80,80,80,80,80,80,80,80,80,80],"relic_stats":{"counters":[14,70],"Pandora\u0027s Box":["Guardian:ExploitGems","Guardian:HyperBeam_Guardian","Guardian:Gem_Lightblue","Guardian:Gem_Lightblue","Guardian:Emergency"],"obtain_stats":[{"reliquary:Sod":7,"downfall:BrokenWingStatue":11,"Matryoshka":13,"Guardian:ModeShifter":0,"Pandora\u0027s Box":17,"Bottled Lightning":6},{"reliquary:Sod":5,"downfall:BrokenWingStatue":7,"Matryoshka":8,"Guardian:ModeShifter":0,"Pandora\u0027s Box":11,"Bottled Lightning":5},{"reliquary:Sod":30,"downfall:BrokenWingStatue":37,"Matryoshka":41,"Guardian:ModeShifter":0,"Pandora\u0027s Box":58,"Bottled Lightning":30}]},"card_choices":[{"not_picked":["Guardian:CrystalBeam","Guardian:PiercingHide"],"picked":"Guardian:Gem_Green","floor":2.0},{"not_picked":["Guardian:Gem_Yellow","Guardian:WalkerClaw"],"picked":"Guardian:TemporalShield","floor":3.0},{"not_picked":["Guardian:ArmoredProtocol","Guardian:Gem_Lightblue"],"picked":"Guardian:Gem_Cyan","floor":4.0},{"not_picked":["Guardian:Gem_Blue","Guardian:Clone"],"picked":"Guardian:Suspension","floor":5.0},{"not_picked":["Guardian:Incinerate","Guardian:RevengeProtocol"],"picked":"Guardian:Suspension","floor":6.0},{"not_picked":["Guardian:PolyBeam","Guardian:Gem_Yellow"],"picked":"Guardian:FloatingOrbs","floor":8.0},{"not_picked":["Guardian:Gem_Blue","Guardian:Incinerate"],"picked":"Guardian:Recover","floor":10.0},{"not_picked":["Guardian:Gem_Lightblue","Guardian:TimeSifter","Guardian:PolyBeam"],"picked":"SKIP","floor":13.0},{"not_picked":["Guardian:Planning","Guardian:DecasProtection"],"picked":"Guardian:GatlingBeam","floor":14.0},{"not_picked":["Guardian:Gem_Lightblue","Guardian:TemporalShield"],"picked":"Guardian:TimeCapacitor","floor":15.0},{"not_picked":["Guardian:ConstructionForm","Guardian:StasisStrike"],"picked":"Guardian:FastForward","floor":16.0},{"not_picked":["Guardian:BronzeArmor","Guardian:ShieldCharger+1"],"picked":"Guardian:Recover+1","floor":19.0},{"not_picked":["Guardian:EvasiveProtocol","Guardian:Incinerate"],"picked":"Guardian:Planning+1","floor":20},{"not_picked":["Guardian:PrimingBeam","Guardian:ArmoredProtocol"],"picked":"Guardian:StasisEngine","floor":22}],"player_experience":296180,"relics_obtained":[{"floor":6.0,"key":"Bottled Lightning"},{"floor":7.0,"key":"reliquary:Sod"},{"floor":13.0,"key":"Matryoshka"}],"event_choices":[],"is_beta":false,"boss_relics":[{"not_picked":["expansioncontent:StudyCardRelic","Black Star"],"picked":"Pandora\u0027s Box"}],"items_purged_floors":[8],"is_endless":false,"potions_floor_spawned":[2,3,6,13,15],"ascension_level":1}}