{"host":"xz7n3qy1zq36rzpg","time":1613551433,"event":{"mods":["BaseMod","Colored Map","Colored Powertips","Highlight Path","Minty Spire (QoL Compilation)","Quick Restart","Shop Mod"],"gold_per_floor":[112,112,112,123,136,161,172,187,187,199,199,211,226,245,245,345,345,362,373,384,403,403,403,435,435,435],"floor_reached":25,"language":"ENG","playtime":1696,"items_purged":[],"score":309,"play_id":"bb39db18-b9dd-4057-a445-dd4d0ec13b55","local_time":"20210217094353","is_ascension_mode":true,"campfire_choices":[{"floor":11.0,"key":"REST"},{"data":"BowlingBash","floor":15.0,"key":"SMITH"},{"floor":23,"key":"REST"}],"circlet_count":0,"master_deck":["Strike_P+1","Strike_P+1","Strike_P+1","Strike_P+1","Defend_P+1","Defend_P+1","Defend_P+1","Defend_P+1","Eruption+1","Vigilance","FollowUp","Evaluate","ForeignInfluence+1","BowlingBash+1","CutThroughFate","CarveReality","ForeignInfluence","SashWhip","FollowUp","Evaluate","LessonLearned","CurseOfTheBell","ThirdEye","Prostrate","BattleHymn","Pray","PathToVictory+1","CutThroughFate+1"],"relics":["PureWater","Dream Catcher","Boot","War Paint","Potion Belt","Calling Bell","Bag of Marbles","Darkstone Periapt","Incense Burner","Sundial"],"acts_visited":["Exordium","TheCity"],"potions_floor_usage":[20,21,24],"damage_taken":[{"damage":5.0,"enemies":"2 Louse","floor":1.0,"turns":4.0},{"damage":4.0,"enemies":"Jaw Worm","floor":4.0,"turns":3.0},{"damage":0.0,"enemies":"Cultist","floor":5.0,"turns":3.0},{"damage":12.0,"enemies":"Lagavulin","floor":6.0,"turns":6.0},{"damage":7.0,"enemies":"3 Louse","floor":7.0,"turns":3.0},{"damage":0.0,"enemies":"Blue Slaver","floor":8.0,"turns":3.0},{"damage":0.0,"enemies":"Large Slime","floor":10.0,"turns":2.0},{"damage":0.0,"enemies":"2 Fungi Beasts","floor":12.0,"turns":1.0},{"damage":5.0,"enemies":"Blue Slaver","floor":13.0,"turns":2.0},{"damage":8.0,"enemies":"Looter","floor":14.0,"turns":3.0},{"damage":0.0,"enemies":"Slime Boss","floor":16.0,"turns":3.0},{"damage":18.0,"enemies":"3 Byrds","floor":18.0,"turns":4.0},{"damage":0.0,"enemies":"2 Thieves","floor":19.0,"turns":1.0},{"damage":10,"enemies":"Chosen and Byrds","floor":20,"turns":5},{"damage":16,"enemies":"Centurion and Healer","floor":21,"turns":6},{"damage":21,"enemies":"Book of Stabbing","floor":24,"turns":5},{"damage":56,"enemies":"3 Cultists","floor":25,"turns":5}],"seed_played":"2904564698706973566","potions_obtained":[{"floor":1.0,"key":"CultistPotion"},{"floor":5.0,"key":"Swift Potion"},{"floor":6.0,"key":"Fruit Juice"},{"floor":8.0,"key":"Explosive Potion"},{"floor":19.0,"key":"PowerPotion"},{"floor":21,"key":"BlessingOfTheForge"}],"is_trial":false,"path_per_floor":["M","?","?","M","M","E","M","M","T","M","R","M","M","M","R","B",null,"M","M","M","M","?","R","E","M"],"character_chosen":"WATCHER","items_purchased":[],"campfire_rested":2,"item_purchase_floors":[],"current_hp_per_floor":[67,55,55,51,51,39,37,37,37,37,60,60,55,47,47,47,77,59,59,49,33,33,56,35,0,0],"gold":435,"neow_bonus":"RANDOM_COMMON_RELIC","is_daily":false,"chose_seed":false,"campfire_upgraded":1,"win_rate":0.0,"timestamp":1613551433,"path_taken":["M","?","?","M","M","E","M","M","T","M","R","M","M","?","R","BOSS","M","M","M","M","?","R","E","M"],"items_purchased_type":[],"build_version":"2020-12-22","purchased_purges":0,"victory":false,"max_hp_per_floor":[72,72,72,72,72,72,77,77,77,77,77,77,77,77,77,77,77,77,77,77,77,77,77,77,77,77],"card_choices":[{"not_picked":["Indignation","LikeWater"],"picked":"FollowUp","floor":1.0},{"not_picked":["JustLucky","Tantrum"],"picked":"Evaluate","floor":4.0},{"not_picked":["CrushJoints","InnerPeace"],"picked":"ForeignInfluence","floor":5.0},{"not_picked":["FollowUp","FearNoEvil"],"picked":"BowlingBash","floor":6.0},{"not_picked":["Weave","ClearTheMind"],"picked":"CutThroughFate","floor":7.0},{"not_picked":["Wireheading","Evaluate"],"picked":"CarveReality","floor":8.0},{"not_picked":["BowlingBash","DeusExMachina"],"picked":"ForeignInfluence","floor":10.0},{"not_picked":["ClearTheMind","CrushJoints"],"picked":"SashWhip","floor":11.0},{"not_picked":["ThirdEye","FlurryOfBlows"],"picked":"FollowUp","floor":12.0},{"not_picked":["JustLucky","FlyingSleeves","WheelKick"],"picked":"SKIP","floor":13.0},{"not_picked":["ClearTheMind","Adaptation"],"picked":"Evaluate","floor":14.0},{"not_picked":["Vault","Establishment"],"picked":"LessonLearned","floor":16.0},{"not_picked":["Evaluate+1","Halt+1"],"picked":"ThirdEye","floor":18.0},{"not_picked":["SashWhip","CarveReality"],"picked":"Prostrate","floor":19.0},{"not_picked":["Wireheading+1","FollowUp"],"picked":"BattleHymn","floor":20},{"not_picked":["BowlingBash","Crescendo+1"],"picked":"Pray","floor":21},{"not_picked":["ReachHeaven+1","Crescendo"],"picked":"PathToVictory+1","floor":23},{"not_picked":["Judgement","Adaptation"],"picked":"CutThroughFate+1","floor":24}],"player_experience":524500,"relics_obtained":[{"floor":6.0,"key":"War Paint"},{"floor":9.0,"key":"Potion Belt"},{"floor":17.0,"key":"Bag of Marbles"},{"floor":17.0,"key":"Darkstone Periapt"},{"floor":17.0,"key":"Incense Burner"},{"floor":24,"key":"Sundial"}],"event_choices":[{"damage_healed":0.0,"max_hp_gain":0.0,"max_hp_loss":0.0,"gold_gain":0.0,"event_name":"Scrap Ooze","player_choice":"Success","floor":2.0,"gold_loss":0.0,"damage_taken":12.0,"relics_obtained":["Boot"]},{"damage_healed":0.0,"max_hp_gain":0.0,"max_hp_loss":0.0,"gold_gain":0.0,"event_name":"Accursed Blacksmith","player_choice":"Forge","floor":3.0,"gold_loss":0.0,"damage_taken":0.0,"cards_upgraded":["Eruption"]},{"damage_healed":0,"gold_gain":0,"player_choice":"Simplicity","damage_taken":0,"max_hp_gain":0,"max_hp_loss":0,"event_name":"Back to Basics","floor":22,"gold_loss":0,"cards_upgraded":["Strike_P","Strike_P","Strike_P","Strike_P","Defend_P","Defend_P"]}],"is_beta":false,"boss_relics":[{"not_picked":["Runic Dome","Velvet Choker"],"picked":"Calling Bell"}],"items_purged_floors":[],"is_endless":false,"potions_floor_spawned":[1,5,6,8,19,21],"killed_by":"3 Cultists","ascension_level":2}}