{"host":"8d3fefv2347kqkpz","time":1613532783,"event":{"mods":["AchievementEnabler","Aspiration","BaseMod","Better Vampires","BetterRewards","Colored Map","Colored Powertips","Downfall","Emptier Cage","Highlight Path","Marked Mod","Minty Spire (QoL Compilation)","Permanent Neow","Quick Restart","Rare Cards Sparkle","Relic Stats","Say the Spire","Spicy Shops","StSLib","Waifu the Spire"],"gold_per_floor":[99,118,132,132,150,150,150,150,164,339,358,24,24,53,67,170,170,170,181,41,41,41,41,41,58,58,58,75,75,85,85,103,103,103,103],"floor_reached":33,"language":"ZHS","playtime":1103,"items_purged":["Doubt","hexamod:Strike","hexamod:Strike"],"score":272,"play_id":"fd51d8db-25e6-41d8-81a5-476a8f170425","local_time":"20210217113303","is_ascension_mode":false,"campfire_choices":[{"data":"hexamod:Sear","floor":1.0,"key":"SMITH"},{"data":"hexamod:RainOfEmbers","floor":8.0,"key":"SMITH"},{"data":"hexamod:FlamesFromBeyond","floor":13.0,"key":"SMITH"},{"data":"hexamod:Defend","floor":18.0,"key":"SMITH"},{"floor":27,"key":"RECALL"},{"data":"hexamod:NightmareGuise","floor":29,"key":"SMITH"}],"circlet_count":0,"master_deck":["hexamod:Defend","hexamod:Defend","hexamod:Defend+1","hexamod:Sear+1","hexamod:ExtraCrispy+1","hexamod:FlamesFromBeyond+1","hexamod:RainOfEmbers+1","hexamod:HeatCrush","hexamod:NightmareGuise+1","hexamod:ShieldOfDarkness+1","hexamod:FlamesFromBeyond"],"relics":["SlaversCollar","Lee\u0027s Waffle","Eternal Feather","Empty Cage","Mummified Hand"],"acts_visited":["Exordium","TheCity"],"potions_floor_usage":[33,33,33],"damage_taken":[{"damage":6.0,"enemies":"2 Louse","floor":2.0,"turns":4.0},{"damage":1.0,"enemies":"Cultist","floor":3.0,"turns":3.0},{"damage":13.0,"enemies":"Jaw Worm","floor":5.0,"turns":3.0},{"damage":18.0,"enemies":"Large Slime","floor":9.0,"turns":4.0},{"damage":22.0,"enemies":"Exordium Thugs","floor":11.0,"turns":3.0},{"damage":0.0,"enemies":"downfall:FleeingMerchant","floor":12.0,"turns":4.0},{"damage":17.0,"enemies":"3 Sentries","floor":14.0,"turns":7.0},{"damage":17.0,"enemies":"Gremlin Gang","floor":15.0,"turns":3.0},{"damage":20.0,"enemies":"IC_STATUS_ARCHETYPE","floor":16.0,"turns":3.0},{"damage":14.0,"enemies":"downfall:LooterAlt2","floor":19.0,"turns":3.0},{"damage":5.0,"enemies":"downfall:FleeingMerchant","floor":20.0,"turns":4.0},{"damage":8,"enemies":"Shell Parasite","floor":25,"turns":3},{"damage":1,"enemies":"Centurion and Healer","floor":28,"turns":6},{"damage":0,"enemies":"Snake Plant","floor":30,"turns":3},{"damage":8,"enemies":"Cultist and Chosen","floor":32,"turns":6},{"damage":75,"enemies":"SI_MIRROR_ARCHETYPE","floor":33,"turns":16}],"seed_played":"3520833082558343208","potions_obtained":[{"floor":5.0,"key":"Strength Potion"},{"floor":11.0,"key":"Ancient Potion"},{"floor":21.0,"key":"CultistPotion"},{"floor":23,"key":"Guardian:BlockOnCardUsePotion"},{"floor":23,"key":"SkillPotion"},{"floor":28,"key":"Energy Potion"},{"floor":30,"key":"Regen Potion"}],"is_trial":false,"path_per_floor":["R","M","M","?","M","?","T","R","M","?","M","$","R","E","M","B",null,"R","M","$","?","?","?","T","M","?","R","M","R","M","?","M","B"],"character_chosen":"THE_SPIRIT","items_purchased":["Lee\u0027s Waffle"],"campfire_rested":0,"item_purchase_floors":[12],"current_hp_per_floor":[70,64,63,63,50,50,50,50,32,32,10,77,77,60,43,23,77,77,63,58,58,58,58,58,50,50,56,55,61,61,61,53,0,0,0],"gold":103,"neow_bonus":"BOSS_RELIC","is_daily":false,"chose_seed":false,"campfire_upgraded":5,"win_rate":0.0,"timestamp":1613532783,"path_taken":["R","M","M","?","?","?","T","R","M","?","M","$","R","E","M","BOSS","R","M","$","?","?","?","T","?","?","R","M","R","M","?","M","BOSS"],"items_purchased_type":["Relic"],"build_version":"2020-12-22","purchased_purges":3,"victory":false,"max_hp_per_floor":[70,70,70,70,70,70,70,70,70,70,70,77,77,77,77,77,77,77,77,77,77,77,77,77,77,77,77,77,77,77,77,77,77,77,77],"relic_stats":{"Lee\u0027s Waffle":67,"counters":[16,75],"Mummified Hand":[7],"Eternal Feather":12,"obtain_stats":[{"SlaversCollar":0,"Lee\u0027s Waffle":12,"Mummified Hand":24,"Eternal Feather":14,"Empty Cage":17,"hexamod:SpiritBrand":0},{"SlaversCollar":0,"Lee\u0027s Waffle":6,"Mummified Hand":11,"Eternal Feather":7,"Empty Cage":9,"hexamod:SpiritBrand":0},{"SlaversCollar":0,"Lee\u0027s Waffle":21,"Mummified Hand":41,"Eternal Feather":28,"Empty Cage":34,"hexamod:SpiritBrand":0}]},"card_choices":[{"not_picked":["hexamod:HauntingEcho","hexamod:SpectersWail"],"picked":"hexamod:ExtraCrispy","floor":2.0},{"not_picked":["hexamod:ExtraCrispy","hexamod:FourthSeal"],"picked":"hexamod:FlamesFromBeyond","floor":3.0},{"not_picked":["hexamod:Firestarter","hexamod:NightmareStrike"],"picked":"hexamod:RainOfEmbers","floor":5.0},{"not_picked":["hexamod:HauntingEcho","hexamod:RadiantFlame","hexamod:EmpoweredFlame"],"picked":"SKIP","floor":9.0},{"not_picked":["hexamod:SuperheatedStrike","hexamod:PhantomFireball","hexamod:NightmareStrike"],"picked":"SKIP","floor":11.0},{"not_picked":["hexamod:PhantomCloak","hexamod:SkipABeat"],"picked":"hexamod:HeatCrush","floor":12.0},{"not_picked":["hexamod:Firestarter","hexamod:ThermalTransfer","hexamod:GhostShield"],"picked":"SKIP","floor":14.0},{"not_picked":["hexamod:SoulSteal","hexamod:EmpoweredFlame","hexamod:PowerFromBeyond"],"picked":"SKIP","floor":15.0},{"not_picked":["hexamod:BacktrackSmack","hexamod:GhostLash","hexamod:ChargedBarrage"],"picked":"SKIP","floor":19.0},{"not_picked":["hexamod:AdvancingGuard+1","hexamod:SpectralSpark"],"picked":"hexamod:NightmareGuise","floor":20.0},{"not_picked":["hexamod:FourthSeal","hexamod:InspiringFlames"],"picked":"hexamod:ShieldOfDarkness+1","floor":25},{"not_picked":["hexamod:ParanormalForm","hexamod:AdvancingGuard","hexamod:GhostLash"],"picked":"SKIP","floor":28},{"not_picked":["hexamod:FourthSeal","hexamod:FlamesFromBeyond+1","hexamod:AdvancingGuard"],"picked":"SKIP","floor":30},{"not_picked":["hexamod:GhostShield+1","hexamod:SpectersWail"],"picked":"hexamod:FlamesFromBeyond","floor":32}],"player_experience":431715,"relics_obtained":[{"floor":14.0,"key":"Eternal Feather"},{"floor":24,"key":"Mummified Hand"}],"event_choices":[{"damage_healed":0.0,"max_hp_gain":0.0,"max_hp_loss":0.0,"gold_gain":0.0,"event_name":"Accursed Blacksmith","player_choice":"Forge","floor":4.0,"gold_loss":0.0,"damage_taken":0.0,"cards_upgraded":["hexamod:ExtraCrispy"]},{"cards_removed":["hexamod:Strike"],"damage_healed":0.0,"max_hp_gain":0.0,"max_hp_loss":0.0,"gold_gain":0.0,"event_name":"The Cleric","player_choice":"Card Removal","floor":6.0,"gold_loss":0.0,"damage_taken":0.0},{"damage_healed":0,"gold_gain":0,"player_choice":"Ignored","damage_taken":0,"max_hp_gain":0,"max_hp_loss":0,"event_name":"Vampires","floor":22,"gold_loss":0},{"damage_healed":0,"gold_gain":0,"player_choice":"Got Potions","damage_taken":0,"max_hp_gain":0,"max_hp_loss":0,"event_name":"Lab","floor":23,"gold_loss":0}],"is_beta":false,"boss_relics":[{"not_picked":["Busted Crown","Runic Pyramid"],"picked":"Empty Cage"}],"items_purged_floors":[12,12,20],"is_endless":false,"potions_floor_spawned":[5,11,28,30],"killed_by":"SI_MIRROR_ARCHETYPE","ascension_level":0}}