{"host":"dpbezu80jg8zk7un","time":1613588233,"event":{"mods":["BaseMod","Colored Map","Colored Powertips","Custom Start","DeckTracker","Minty Spire (QoL Compilation)","Quick Restart","StSLib","SuperFastMode"],"gold_per_floor":[10,29,39,53,18,18,44,56,56,56,56,56,91,106,106,204,204,217,217,102,115,136,171,171,195,195,195,234,149,164,64,64,162,162,183,516,528,528,403,437,437,465,492,524,544,869,547,565,565,565,565,565,565,5,33,33],"floor_reached":57,"language":"KOR","playtime":2358,"items_purged":["Defend_P","Strike_P","Defend_P","Strike_P+1","Conclude+1"],"score":3105,"play_id":"53298592-0958-4ec2-9c92-a93717c6e284","local_time":"20210218035713","is_ascension_mode":true,"campfire_choices":[{"data":"Eruption","floor":6.0,"key":"SMITH"},{"data":"Adaptation","floor":10.0,"key":"SMITH"},{"data":"Adaptation","floor":15.0,"key":"SMITH"},{"floor":24.0,"key":"REST"},{"data":"MentalFortress","floor":27.0,"key":"SMITH"},{"floor":32.0,"key":"REST"},{"floor":41.0,"key":"RECALL"},{"floor":49.0,"key":"REST"},{"floor":53.0,"key":"REST"}],"circlet_count":0,"master_deck":["AscendersBane","Strike_P+1","Defend_P+1","Eruption+1","Vigilance+1","SandsOfTime+1","Adaptation+1","CrushJoints+1","Adaptation+1","Halt+1","InnerPeace+1","MentalFortress+1","LessonLearned+1"],"relics":["PureWater","Gambling Chip","StrikeDummy","Lizard Tail","Mummified Hand","VioletLotus","Meat on the Bone","Sundial","Bag of Preparation","Prayer Wheel","Runic Pyramid","InkBottle","Anchor","Kunai","Old Coin","Potion Belt","Vajra","Bag of Marbles","Toy Ornithopter"],"acts_visited":["Exordium","TheCity","TheBeyond","TheEnding"],"potions_floor_usage":[56,56,56,56,56,56],"damage_taken":[{"damage":1.0,"enemies":"Cultist","floor":1.0,"turns":5.0},{"damage":0.0,"enemies":"Small Slimes","floor":2.0,"turns":2.0},{"damage":0.0,"enemies":"Jaw Worm","floor":3.0,"turns":3.0},{"damage":11.0,"enemies":"Exordium Thugs","floor":4.0,"turns":4.0},{"damage":0.0,"enemies":"3 Sentries","floor":7.0,"turns":3.0},{"damage":0.0,"enemies":"Large Slime","floor":8.0,"turns":3.0},{"damage":0.0,"enemies":"Gremlin Nob","floor":13.0,"turns":2.0},{"damage":2.0,"enemies":"Exordium Wildlife","floor":14.0,"turns":4.0},{"damage":36.0,"enemies":"The Guardian","floor":16.0,"turns":8.0},{"damage":0.0,"enemies":"3 Byrds","floor":18.0,"turns":2.0},{"damage":18.0,"enemies":"Shell Parasite","floor":21.0,"turns":4.0},{"damage":13.0,"enemies":"Centurion and Healer","floor":22.0,"turns":4.0},{"damage":13.0,"enemies":"Book of Stabbing","floor":23.0,"turns":3.0},{"damage":0.0,"enemies":"Snake Plant","floor":25.0,"turns":1.0},{"damage":20.0,"enemies":"Slavers","floor":28.0,"turns":5.0},{"damage":14.0,"enemies":"Shelled Parasite and Fungi","floor":30.0,"turns":2.0},{"damage":30.0,"enemies":"Automaton","floor":33.0,"turns":7.0},{"damage":0.0,"enemies":"3 Shapes","floor":35.0,"turns":2.0},{"damage":0.0,"enemies":"Orb Walker","floor":37.0,"turns":2.0},{"damage":0.0,"enemies":"Nemesis","floor":40.0,"turns":3.0},{"damage":7.0,"enemies":"Reptomancer","floor":42.0,"turns":5.0},{"damage":11.0,"enemies":"Nemesis","floor":44.0,"turns":3.0},{"damage":5.0,"enemies":"Transient","floor":45.0,"turns":6.0},{"damage":0.0,"enemies":"Mind Bloom Boss Battle","floor":46.0,"turns":3.0},{"damage":0.0,"enemies":"4 Shapes","floor":48.0,"turns":1.0},{"damage":0.0,"enemies":"Awakened One","floor":50.0,"turns":3.0},{"damage":14.0,"enemies":"Time Eater","floor":51.0,"turns":5.0},{"damage":0.0,"enemies":"Shield and Spear","floor":55.0,"turns":3.0},{"damage":32,"enemies":"The Heart","floor":56,"turns":6}],"seed_played":"8727196238659347869","potions_obtained":[{"floor":2.0,"key":"Dexterity Potion"},{"floor":3.0,"key":"CultistPotion"},{"floor":7.0,"key":"GamblersBrew"},{"floor":18.0,"key":"PowerPotion"},{"floor":22.0,"key":"PowerPotion"},{"floor":25.0,"key":"LiquidBronze"},{"floor":33.0,"key":"Explosive Potion"},{"floor":35.0,"key":"SmokeBomb"},{"floor":42.0,"key":"EntropicBrew"},{"floor":45.0,"key":"Swift Potion"},{"floor":55.0,"key":"Dexterity Potion"}],"is_trial":false,"path_per_floor":["M","M","M","M","?","R","E","M","T","R","?","?","E","M","R","B",null,"M","?","$","M","M","E","R","M","T","R","E","?","M","$","R","B",null,"M","?","M","?","$","E","R","E","T","E","M","?","$","M","R","B","B",null,"R","$","E","B",null],"character_chosen":"WATCHER","items_purchased":["MentalFortress","Potion Belt","Vajra","Bag of Marbles","SpeedPotion"],"campfire_rested":4,"item_purchase_floors":[20,47,54,54,54],"current_hp_per_floor":[60,60,60,49,66,66,66,66,66,66,62,51,51,49,49,13,50,50,50,50,32,19,6,24,36,36,36,28,28,26,26,44,26,53,53,53,53,53,53,53,53,46,46,35,30,30,30,30,47,47,33,53,59,59,59,37],"gold":33,"neow_bonus":"REMOVE_TWO","is_daily":false,"chose_seed":false,"campfire_upgraded":4,"win_rate":0.0,"timestamp":1613588233,"path_taken":["M","?","M","M","?","R","E","M","T","R","?","?","E","?","R","BOSS","M","?","$","M","M","E","R","M","T","R","E","?","M","$","R","BOSS","M","?","M","?","$","E","R","E","T","E","M","?","$","M","R","BOSS","BOSS","R","$","E","BOSS"],"items_purchased_type":["Card","Relic","Relic","Relic","Potion"],"build_version":"2020-12-22","purchased_purges":5,"victory":true,"max_hp_per_floor":[68,68,68,68,68,68,68,68,68,68,62,62,62,62,62,62,62,62,62,62,62,62,62,62,62,62,62,62,62,62,62,62,62,62,62,62,62,59,59,59,59,59,59,59,59,59,59,59,59,59,59,59,59,59,59,59],"card_choices":[{"not_picked":["EmptyBody","BowlingBash"],"picked":"SandsOfTime","floor":1.0},{"not_picked":["Weave","Crescendo","Consecrate"],"picked":"SKIP","floor":2.0},{"not_picked":["WreathOfFlame","Collect","Evaluate"],"picked":"SKIP","floor":3.0},{"not_picked":["Pray","Prostrate"],"picked":"Conclude","floor":4.0},{"not_picked":["FlurryOfBlows","DeceiveReality"],"picked":"Adaptation","floor":7.0},{"not_picked":["BowlingBash","SignatureMove","Crescendo"],"picked":"SKIP","floor":8.0},{"not_picked":["Weave","JustLucky"],"picked":"CrushJoints","floor":13.0},{"not_picked":["EmptyFist","Establishment"],"picked":"Adaptation","floor":14.0},{"not_picked":["PathToVictory","ReachHeaven"],"picked":"Halt","floor":18.0},{"not_picked":["CrushJoints","Vengeance","Nirvana"],"picked":"SKIP","floor":21.0},{"not_picked":["SashWhip","BowlingBash","Wallop+1"],"picked":"SKIP","floor":22.0},{"not_picked":["Collect","Conclude","Protect"],"picked":"SKIP","floor":23.0},{"not_picked":["SashWhip","BowlingBash","Worship"],"picked":"SKIP","floor":25.0},{"not_picked":["Pray","ThirdEye","Indignation+1"],"picked":"SKIP","floor":28.0},{"not_picked":["ClearTheMind","EmptyFist"],"picked":"LessonLearned","floor":30.0},{"not_picked":["WindmillStrike","ThirdEye+1","Protect"],"picked":"SKIP","floor":30.0},{"not_picked":["Protect+1","ClearTheMind+1","CrushJoints"],"picked":"SKIP","floor":35.0},{"not_picked":["FlurryOfBlows+1","EmptyBody","EmptyFist"],"picked":"SKIP","floor":35.0},{"not_picked":["CarveReality+1","Consecrate+1","FollowUp"],"picked":"SKIP","floor":37.0},{"not_picked":["InnerPeace","Evaluate+1","CrushJoints"],"picked":"SKIP","floor":37.0},{"not_picked":["WheelKick+1","Sanctity","CrushJoints"],"picked":"SKIP","floor":40.0},{"not_picked":["Prostrate","Crescendo+1","CrushJoints+1"],"picked":"SKIP","floor":42.0},{"not_picked":["Study","Consecrate","FollowUp"],"picked":"SKIP","floor":44.0},{"not_picked":["Halt","CrushJoints","Establishment"],"picked":"SKIP","floor":45.0},{"not_picked":["Consecrate","FearNoEvil+1","SashWhip"],"picked":"SKIP","floor":45.0},{"not_picked":["JustLucky","Devotion","ClearTheMind"],"picked":"SKIP","floor":48.0},{"not_picked":["ThirdEye","LikeWater","Adaptation"],"picked":"SKIP","floor":48.0},{"not_picked":["JustLucky+1","FlurryOfBlows","Wireheading"],"picked":"SKIP","floor":55.0}],"player_experience":2977615,"relics_obtained":[{"floor":7.0,"key":"Gambling Chip"},{"floor":9.0,"key":"StrikeDummy"},{"floor":13.0,"key":"Mummified Hand"},{"floor":23.0,"key":"Meat on the Bone"},{"floor":26.0,"key":"Sundial"},{"floor":28.0,"key":"Bag of Preparation"},{"floor":40.0,"key":"InkBottle"},{"floor":42.0,"key":"Anchor"},{"floor":44.0,"key":"Kunai"},{"floor":46.0,"key":"Old Coin"},{"floor":55.0,"key":"Toy Ornithopter"}],"event_choices":[{"damage_healed":17.0,"max_hp_gain":0.0,"max_hp_loss":0.0,"gold_gain":0.0,"event_name":"The Cleric","player_choice":"Healed","floor":5.0,"gold_loss":35.0,"damage_taken":0.0},{"damage_healed":0.0,"max_hp_gain":0.0,"max_hp_loss":6.0,"gold_gain":0.0,"event_name":"Golden Idol","player_choice":"Lose Max HP","floor":11.0,"gold_loss":0.0,"damage_taken":0.0,"relics_obtained":["Golden Idol"]},{"damage_healed":0.0,"max_hp_gain":0.0,"max_hp_loss":0.0,"gold_gain":0.0,"event_name":"Scrap Ooze","player_choice":"Success","floor":12.0,"gold_loss":0.0,"damage_taken":11.0,"relics_obtained":["Lizard Tail"]},{"damage_healed":0.0,"max_hp_gain":0.0,"max_hp_loss":0.0,"gold_gain":0.0,"event_name":"The Library","player_choice":"Read","floor":19.0,"gold_loss":0.0,"damage_taken":0.0,"cards_obtained":["InnerPeace"]},{"damage_healed":0.0,"max_hp_gain":0.0,"max_hp_loss":0.0,"gold_gain":0.0,"event_name":"Addict","player_choice":"Obtained Relic","floor":29.0,"gold_loss":85.0,"damage_taken":0.0,"relics_obtained":["Prayer Wheel"]},{"damage_healed":0.0,"max_hp_gain":0.0,"max_hp_loss":0.0,"gold_gain":333.0,"event_name":"The Moai Head","player_choice":"Gave Idol","floor":36.0,"relics_lost":["Golden Idol"],"gold_loss":0.0,"damage_taken":0.0},{"damage_healed":0.0,"max_hp_gain":0.0,"max_hp_loss":3.0,"gold_gain":0.0,"event_name":"Winding Halls","player_choice":"Max HP","floor":38.0,"gold_loss":0.0,"damage_taken":0.0},{"damage_healed":0.0,"max_hp_gain":0.0,"max_hp_loss":0.0,"gold_gain":0.0,"event_name":"MindBloom","player_choice":"Fight","floor":46.0,"gold_loss":0.0,"damage_taken":0.0}],"is_beta":false,"boss_relics":[{"not_picked":["Velvet Choker","Pandora\u0027s Box"],"picked":"VioletLotus"},{"not_picked":["Busted Crown","Snecko Eye"],"picked":"Runic Pyramid"}],"items_purged_floors":[20,31,39,47,54],"is_endless":false,"potions_floor_spawned":[2,3,7,14,18,22,25,33,35,42,45,55],"ascension_level":20}}