{"host":"eeb412nj2w7f9cz8","time":1613533797,"event":{"mods":["ATMod(°¢èªMod)","Act Like it!","BaseMod","Lobotomy","LobotomyExtend","Minty Spire (QoL Compilation)","StSLib"],"gold_per_floor":[109,129,141,152,77,77,97,97,97,97,113,113,133,145,145,244,244,263,279,290,304,321,331,350,275,327,75,87,421,421,421,421,519,519,529,541,593,893,379,379,379,406,406,406,406,106,117,117,117,117],"floor_reached":51,"language":"ZHS","playtime":6139,"items_purged":["Strike_R","Corruption","Bash","Mercenary"],"score":795,"play_id":"01fec32a-d456-40de-a3ab-f0e11e605a7b","local_time":"20210217114957","is_ascension_mode":false,"campfire_choices":[{"data":"AT_ChampionKick","floor":6.0,"key":"SMITH"},{"data":"AT_ShrugMaster","floor":8.0,"key":"SMITH"},{"data":"Armaments","floor":12.0,"key":"SMITH"},{"data":"AT_ShrugMaster","floor":15.0,"key":"SMITH"},{"data":"Armaments","floor":30.0,"key":"SMITH"},{"data":"AT_Dispersion","floor":32.0,"key":"SMITH"},{"data":"AT_LightSaberMaster","floor":41.0,"key":"SMITH"},{"data":"Feel No Pain","floor":45.0,"key":"SMITH"},{"data":"Brutality","floor":49.0,"key":"SMITH"}],"circlet_count":0,"master_deck":["BlueStar","LongBird","ApocalypseBird","PunishingBird","BigBird","BodiesMountain","AT_ChampionKick+1","WallGazer","AT_ShrugMaster+1","DreamingCurrent","AT_ShrugMaster+1","AT_IchimonjiDouble","RedShoes","Armaments+1","Limit Break","AT_Dispersion+1","Evolve+1","Armaments+1","Seeing Red","Heavy Blade","AT_ShrugMaster","Feel No Pain+1","Reckless Charge","Warcry","Warcry","Sentinel","AT_BodySlamDance+1","Brutality+1","AT_BodySlamDance+1","Rupture","AT_LightSaberMaster+1"],"relics":["Burning Blood","AT_ATBox","CogitoBucket","RabbitCall","LetterFromLob","SwordSharpenedByTears_r","Odd Mushroom","SkinProphecy","Pandora\u0027s Box","HellTrain","SolemnVow_r","AspirationHeart","Bag of Preparation","Orrery","TheSmile_r","WantedRequest","Old Coin","LaetitiaHeart","Lamp_r","ShedSkin_r","MagicBullet_r","AT_TrinityForce","AT_LudenTempest","Toolbox","Ancient Tea Set","AT_RedNoBalance","Eternal Feather","Sling","Twilight","Justitia_r","SoundOfStar_r"],"acts_visited":["Exordium","TheCity","TheBeyond"],"potions_floor_usage":[],"damage_taken":[{"damage":6.0,"enemies":"Cultist","floor":1.0,"turns":3.0},{"damage":11.0,"enemies":"Small Slimes","floor":2.0,"turns":4.0},{"damage":27.0,"enemies":"2 Louse","floor":3.0,"turns":4.0},{"damage":161.0,"enemies":"Gremlin Gang","floor":4.0,"turns":25.0},{"damage":34.0,"enemies":"The Mushroom Lair","floor":7.0,"turns":15.0},{"damage":31.0,"enemies":"2 Fungi Beasts","floor":11.0,"turns":14.0},{"damage":20.0,"enemies":"Blue Slaver","floor":13.0,"turns":6.0},{"damage":17.0,"enemies":"Looter","floor":14.0,"turns":3.0},{"damage":50.0,"enemies":"Hexaghost","floor":16.0,"turns":9.0},{"damage":9.0,"enemies":"Spheric Guardian","floor":18.0,"turns":5.0},{"damage":80.0,"enemies":"Shell Parasite","floor":19.0,"turns":12.0},{"damage":48.0,"enemies":"Chosen and Byrds","floor":20.0,"turns":5.0},{"damage":62.0,"enemies":"Centurion and Healer","floor":21.0,"turns":9.0},{"damage":12.0,"enemies":"3 Cultists","floor":22.0,"turns":5.0},{"damage":19.0,"enemies":"Sentry and Sphere","floor":23.0,"turns":5.0},{"damage":32.0,"enemies":"Chosen and Byrds","floor":24.0,"turns":15.0},{"damage":12.0,"enemies":"Snecko","floor":28.0,"turns":6.0},{"damage":31.0,"enemies":"Gremlin Leader","floor":29.0,"turns":5.0},{"damage":75.0,"enemies":"Book of Stabbing","floor":31.0,"turns":5.0},{"damage":14.0,"enemies":"Book of Stabbing","floor":31.0,"turns":2.0},{"damage":15.0,"enemies":"Book of Stabbing","floor":31.0,"turns":3.0},{"damage":10.0,"enemies":"Automaton","floor":33.0,"turns":4.0},{"damage":33.0,"enemies":"3 Shapes","floor":35.0,"turns":4.0},{"damage":13.0,"enemies":"Orb Walker","floor":36.0,"turns":3.0},{"damage":21.0,"enemies":"2 Orb Walkers","floor":37.0,"turns":3.0},{"damage":2.0,"enemies":"3 Darklings","floor":40.0,"turns":1.0},{"damage":36.0,"enemies":"Nemesis","floor":42.0,"turns":4.0},{"damage":20.0,"enemies":"Jaw Worm Horde","floor":44.0,"turns":1.0},{"damage":17.0,"enemies":"Sphere and 2 Shapes","floor":47.0,"turns":3.0},{"damage":32.0,"enemies":"Maw","floor":48.0,"turns":3.0},{"damage":67,"enemies":"FixerMidnight","floor":50,"turns":3},{"damage":10,"enemies":"Malkuth","floor":51,"turns":3}],"seed_played":"6108062069471644849","potions_obtained":[{"floor":1.0,"key":"ElixirPotion"},{"floor":2.0,"key":"DuplicationPotion"},{"floor":11.0,"key":"SkillPotion"},{"floor":18.0,"key":"LiquidMemories"},{"floor":22.0,"key":"AttackPotion"},{"floor":24.0,"key":"Fruit Juice"},{"floor":28.0,"key":"DistilledChaos"},{"floor":29.0,"key":"LiquidBronze"},{"floor":35.0,"key":"ColorlessPotion"},{"floor":42.0,"key":"Energy Potion"},{"floor":47.0,"key":"FairyPotion"}],"is_trial":false,"path_per_floor":["M","M","M","M","$","R","?","R","T","?","M","R","M","M","R","B",null,"M","M","M","M","M","M","M","?","T","$","M","E","R","E","R","B",null,"M","M","?","?","$","M","R","E","T","M","R","$","M","M","R","B",null],"character_chosen":"IRONCLAD","items_purchased":["Orrery","Toolbox","Ancient Tea Set","AT_LightSaberMaster","Sling"],"campfire_rested":0,"item_purchase_floors":[27,39,39,39,46],"current_hp_per_floor":[80,75,77,14,14,14,76,76,76,76,80,80,82,79,79,67,86,88,78,68,60,81,87,119,119,119,119,121,104,104,78,78,103,131,123,135,133,133,133,69,69,62,62,20,36,36,23,16,34,21],"gold":117,"neow_bonus":"","is_daily":false,"chose_seed":false,"campfire_upgraded":9,"win_rate":0.0,"timestamp":1613533797,"path_taken":["M","M","M","M","?","R","?","R","T","?","M","R","M","M","R","BOSS","M","?","M","M","M","M","M","?","T","$","M","E","R","E","R","BOSS","M","M","?","?","$","M","M","E","T","M","E","$","M","M","R","BOSS"],"items_purchased_type":["Relic","Relic","Relic","Card","Relic"],"build_version":"2020-12-22","purchased_purges":4,"victory":true,"max_hp_per_floor":[80,80,80,80,80,80,80,80,80,80,80,80,82,84,84,86,86,88,92,94,96,98,100,119,119,119,119,121,123,123,129,129,131,131,133,135,137,137,137,69,69,71,71,36,36,36,38,40,40,42],"card_choices":[{"not_picked":["Murderer","Bloodbath"],"picked":"WallGazer","floor":1.0},{"not_picked":["Iron Wave","Sword Boomerang"],"picked":"AT_ShrugMaster","floor":1.0},{"not_picked":["UniverseFragment","BeautyBeast","VoidDream"],"picked":"Singing Bowl","floor":2.0},{"not_picked":["MeatLantern","ShyLook"],"picked":"DreamingCurrent","floor":2.0},{"not_picked":["AT_BodySlamDance","Inflame"],"picked":"AT_ShrugMaster","floor":2.0},{"not_picked":["MeatLantern","ShyLook"],"picked":"DespairKnight","floor":3.0},{"not_picked":["Flame Barrier","Havoc","Clash"],"picked":"SKIP","floor":3.0},{"not_picked":["QueenBee","CherryBlossoms","Murderer"],"picked":"Singing Bowl","floor":4.0},{"not_picked":["Headbutt","Clothesline","Thunderclap"],"picked":"SKIP","floor":4.0},{"not_picked":["LittleHelper","UniverseFragment"],"picked":"PunishingBird","floor":7.0},{"not_picked":["Rage","Clothesline"],"picked":"AT_IchimonjiDouble","floor":7.0},{"not_picked":["Murderer","UniverseFragment"],"picked":"RedShoes","floor":11.0},{"not_picked":["Shrug It Off","Heavy Blade"],"picked":"Armaments","floor":11.0},{"not_picked":["SpiderBud","OldLady","CrumblingArmor"],"picked":"Singing Bowl","floor":13.0},{"not_picked":["NakedNest","UniverseFragment"],"picked":"SingingMachine","floor":13.0},{"not_picked":["Cleave","Exhume","Armaments"],"picked":"SKIP","floor":13.0},{"not_picked":["VoidDream","WhiteNight"],"picked":"QueenOfHatred","floor":14.0},{"not_picked":["Warcry","Body Slam","Cleave"],"picked":"SKIP","floor":14.0},{"not_picked":["HeroicMonk","VoidDream"],"picked":"Mercenary","floor":16.0},{"not_picked":["Double Tap","Offering"],"picked":"Limit Break","floor":16.0},{"not_picked":["LittleHelper","NothingThere","Laetitia"],"picked":"Singing Bowl","floor":18.0},{"not_picked":["Intimidate","Cleave","AT_ManFootWork"],"picked":"SKIP","floor":18.0},{"not_picked":["Scorched","HeroicMonk","Wellcheers"],"picked":"Singing Bowl","floor":19.0},{"not_picked":["AT_DrawKnifeCut+1","Feed"],"picked":"Heavy Blade","floor":19.0},{"not_picked":["HeroicMonk","VoidDream"],"picked":"Funeral","floor":20.0},{"not_picked":["Dual Wield+1","AT_IchimonjiDouble","Clothesline"],"picked":"SKIP","floor":20.0},{"not_picked":["OldLady","WhiteNight","GalaxyChild"],"picked":"Singing Bowl","floor":21.0},{"not_picked":["Metallicize","Clash"],"picked":"AT_ShrugMaster","floor":21.0},{"not_picked":["WhitesApple","CherryBlossoms","BlackSwan"],"picked":"Singing Bowl","floor":22.0},{"not_picked":["AT_GerminateFire+1","Perfected Strike+1","Armaments"],"picked":"SKIP","floor":22.0},{"not_picked":["VoidDream","Murderer","MHz"],"picked":"Singing Bowl","floor":23.0},{"not_picked":["Flame Barrier","Ghostly Armor","AT_DrawKnifeCut"],"picked":"SKIP","floor":23.0},{"not_picked":["OldLady","WhiteNight"],"picked":"BodiesMountain","floor":24.0},{"not_picked":["Pommel Strike","Impervious","Sword Boomerang"],"picked":"SKIP","floor":24.0},{"not_picked":["Clash","Flex"],"picked":"Feel No Pain","floor":27.0},{"not_picked":["Iron Wave+1","Clothesline"],"picked":"Reckless Charge","floor":27.0},{"not_picked":["Armaments+1","Twin Strike"],"picked":"Warcry","floor":27.0},{"not_picked":["Havoc","Sword Boomerang+1"],"picked":"Warcry","floor":27.0},{"not_picked":["Flame Barrier","Shrug It Off"],"picked":"Sentinel","floor":27.0},{"not_picked":["Dark Embrace","Hemokinesis"],"picked":"AT_BodySlamDance+1","floor":28.0},{"not_picked":["BlackSwan","FieryBird","SnowQueen"],"picked":"Singing Bowl","floor":28.0},{"not_picked":["FairyFestival","WhitesApple"],"picked":"BigBird","floor":29.0},{"not_picked":["AT_ManFootWork","Hemokinesis","AT_ShrugMaster"],"picked":"SKIP","floor":29.0},{"not_picked":["Porccubus","SilentOrchestra","CherryBlossoms"],"picked":"Singing Bowl","floor":33.0},{"not_picked":["Bludgeon","Impervious"],"picked":"Brutality","floor":33.0},{"not_picked":["NakedNest","FairyFestival","QueenOfHatred"],"picked":"Singing Bowl","floor":35.0},{"not_picked":["Armaments+1","Body Slam","Spot Weakness"],"picked":"SKIP","floor":35.0},{"not_picked":["Yin","LittleHelper","Murderer"],"picked":"Singing Bowl","floor":36.0},{"not_picked":["Headbutt","Power Through+1"],"picked":"AT_BodySlamDance+1","floor":36.0},{"not_picked":["Wellcheers","UniverseFragment","HeroicMonk"],"picked":"Singing Bowl","floor":37.0},{"not_picked":["AT_IchimonjiDouble+1","Sever Soul+1"],"picked":"Rupture","floor":37.0},{"not_picked":["Freischutz","GalaxyChild"],"picked":"BlueStar","floor":42.0},{"not_picked":["Impervious","Fire Breathing+1","Entrench"],"picked":"SKIP","floor":42.0},{"not_picked":["WhitesApple","CherryBlossoms","QueenBee"],"picked":"Singing Bowl","floor":47.0},{"not_picked":["WhiteNight","WhitesApple"],"picked":"LongBird","floor":47.0},{"not_picked":["Body Slam","Sever Soul","True Grit+1"],"picked":"SKIP","floor":47.0},{"not_picked":["HappyTeddy","Funeral","BeautyBeast"],"picked":"Singing Bowl","floor":48.0}],"player_experience":209745,"relics_obtained":[{"floor":1.0,"key":"LetterFromLob"},{"floor":7.0,"key":"Odd Mushroom"},{"floor":26.0,"key":"Bag of Preparation"},{"floor":29.0,"key":"Old Coin"},{"floor":37.0,"key":"AT_LudenTempest"},{"floor":42.0,"key":"AT_SilverBalance"},{"floor":43.0,"key":"Eternal Feather"},{"floor":48.0,"key":"Twilight"}],"event_choices":[{"damage_healed":0.0,"max_hp_gain":0.0,"max_hp_loss":0.0,"gold_gain":0.0,"event_name":"Mushrooms","player_choice":"Fought Mushrooms","floor":7.0,"gold_loss":0.0,"damage_taken":0.0},{"damage_healed":0.0,"max_hp_gain":0.0,"max_hp_loss":0.0,"gold_gain":0.0,"event_name":"The Woman in Blue","player_choice":"Bought 0 Potions","floor":10.0,"gold_loss":0.0,"damage_taken":0.0},{"cards_removed":["SingingMachine"],"damage_healed":0.0,"max_hp_gain":0.0,"max_hp_loss":0.0,"gold_gain":0.0,"event_name":"Beggar","player_choice":"Gave Gold","floor":25.0,"gold_loss":75.0,"damage_taken":0.0},{"damage_healed":0.0,"max_hp_gain":0.0,"max_hp_loss":0.0,"gold_gain":0.0,"event_name":"Mysterious Sphere","player_choice":"Fight","floor":37.0,"gold_loss":0.0,"damage_taken":0.0},{"damage_healed":0.0,"max_hp_gain":0.0,"max_hp_loss":0.0,"gold_gain":300.0,"event_name":"Wheel of Change","player_choice":"Gold","floor":38.0,"gold_loss":0.0,"damage_taken":0.0}],"is_beta":false,"boss_relics":[{"not_picked":["Black Star","Mark of Pain"],"picked":"Pandora\u0027s Box"},{"not_picked":["Cursed Key","Sozu"],"picked":"AT_TrinityForce"}],"items_purged_floors":[5,27,39,46],"is_endless":false,"potions_floor_spawned":[1,2,11,18,22,24,28,29,31,35,42,47],"ascension_level":0}}