{"host":"7rmsgc3rayi00cdt","time":1613584631,"event":{"mods":["BaseMod","Minty Spire (QoL Compilation)"],"gold_per_floor":[117,117,130,142,155,183,194,194,194,210,240,259,68,68,68,68,68],"floor_reached":16,"language":"ENG","playtime":763,"items_purged":[],"score":190,"play_id":"62bdc795-1608-424e-a964-52d69e7c32f9","local_time":"20210217175711","is_ascension_mode":true,"campfire_choices":[{"floor":8,"key":"REST"},{"floor":15,"key":"REST"}],"circlet_count":0,"master_deck":["Strike_R","Strike_R","Strike_R","Strike_R","Strike_R","Defend_R","Defend_R","Defend_R","Defend_R","Bash","Doubt","Twin Strike","Headbutt","Dropkick","Dropkick","Power Through","True Grit","Shrug It Off","Reckless Charge","Injury"],"relics":["Burning Blood","Unceasing Top","Bag of Preparation","Art of War","Bottled Flame","Bag of Marbles","Golden Idol"],"acts_visited":["Exordium"],"potions_floor_usage":[6,16,16],"damage_taken":[{"damage":7,"enemies":"2 Louse","floor":1,"turns":4},{"damage":10,"enemies":"Cultist","floor":3,"turns":5},{"damage":1,"enemies":"Small Slimes","floor":4,"turns":4},{"damage":6,"enemies":"2 Fungi Beasts","floor":5,"turns":4},{"damage":30,"enemies":"Lagavulin","floor":6,"turns":5},{"damage":12,"enemies":"3 Louse","floor":7,"turns":4},{"damage":24,"enemies":"Large Slime","floor":10,"turns":7},{"damage":23,"enemies":"3 Sentries","floor":11,"turns":12},{"damage":30,"enemies":"Gremlin Gang","floor":12,"turns":9},{"damage":55,"enemies":"Slime Boss","floor":16,"turns":10}],"seed_played":"7695989003203294934","potions_obtained":[{"floor":5,"key":"BlessingOfTheForge"},{"floor":6,"key":"Energy Potion"},{"floor":11,"key":"SteroidPotion"},{"floor":12,"key":"ColorlessPotion"}],"is_trial":false,"path_per_floor":["M","?","M","M","M","E","M","R","T","M","E","M","$","?","R","B"],"character_chosen":"IRONCLAD","items_purchased":["Bag of Marbles","Reckless Charge"],"campfire_rested":2,"item_purchase_floors":[13,13],"current_hp_per_floor":[87,87,83,88,88,64,58,86,86,68,51,27,27,27,55,0,0],"gold":68,"neow_bonus":"TWENTY_PERCENT_HP_BONUS","is_daily":false,"chose_seed":false,"campfire_upgraded":0,"win_rate":0.0,"timestamp":1613584631,"path_taken":["M","?","?","M","M","E","M","R","T","M","E","M","$","?","R","BOSS"],"items_purchased_type":["Relic","Card"],"build_version":"2020-12-22","purchased_purges":0,"victory":false,"max_hp_per_floor":[96,96,96,96,96,96,96,96,96,96,96,96,96,96,96,96,96],"card_choices":[{"not_picked":["Armaments","Havoc"],"picked":"Pommel Strike","floor":1},{"not_picked":["Perfected Strike","Carnage"],"picked":"Twin Strike","floor":3},{"not_picked":["Clash","Heavy Blade"],"picked":"Headbutt","floor":4},{"not_picked":["Havoc","Burning Pact"],"picked":"Dropkick","floor":5},{"not_picked":["Burning Pact","Spot Weakness"],"picked":"Dropkick","floor":6},{"not_picked":["Havoc","Entrench"],"picked":"Power Through","floor":7},{"not_picked":["Clash","Shockwave"],"picked":"True Grit","floor":10},{"not_picked":["Combust","Whirlwind","Juggernaut"],"picked":"SKIP","floor":11},{"not_picked":["Heavy Blade","Anger"],"picked":"Shrug It Off","floor":12}],"player_experience":820415,"relics_obtained":[{"floor":6,"key":"Bag of Preparation"},{"floor":9,"key":"Art of War"},{"floor":11,"key":"Bottled Flame"}],"event_choices":[{"cards_removed":["Pommel Strike"],"damage_healed":0,"gold_gain":0,"player_choice":"Gave Card","damage_taken":0,"relics_obtained":["Unceasing Top"],"max_hp_gain":0,"max_hp_loss":0,"event_name":"WeMeetAgain","floor":2,"gold_loss":0},{"damage_healed":0,"gold_gain":0,"player_choice":"Take Wound","damage_taken":0,"relics_obtained":["Golden Idol"],"max_hp_gain":0,"max_hp_loss":0,"event_name":"Golden Idol","floor":14,"gold_loss":0,"cards_obtained":["Injury"]}],"is_beta":false,"boss_relics":[],"items_purged_floors":[],"is_endless":false,"potions_floor_spawned":[5,6,11,12],"killed_by":"Slime Boss","ascension_level":9}}