{"host":"0k7350af1t8odskw","time":1613528446,"event":{"mods":["AchievementEnabler","BaseMod","Better Vampires","BetterRewards","Colored Map","Downfall","Highlight Path","Hubris","Lobotomy","Marisa£®ÏF”Í°°ƒß¿Ì…≥£©","Minty Spire (QoL Compilation)","Quick Restart","Replay The Spire","Shop Mod","StSLib","The Administrix","The Death Knight","The Runesmith","Youmu£®ªÍ∆«—˝√Œ£©"],"gold_per_floor":[117,132,132,132,150,150,150,150,150,150,164,164,180,280,280,379,379,389,435,635,630,322,328,328],"floor_reached":23,"language":"ZHS","playtime":714,"items_purged":[],"score":321,"play_id":"113d4157-4e50-49a1-9b9c-5ef91080c5b5","local_time":"20210216182046","is_ascension_mode":true,"campfire_choices":[{"data":"Accuracy","floor":6,"key":"SMITH"},{"data":"Endless Agony","floor":8,"key":"SMITH"},{"data":"ReplayTheSpireMod:Scrap Shanks","floor":10,"key":"SMITH"},{"data":"ReplayTheSpireMod:Scrap Shanks","floor":12,"key":"SMITH"},{"floor":15,"key":"REST"}],"circlet_count":0,"master_deck":["Strike_G","Strike_G","Strike_G","Defend_G","Defend_G","Survivor","Neutralize","Accuracy+1","Endless Agony+1","ReplayTheSpireMod:Scrap Shanks+1","PiercingWail","Bane+1","ReplayTheSpireMod:Scrap Shanks+1","ReplayTheSpireMod:Tripwire","hubris:SlightOfHand","Night Terror","Hallucinations","hubris:Lust","Blade Dance","Dodge and Roll+1","Accuracy","Prepared","All Out Attack"],"relics":["Ring of the Snake","hubris:Towel","Basket Of Snakes","Kintsugi","Replay:Bandana","Strange Spoon"],"acts_visited":["Exordium","TheCity"],"potions_floor_usage":[16,23,23],"damage_taken":[{"damage":2,"enemies":"Jaw Worm","floor":1,"turns":5},{"damage":0,"enemies":"2 Louse","floor":2,"turns":2},{"damage":4,"enemies":"Small Slimes","floor":5,"turns":3},{"damage":7,"enemies":"Red Slaver","floor":11,"turns":6},{"damage":26,"enemies":"Exordium Wildlife","floor":13,"turns":5},{"damage":28,"enemies":"Hexaghost","floor":16,"turns":12},{"damage":30,"enemies":"3 Byrds","floor":18,"turns":7},{"damage":27,"enemies":"2 Thieves","floor":21,"turns":5},{"damage":9,"enemies":"Slavers","floor":23,"turns":1}],"seed_played":"-8924641530735647112","potions_obtained":[{"floor":5,"key":"Venom Potion"},{"floor":11,"key":"Dexterity Potion"},{"floor":16,"key":"Fire Potion"}],"is_trial":false,"path_per_floor":["M","M","?","?","M","R","?","R","T","R","M","R","M","?","R","B",null,"M","T","?","M","$","E"],"character_chosen":"THE_SILENT","items_purchased":["Accuracy","Endless Agony","Cloak And Dagger","Accuracy","Prepared","All Out Attack","Strange Spoon"],"campfire_rested":1,"item_purchase_floors":[0,0,0,22,22,22,22],"current_hp_per_floor":[62,62,62,62,58,58,58,58,58,58,51,51,25,25,46,18,70,40,40,40,13,13,4,4],"gold":328,"neow_bonus":"","is_daily":false,"chose_seed":false,"campfire_upgraded":4,"win_rate":0.0,"timestamp":1613528446,"path_taken":["M","M","?","?","M","R","?","R","T","R","M","R","M","?","R","BOSS","M","?","?","?","$","E"],"items_purchased_type":["Card","Card","Card","Card","Card","Card","Relic"],"build_version":"2020-12-22","purchased_purges":0,"victory":false,"max_hp_per_floor":[70,70,70,70,70,70,70,70,70,70,70,70,70,70,70,70,70,70,70,70,70,70,70,70],"card_choices":[{"not_picked":["Flying Knee","Quick Slash"],"picked":"ReplayTheSpireMod:Scrap Shanks","floor":1},{"not_picked":["hubris:TrickCloak","Flying Knee"],"picked":"PiercingWail","floor":2},{"not_picked":["Sucker Punch","Poisoned Stab"],"picked":"ReplayTheSpireMod:Scrap Shanks","floor":5},{"not_picked":["Poisoned Stab","ReplayTheSpireMod:Exploit Weakness"],"picked":"ReplayTheSpireMod:Tripwire","floor":11},{"not_picked":["Dagger Spray","Deflect"],"picked":"hubris:SlightOfHand","floor":13},{"not_picked":["Wraith Form v2","Unload"],"picked":"Night Terror","floor":16},{"not_picked":["Prepared","Dodge and Roll"],"picked":"Blade Dance","floor":18},{"not_picked":["Finisher","hubris:TrickCloak+1"],"picked":"Dodge and Roll+1","floor":21}],"player_experience":171637,"relics_obtained":[{"floor":9,"key":"Basket Of Snakes"},{"floor":19,"key":"Replay:Bandana"}],"event_choices":[{"damage_healed":0,"gold_gain":100,"player_choice":"Pray","damage_taken":0,"max_hp_gain":0,"max_hp_loss":0,"event_name":"Golden Shrine","floor":14,"gold_loss":0},{"damage_healed":0,"gold_gain":250,"player_choice":"Bet on Owner","damage_taken":0,"max_hp_gain":0,"max_hp_loss":0,"event_name":"The Joust","floor":20,"gold_loss":50}],"is_beta":false,"boss_relics":[{"not_picked":["hubris:Backtick","hubris:HollowSoul"],"picked":"Kintsugi"}],"items_purged_floors":[],"is_endless":false,"potions_floor_spawned":[5,11,16],"killed_by":"Slavers","ascension_level":3}}