{"host":"nia1zwr35jsu5y7h","time":1613529389,"event":{"mods":["2.2 Compatiblity","Abigail Mod","Bard","BaseMod","Colored Map","Conspire","Downfall","Friendly Minions","Hermit","Highlight Path","Hubris","Infinite Spire","Kiyohime????","Koishi","Marisa????????","Minty Spire (QoL Compilation)","Quick Restart","Replay The Spire","Shade Mod","Shop Mod","StSLib","The Animator","The Construct","The Cursed","The Disciple","The Mystic","The Necromancer","The Servant 0.9.4"],"gold_per_floor":[118,118,118,136,150,150,183,183,183,183,183],"floor_reached":10,"language":"ENG","playtime":366,"items_purged":[],"score":182,"play_id":"725b0a11-c79c-4669-8193-c2fb251c825b","local_time":"20210216183629","is_ascension_mode":true,"campfire_choices":[{"data":"mysticmod:Grapple","floor":6,"key":"SMITH"},{"floor":8,"key":"REST"}],"circlet_count":0,"master_deck":["AscendersBane","conspire:GhostlyStrike","conspire:GhostlyStrike","conspire:GhostlyStrike","conspire:GhostlyStrike","conspire:GhostlyDefend","conspire:GhostlyDefend","conspire:GhostlyDefend","conspire:GhostlyDefend","mysticmod:ArcaneDodge","mysticmod:ShockingGrasp","mysticmod:Grapple+1","mysticmod:ComboCaster","mysticmod:ComboCaster","mysticmod:MightyMagic"],"relics":["mysticmod:SpellBook","NeowsBlessing","Chameleon Ring","hubris:SphereOfDissonance"],"acts_visited":["Exordium"],"potions_floor_usage":[10,10],"damage_taken":[{"damage":0.0,"enemies":"Jaw Worm","floor":1.0,"turns":1.0},{"damage":0,"enemies":"2 Louse","floor":4,"turns":1},{"damage":0,"enemies":"Cultist","floor":5,"turns":1},{"damage":54,"enemies":"3 Sentries","floor":7,"turns":16},{"damage":4,"enemies":"Gremlin Nob","floor":10,"turns":4}],"seed_played":"-7090900203735290281","potions_obtained":[{"floor":4,"key":"bronze:BurnAndBuffPotion"},{"floor":7,"key":"champ:CounterPotion"}],"is_trial":false,"path_per_floor":["M","?","?","M","M","R","E","R","T","E"],"character_chosen":"MYSTIC_CLASS","items_purchased":[],"campfire_rested":1,"item_purchase_floors":[],"current_hp_per_floor":[65,65,65,65,65,65,11,32,32,28,28],"gold":183,"neow_bonus":"THREE_ENEMY_KILL","is_daily":false,"chose_seed":false,"campfire_upgraded":1,"win_rate":0.0,"timestamp":1613529389,"path_taken":["M","?","?","M","?","R","E","R","T","E"],"items_purchased_type":[],"build_version":"2020-12-22","purchased_purges":0,"victory":false,"max_hp_per_floor":[72,72,72,72,72,72,72,72,72,72,72],"card_choices":[{"not_picked":["mysticmod:PowerAttack","mysticmod:AllIn"],"picked":"mysticmod:Grapple","floor":1.0},{"not_picked":["mysticmod:CureLightWounds","mysticmod:HunkerDown"],"picked":"mysticmod:ComboCaster","floor":4},{"not_picked":["mysticmod:CorrosiveTouch","mysticmod:ComponentsPouch"],"picked":"mysticmod:ComboCaster","floor":5},{"not_picked":["mysticmod:EarthenWall","mysticmod:KeenEdge"],"picked":"mysticmod:MightyMagic","floor":7}],"player_experience":2202180,"relics_obtained":[{"floor":7,"key":"Chameleon Ring"},{"floor":9,"key":"hubris:SphereOfDissonance"}],"event_choices":[{"damage_healed":0.0,"max_hp_gain":0.0,"max_hp_loss":0.0,"gold_gain":0.0,"event_name":"conspire:LoneGhost","player_choice":"Agree","floor":2.0,"gold_loss":0.0,"damage_taken":0.0},{"damage_healed":0,"gold_gain":0,"player_choice":"Leave","damage_taken":0,"max_hp_gain":0,"max_hp_loss":0,"event_name":"The Cleric","floor":3,"gold_loss":0}],"is_beta":false,"boss_relics":[],"items_purged_floors":[],"is_endless":false,"potions_floor_spawned":[4,7],"killed_by":"Gremlin Nob","ascension_level":20}}