{"host":"n6qxj7a4gnapjcui","time":1613587678,"event":{"mods":["2.2 Compatiblity","AchievementEnabler","BaseMod","Colored Map","Minty Spire (QoL Compilation)"],"gold_per_floor":[214,226,240,260,260,260,260,260],"floor_reached":7,"language":"POL","playtime":334,"items_purged":[],"score":65,"play_id":"5f491395-c35a-4499-800d-6dd8c299e81c","local_time":"20210217194758","is_ascension_mode":true,"campfire_choices":[{"data":"Uppercut","floor":6.0,"key":"SMITH"}],"circlet_count":0,"master_deck":["AscendersBane","Strike_R","Strike_R","Strike_R","Strike_R","Strike_R","Defend_R","Defend_R","Defend_R","Defend_R","Bash","Thunderclap","Warcry","Uppercut+1","Carnage"],"relics":["Burning Blood","Matryoshka"],"acts_visited":["Exordium"],"potions_floor_usage":[],"damage_taken":[{"damage":8.0,"enemies":"2 Louse","floor":1.0,"turns":3.0},{"damage":6.0,"enemies":"Cultist","floor":2.0,"turns":3.0},{"damage":8.0,"enemies":"Jaw Worm","floor":3.0,"turns":4.0},{"damage":40.0,"enemies":"Lots of Slimes","floor":4.0,"turns":6.0},{"damage":34,"enemies":"3 Sentries","floor":7,"turns":5}],"seed_played":"8297453920860733615","potions_obtained":[{"floor":1.0,"key":"Ancient Potion"},{"floor":3.0,"key":"Ancient Potion"},{"floor":4.0,"key":"FearPotion"}],"is_trial":false,"path_per_floor":["M","M","M","M","?","R","E"],"character_chosen":"IRONCLAD","items_purchased":[],"campfire_rested":0,"item_purchase_floors":[],"current_hp_per_floor":[70,70,68,34,34,34,0,0],"gold":260,"neow_bonus":"HUNDRED_GOLD","is_daily":false,"chose_seed":false,"campfire_upgraded":1,"win_rate":0.0,"timestamp":1613587678,"path_taken":["M","M","M","M","?","R","E"],"items_purchased_type":[],"build_version":"2020-12-22","purchased_purges":0,"victory":false,"max_hp_per_floor":[80,80,80,80,80,80,80,80],"card_choices":[{"not_picked":["Havoc","Wild Strike"],"picked":"Thunderclap","floor":1.0},{"not_picked":["Thunderclap","Blood for Blood"],"picked":"Warcry","floor":2.0},{"not_picked":["Heavy Blade","Twin Strike"],"picked":"Uppercut","floor":3.0},{"not_picked":["Sever Soul","Intimidate"],"picked":"Carnage","floor":4.0}],"player_experience":331814,"relics_obtained":[],"event_choices":[{"damage_healed":0.0,"max_hp_gain":0.0,"max_hp_loss":0.0,"gold_gain":0.0,"event_name":"WeMeetAgain","player_choice":"Gave Potion","floor":5.0,"gold_loss":0.0,"damage_taken":0.0,"relics_obtained":["Matryoshka"]}],"is_beta":false,"boss_relics":[],"items_purged_floors":[],"is_endless":false,"potions_floor_spawned":[1,3,4],"killed_by":"3 Sentries","ascension_level":10}}