{"host":"vyjryxuuuxkt43k4","time":1613536184,"event":{"mods":["AchievementEnabler","BaseMod","Colored Map","DeckTracker","Keyboard Shortcuts","Minty Spire (QoL Compilation)","Permanent Neow","Quick Restart","StSLib","SuperFastMode","everything is the same but u backflip on backflip"],"gold_per_floor":[11,26,26,44,44,44,80,98,144,144,168,168,0,19,19,115,115,135,148,172,172,186,186,217,62,62,100,116,149,149,173,173,263,263,279,279,292,315,155,155,155,180,180,180,214,174,194,225,225,225,225],"floor_reached":50,"language":"KOR","playtime":2513,"items_purged":["Strike_R"],"score":1228,"play_id":"4243d2dc-78bc-4dfa-a470-9b9a2d442ed9","local_time":"20210217132944","is_ascension_mode":true,"campfire_choices":[{"data":"Dark Embrace","floor":6.0,"key":"SMITH"},{"data":"Bash","floor":10.0,"key":"SMITH"},{"data":"Body Slam","floor":12.0,"key":"SMITH"},{"data":"Feed","floor":15.0,"key":"SMITH"},{"data":"Immolate","floor":23.0,"key":"SMITH"},{"data":"Power Through","floor":30.0,"key":"SMITH"},{"data":"Shrug It Off","floor":32.0,"key":"SMITH"},{"data":"Disarm","floor":40.0,"key":"SMITH"},{"floor":44.0,"key":"RECALL"},{"data":"Battle Trance","floor":49.0,"key":"SMITH"}],"circlet_count":0,"master_deck":["AscendersBane","Defend_R","Defend_R","Defend_R","Defend_R","Bash+1","Corruption+1","Dark Embrace+1","Pummel","Feed+1","Body Slam+1","Headbutt","Immolate+1","Infernal Blade+1","Shrug It Off+1","Impervious","Power Through+1","Body Slam+1","Barricade","Disarm+1","Shrug It Off","True Grit+1","Battle Trance+1"],"relics":["Burning Blood","Golden Idol","Bottled Flame","Nunchaku","TheAbacus","Snecko Eye","PreservedInsect","Eternal Feather","Red Skull","Empty Cage","Orrery","Bottled Lightning","Mango","Blue Candle"],"acts_visited":["Exordium","TheCity","TheBeyond"],"potions_floor_usage":[],"damage_taken":[{"damage":7.0,"enemies":"Small Slimes","floor":1.0,"turns":4.0},{"damage":11.0,"enemies":"Jaw Worm","floor":2.0,"turns":5.0},{"damage":0.0,"enemies":"Cultist","floor":4.0,"turns":3.0},{"damage":32.0,"enemies":"3 Sentries","floor":7.0,"turns":8.0},{"damage":16.0,"enemies":"Large Slime","floor":8.0,"turns":6.0},{"damage":11.0,"enemies":"Looter","floor":11.0,"turns":3.0},{"damage":27.0,"enemies":"Lots of Slimes","floor":14.0,"turns":5.0},{"damage":21.0,"enemies":"Hexaghost","floor":16.0,"turns":7.0},{"damage":14.0,"enemies":"Spheric Guardian","floor":18.0,"turns":4.0},{"damage":1.0,"enemies":"3 Byrds","floor":19.0,"turns":3.0},{"damage":13.0,"enemies":"Cultist and Chosen","floor":20.0,"turns":5.0},{"damage":5.0,"enemies":"Snecko","floor":22.0,"turns":3.0},{"damage":19.0,"enemies":"Gremlin Leader","floor":24.0,"turns":4.0},{"damage":34.0,"enemies":"Slavers","floor":27.0,"turns":4.0},{"damage":0.0,"enemies":"3 Cultists","floor":28.0,"turns":4.0},{"damage":8.0,"enemies":"Gremlin Leader","floor":29.0,"turns":4.0},{"damage":0.0,"enemies":"Centurion and Healer","floor":31.0,"turns":2.0},{"damage":8.0,"enemies":"Automaton","floor":33.0,"turns":8.0},{"damage":0.0,"enemies":"3 Shapes","floor":35.0,"turns":3.0},{"damage":28.0,"enemies":"3 Darklings","floor":37.0,"turns":4.0},{"damage":1.0,"enemies":"4 Shapes","floor":38.0,"turns":5.0},{"damage":13.0,"enemies":"Maw","floor":42.0,"turns":7.0},{"damage":10.0,"enemies":"Nemesis","floor":45.0,"turns":3.0},{"damage":0.0,"enemies":"Writhing Mass","floor":47.0,"turns":5.0},{"damage":8.0,"enemies":"Giant Head","floor":48.0,"turns":4.0},{"damage":0,"enemies":"Time Eater","floor":50,"turns":1}],"seed_played":"-6857624277811385593","potions_obtained":[{"floor":2.0,"key":"Dexterity Potion"},{"floor":8.0,"key":"ElixirPotion"},{"floor":11.0,"key":"BloodPotion"},{"floor":19.0,"key":"Swift Potion"},{"floor":20.0,"key":"Regen Potion"},{"floor":24.0,"key":"FearPotion"},{"floor":27.0,"key":"Block Potion"},{"floor":29.0,"key":"EssenceOfSteel"},{"floor":38.0,"key":"ElixirPotion"},{"floor":46.0,"key":"FairyPotion"},{"floor":46.0,"key":"EntropicBrew"},{"floor":48.0,"key":"Dexterity Potion"}],"is_trial":false,"path_per_floor":["M","M","?","M","?","R","E","M","T","R","M","R","$","M","R","B",null,"M","M","M","?","M","R","E","$","T","E","M","E","R","M","R","B",null,"M","?","M","M","$","R","$","M","T","R","E","?","M","E","R","B"],"character_chosen":"IRONCLAD","items_purchased":["TheAbacus","Regen Potion","Orrery"],"campfire_rested":0,"item_purchase_floors":[13,25,39],"current_hp_per_floor":[67,62,62,68,68,68,45,38,38,38,36,36,36,34,34,19,65,57,66,63,63,64,64,63,63,63,47,57,59,68,78,87,85,96,100,100,78,83,83,95,95,88,88,100,110,110,118,116,118,118,118],"gold":225,"neow_bonus":"TRANSFORM_TWO_CARDS","is_daily":false,"chose_seed":false,"campfire_upgraded":9,"win_rate":0.0,"timestamp":1613536184,"path_taken":["M","M","?","M","?","R","E","M","T","R","?","R","$","M","R","BOSS","M","M","M","?","M","R","E","$","T","E","M","E","R","M","R","BOSS","M","?","M","M","$","R","$","M","T","R","E","?","M","E","R","BOSS"],"items_purchased_type":["Relic","Potion","Relic"],"build_version":"2020-12-22","purchased_purges":1,"victory":false,"max_hp_per_floor":[75,75,68,68,68,68,71,74,74,74,77,77,77,80,80,80,80,80,84,88,88,88,88,88,88,88,88,92,96,96,100,100,100,100,100,100,100,100,100,100,100,100,100,100,114,114,118,118,118,118,118],"card_choices":[{"not_picked":["Iron Wave","Body Slam"],"picked":"Pummel","floor":1.0},{"not_picked":["Twin Strike","Metallicize"],"picked":"Anger","floor":2.0},{"not_picked":["Wild Strike","Anger"],"picked":"Feed","floor":4.0},{"not_picked":["Anger","Clothesline","Armaments"],"picked":"SKIP","floor":7.0},{"not_picked":["Warcry","Thunderclap","Havoc"],"picked":"SKIP","floor":8.0},{"not_picked":["Warcry","Thunderclap","Havoc"],"picked":"SKIP","floor":8.0},{"not_picked":["Flex","Sword Boomerang"],"picked":"Body Slam","floor":11.0},{"not_picked":["Combust","Heavy Blade"],"picked":"Headbutt","floor":14.0},{"not_picked":["Bludgeon","Exhume"],"picked":"Immolate","floor":16.0},{"not_picked":["Clothesline","Perfected Strike","Twin Strike"],"picked":"SKIP","floor":18.0},{"not_picked":["Body Slam","Pommel Strike"],"picked":"Infernal Blade+1","floor":19.0},{"not_picked":["True Grit","Iron Wave","Hemokinesis"],"picked":"SKIP","floor":20.0},{"not_picked":["Thunderclap","Havoc"],"picked":"Shrug It Off","floor":22.0},{"not_picked":["Clothesline","Pommel Strike","Spot Weakness"],"picked":"SKIP","floor":24.0},{"not_picked":["Rupture","Power Through"],"picked":"Impervious","floor":27.0},{"not_picked":["Inflame","Heavy Blade","Twin Strike"],"picked":"SKIP","floor":28.0},{"not_picked":["Shrug It Off+1","Metallicize"],"picked":"Power Through","floor":29.0},{"not_picked":["Warcry","Whirlwind+1","Sword Boomerang"],"picked":"SKIP","floor":31.0},{"not_picked":["Armaments","Dropkick"],"picked":"Body Slam+1","floor":35.0},{"not_picked":["Sword Boomerang","Limit Break","Blood for Blood"],"picked":"SKIP","floor":37.0},{"not_picked":["Body Slam+1","Rampage","Sword Boomerang"],"picked":"SKIP","floor":38.0},{"not_picked":["Warcry+1","Armaments"],"picked":"Barricade","floor":39.0},{"not_picked":["Wild Strike+1","Shrug It Off"],"picked":"Disarm","floor":39.0},{"not_picked":["Sever Soul","Intimidate"],"picked":"Shrug It Off","floor":39.0},{"not_picked":["Warcry+1","Wild Strike+1","Feed"],"picked":"SKIP","floor":42.0},{"not_picked":["Havoc","Hemokinesis+1","Infernal Blade+1"],"picked":"SKIP","floor":45.0},{"not_picked":["Anger","Body Slam+1"],"picked":"True Grit+1","floor":47.0},{"not_picked":["Sever Soul","Cleave"],"picked":"Battle Trance","floor":48.0}],"player_experience":1003396,"relics_obtained":[{"floor":7.0,"key":"Bottled Flame"},{"floor":9.0,"key":"Nunchaku"},{"floor":24.0,"key":"PreservedInsect"},{"floor":27.0,"key":"Eternal Feather"},{"floor":29.0,"key":"Red Skull"},{"floor":43.0,"key":"Bottled Lightning"},{"floor":45.0,"key":"Mango"},{"floor":48.0,"key":"Blue Candle"}],"event_choices":[{"damage_healed":0.0,"max_hp_gain":0.0,"max_hp_loss":7.0,"gold_gain":0.0,"event_name":"Golden Idol","player_choice":"Lose Max HP","floor":3.0,"gold_loss":0.0,"damage_taken":0.0,"relics_obtained":["Golden Idol"]},{"damage_healed":0.0,"max_hp_gain":0.0,"max_hp_loss":0.0,"gold_gain":0.0,"event_name":"Upgrade Shrine","player_choice":"Upgraded","floor":5.0,"gold_loss":0.0,"damage_taken":0.0,"cards_upgraded":["Corruption"]},{"cards_removed":["Strike_R"],"damage_healed":0.0,"max_hp_gain":0.0,"max_hp_loss":0.0,"gold_gain":0.0,"event_name":"Back to Basics","player_choice":"Elegance","floor":21.0,"gold_loss":0.0,"damage_taken":0.0},{"damage_healed":0.0,"max_hp_gain":0.0,"max_hp_loss":0.0,"gold_gain":0.0,"event_name":"Tomb of Lord Red Mask","player_choice":"Ignored","floor":36.0,"gold_loss":0.0,"damage_taken":0.0},{"damage_healed":0.0,"max_hp_gain":0.0,"max_hp_loss":0.0,"gold_gain":0.0,"event_name":"The Woman in Blue","player_choice":"Bought 3 Potions","floor":46.0,"gold_loss":0.0,"damage_taken":0.0}],"is_beta":false,"boss_relics":[{"not_picked":["Pandora\u0027s Box","Tiny House"],"picked":"Snecko Eye"},{"not_picked":["Black Star","Calling Bell"],"picked":"Empty Cage"}],"items_purged_floors":[25],"is_endless":false,"potions_floor_spawned":[2,8,11,19,20,24,27,29,38,48],"killed_by":"Time Eater","ascension_level":20}}