{"host":"4gkev1dtxxhiue3x","time":1613562157,"event":{"mods":["AchievementEnabler","BaseMod","Better Altar","Better Match","Better Note","Better Sensory Stone","Better Skull","Better Third Choice","Colored Powertips","Downfall","Friendly Minions","Hermit","Minty Spire (QoL Compilation)","Relic Stats","Robot Space Explorer","Shop Mod","StSLib","The Construct","The Disciple","The Hierophant"],"gold_per_floor":[110,110,126,51,51,79,79,4,85,102,119,119,138,168,168,267,267,277,47,47,59,75,75,75,105,151,184,203,203,203,236,236,341,341,352,363,380,380,380,411,117,145,171,19,71,86,96,122,122,122,122],"floor_reached":50,"language":"ENG","playtime":4053,"items_purged":["Strike_R","Strike_R"],"score":868,"play_id":"27d4c0c0-644f-4de2-af0d-24ed86287814","local_time":"20210217124237","is_ascension_mode":true,"campfire_choices":[{"data":"Seeing Red","floor":7,"key":"SMITH"},{"data":"Rupture","floor":12,"key":"SMITH"},{"data":"Pommel Strike","floor":15,"key":"SMITH"},{"data":"RitualDagger","floor":23,"key":"SMITH"},{"data":"Brutality","floor":30,"key":"SMITH"},{"floor":32,"key":"REST"},{"floor":49,"key":"RECALL"}],"circlet_count":0,"master_deck":["Defend_R","Defend_R","Bash","Twin Strike+1","Seeing Red+1","Regret","Immolate+1","Mayhem+1","Inflame","Rupture+1","Pommel Strike+1","Offering","Headbutt+1","Dual Wield+1","Impervious+1","Shrug It Off","Feel No Pain","Offering","RitualDagger+1","Thunderclap+1","Necronomicurse","Dark Embrace+1","Pummel","Brutality+1","Dark Embrace","Brutality","Pummel","Feel No Pain","Rupture","Fiend Fire","Ghostly Armor","Reaper","Blood for Blood","Intimidate"],"relics":["Burning Blood","NeowsBlessing","Pantograph","construct:FoamFinger","Charon\u0027s Ashes","Necronomicon","Shuriken","Ornamental Fan","construct:ClawGrip","Lantern","Happy Flower","MerchantsRug","Unceasing Top","InkBottle"],"acts_visited":["Exordium","TheCity","TheBeyond"],"potions_floor_usage":[27,27,36,36,40,46,47,50,50],"damage_taken":[{"damage":0,"enemies":"Jaw Worm","floor":1,"turns":1},{"damage":0,"enemies":"2 Louse","floor":3,"turns":1},{"damage":0,"enemies":"3 Sentries","floor":6,"turns":1},{"damage":7,"enemies":"Small Slimes","floor":10,"turns":4},{"damage":9,"enemies":"Red Slaver","floor":11,"turns":2},{"damage":15,"enemies":"3 Louse","floor":13,"turns":3},{"damage":29,"enemies":"Gremlin Nob","floor":14,"turns":4},{"damage":6,"enemies":"Slime Boss","floor":16,"turns":5},{"damage":16,"enemies":"Chosen","floor":18,"turns":2},{"damage":12,"enemies":"Spheric Guardian","floor":21,"turns":1},{"damage":16,"enemies":"Cultist and Chosen","floor":22,"turns":3},{"damage":4,"enemies":"Gremlin Leader","floor":25,"turns":4},{"damage":15,"enemies":"Book of Stabbing","floor":27,"turns":3},{"damage":6,"enemies":"Snake Plant","floor":28,"turns":1},{"damage":10,"enemies":"Gremlin Leader","floor":31,"turns":2},{"damage":43,"enemies":"Collector","floor":33,"turns":4},{"damage":10,"enemies":"Orb Walker","floor":35,"turns":2},{"damage":39,"enemies":"3 Darklings","floor":36,"turns":3},{"damage":25,"enemies":"Writhing Mass","floor":37,"turns":3},{"damage":29,"enemies":"Nemesis","floor":40,"turns":3},{"damage":32,"enemies":"Giant Head","floor":42,"turns":4},{"damage":24,"enemies":"2 Orb Walkers","floor":45,"turns":2},{"damage":25,"enemies":"Maw","floor":46,"turns":3},{"damage":25,"enemies":"Transient","floor":47,"turns":5},{"damage":25,"enemies":"Reptomancer","floor":48,"turns":2},{"damage":52,"enemies":"Awakened One","floor":50,"turns":4}],"seed_played":"621573969117959635","potions_obtained":[{"floor":3,"key":"EssenceOfSteel"},{"floor":10,"key":"Weak Potion"},{"floor":14,"key":"Guardian:BlockOnCardUsePotion"},{"floor":27,"key":"HeartOfIron"},{"floor":33,"key":"Guardian:BlockOnCardUsePotion"},{"floor":36,"key":"SmokeBomb"},{"floor":37,"key":"FearPotion"},{"floor":42,"key":"Weak Potion"},{"floor":45,"key":"FearPotion"},{"floor":46,"key":"sneckomod:MuddlingPotion"}],"is_trial":false,"path_per_floor":["M","?","M","$","?","E","R","?","T","M","M","R","M","E","R","B",null,"M","$","?","M","M","R","?","E","T","E","M","?","R","E","R","B",null,"M","M","M","?","?","E","$","E","T","$","?","M","M","E","R","B"],"character_chosen":"IRONCLAD","items_purchased":["DollysMirror","Feel No Pain","Rupture","Fiend Fire","MerchantsRug","Reaper"],"campfire_rested":1,"item_purchase_floors":[19,19,41,41,44,44],"current_hp_per_floor":[80,73,79,79,93,94,94,94,94,93,90,90,81,58,58,83,94,84,84,78,72,62,62,46,48,48,39,39,39,39,35,63,51,94,90,57,38,38,82,59,59,40,40,40,46,47,46,27,27,0,0],"gold":122,"neow_bonus":"THREE_ENEMY_KILL","is_daily":false,"chose_seed":false,"campfire_upgraded":5,"win_rate":0.0,"timestamp":1613562157,"path_taken":["M","?","M","$","?","E","R","?","T","M","M","R","M","E","R","BOSS","M","$","?","M","M","R","?","E","T","E","M","?","R","E","R","BOSS","M","M","M","?","?","E","$","E","T","$","?","?","M","E","R","BOSS"],"items_purchased_type":["Relic","Card","Card","Card","Relic","Card"],"build_version":"2020-12-22","purchased_purges":2,"victory":false,"max_hp_per_floor":[80,80,80,80,94,94,94,94,94,94,94,94,94,94,94,94,94,94,94,94,94,94,94,94,94,94,94,94,94,94,94,94,94,94,94,94,94,94,82,82,82,89,89,89,89,89,89,89,89,89,89],"relic_stats":{"Happy Flower":[5],"counters":[26,72],"Shuriken":[25],"Ornamental Fan":[88],"Pantograph":75,"Charon\u0027s Ashes":[398],"Necronomicon":[28],"obtain_stats":[{"MerchantsRug":44,"construct:ClawGrip":34,"Lantern":40,"construct:FoamFinger":9,"NeowsBlessing":0,"Happy Flower":43,"Astrolabe":17,"Mango":5,"Charon\u0027s Ashes":14,"Whetstone":27,"Burning Blood":0,"DollysMirror":19,"Shuriken":25,"Ornamental Fan":31,"Pantograph":6,"Strawberry":42,"Necronomicon":24,"Unceasing Top":45,"InkBottle":48},{"MerchantsRug":21,"construct:ClawGrip":16,"Lantern":20,"construct:FoamFinger":3,"NeowsBlessing":0,"Happy Flower":21,"Astrolabe":8,"Mango":2,"Charon\u0027s Ashes":7,"Whetstone":13,"Burning Blood":0,"DollysMirror":9,"Shuriken":12,"Ornamental Fan":15,"Pantograph":3,"Strawberry":21,"Necronomicon":11,"Unceasing Top":22,"InkBottle":25},{"MerchantsRug":56,"construct:ClawGrip":41,"Lantern":52,"construct:FoamFinger":3,"NeowsBlessing":0,"Happy Flower":56,"Astrolabe":21,"Mango":2,"Charon\u0027s Ashes":16,"Whetstone":34,"Burning Blood":0,"DollysMirror":23,"Shuriken":31,"Ornamental Fan":37,"Pantograph":3,"Strawberry":56,"Necronomicon":27,"Unceasing Top":58,"InkBottle":68}],"Burning Blood":139,"Unceasing Top":[0],"InkBottle":[2]},"card_choices":[{"not_picked":["Clash","Entrench"],"picked":"Twin Strike","floor":1},{"not_picked":["Battle Trance","Armaments"],"picked":"Seeing Red","floor":3},{"not_picked":["Ghostly Armor","Headbutt"],"picked":"Immolate","floor":6},{"not_picked":["Master of Strategy+1","Secret Technique+1"],"picked":"Mayhem+1","floor":8},{"not_picked":["Armaments","Combust"],"picked":"Inflame","floor":10},{"not_picked":["Shrug It Off","Twin Strike"],"picked":"Rupture","floor":11},{"not_picked":["Sever Soul","Power Through","Perfected Strike"],"picked":"SKIP","floor":13},{"not_picked":["Dropkick","Havoc"],"picked":"Pommel Strike","floor":14},{"not_picked":["Immolate","Impervious"],"picked":"Offering","floor":16},{"not_picked":["Rage","Flex"],"picked":"Shrug It Off","floor":18},{"not_picked":["Cleave","Pommel Strike","Clash+1"],"picked":"SKIP","floor":21},{"not_picked":["Clothesline","Reckless Charge+1"],"picked":"Thunderclap+1","floor":22},{"not_picked":["Havoc","Warcry"],"picked":"Dark Embrace+1","floor":25},{"not_picked":["Wild Strike","Flex"],"picked":"Pummel","floor":27},{"not_picked":["Anger+1","Blood for Blood","Headbutt"],"picked":"SKIP","floor":28},{"not_picked":["Intimidate","Clothesline"],"picked":"Dark Embrace","floor":31},{"not_picked":["Bludgeon","Berserk"],"picked":"Brutality","floor":33},{"not_picked":["Wild Strike","Carnage","Rampage"],"picked":"SKIP","floor":35},{"not_picked":["Clothesline","Heavy Blade+1"],"picked":"Pummel","floor":36},{"not_picked":["Infernal Blade+1","True Grit","Iron Wave"],"picked":"SKIP","floor":37},{"not_picked":["Sword Boomerang","Flame Barrier"],"picked":"Feel No Pain","floor":40},{"not_picked":["Clothesline+1","Heavy Blade"],"picked":"Ghostly Armor","floor":42},{"not_picked":["Brutality","Combust+1","Clothesline+1"],"picked":"SKIP","floor":46},{"not_picked":["Heavy Blade+1","Second Wind"],"picked":"Blood for Blood","floor":47},{"not_picked":["Battle Trance+1","Thunderclap+1"],"picked":"Intimidate","floor":48}],"player_experience":189851,"relics_obtained":[{"floor":6,"key":"Pantograph"},{"floor":9,"key":"construct:FoamFinger"},{"floor":14,"key":"Charon\u0027s Ashes"},{"floor":24,"key":"Necronomicon"},{"floor":25,"key":"Shuriken"},{"floor":27,"key":"Whetstone"},{"floor":31,"key":"Ornamental Fan"},{"floor":40,"key":"Lantern"},{"floor":42,"key":"Strawberry"},{"floor":43,"key":"Happy Flower"},{"floor":45,"key":"Unceasing Top"},{"floor":48,"key":"InkBottle"}],"event_choices":[{"cards_removed":["Strike_R"],"damage_healed":0,"gold_gain":0,"player_choice":"Card Removal","damage_taken":7,"max_hp_gain":0,"max_hp_loss":0,"event_name":"Golden Wing","floor":2,"gold_loss":0},{"damage_healed":0,"gold_gain":0,"player_choice":"Box","damage_taken":0,"relics_obtained":["Mango"],"max_hp_gain":0,"max_hp_loss":0,"event_name":"Big Fish","floor":5,"gold_loss":0,"cards_obtained":["Regret"]},{"damage_healed":0,"gold_gain":0,"player_choice":"2","damage_taken":0,"max_hp_gain":0,"max_hp_loss":0,"event_name":"betterMatch:BetterMatch","floor":8,"gold_loss":0,"cards_obtained":["betterMatch:ColorlessRareCard"]},{"damage_healed":0,"gold_gain":0,"player_choice":"Dagger","damage_taken":6,"max_hp_gain":0,"max_hp_loss":0,"event_name":"betterThird:BetterNest","floor":20,"gold_loss":0,"cards_obtained":["RitualDagger"]},{"damage_healed":0,"gold_gain":0,"player_choice":"Obtained Book","damage_taken":16,"max_hp_gain":0,"max_hp_loss":0,"event_name":"Cursed Tome","floor":24,"gold_loss":0},{"damage_healed":0,"gold_gain":0,"player_choice":"Read","damage_taken":0,"max_hp_gain":0,"max_hp_loss":0,"event_name":"The Library","floor":29,"gold_loss":0,"cards_obtained":["Brutality"]},{"cards_removed":["Defend_R"],"damage_healed":0,"gold_gain":0,"player_choice":"Removed Skill","damage_taken":0,"max_hp_gain":0,"max_hp_loss":0,"event_name":"Falling","floor":38,"gold_loss":0},{"damage_healed":82,"gold_gain":0,"player_choice":"Heal","damage_taken":0,"max_hp_gain":0,"max_hp_loss":12,"event_name":"The Moai Head","floor":39,"gold_loss":0},{"damage_healed":0,"gold_gain":0,"player_choice":"Fight","damage_taken":0,"max_hp_gain":0,"max_hp_loss":0,"event_name":"Mysterious Sphere","floor":45,"gold_loss":0}],"is_beta":false,"boss_relics":[{"not_picked":["SacredBark","SlaversCollar"],"picked":"Astrolabe"},{"not_picked":["Sozu","Calling Bell"],"picked":"construct:ClawGrip"}],"items_purged_floors":[4,41],"is_endless":false,"potions_floor_spawned":[3,10,14,16,25,27,33,36,37,42,45,46],"killed_by":"Awakened One","ascension_level":4}}