{"host":"v4nyfngrgywi7zc6","time":1613542128,"event":{"mods":["2.2 Compatiblity","Act Like it!","BaseMod","Custom Start","Gensokyo","Minty Spire (QoL Compilation)","Reliquary","Shop Mod","StSLib","The Cursed","The Hierophant","The Judge","The Jungle","The Servant 0.9.4"],"gold_per_floor":[119,125,139,156,16,48,48,63,109,109,109,124,148,174,174,272,272,343,412,473,314,314,314,314,314,314],"floor_reached":25,"language":"ENG","playtime":1699,"items_purged":[],"score":225,"play_id":"6a9083a8-20a6-4790-981c-0ee92367fc35","local_time":"20210217000848","is_ascension_mode":false,"campfire_choices":[{"floor":7,"key":"REST"},{"floor":10,"key":"REST"},{"data":"hierophant:MirrorShield","floor":15,"key":"SMITH"},{"floor":24,"key":"REST"}],"circlet_count":0,"master_deck":["hierophant:Strike_Hierophant","hierophant:Strike_Hierophant","hierophant:Strike_Hierophant","hierophant:Strike_Hierophant","hierophant:Punish","hierophant:Defend_Hierophant","hierophant:Defend_Hierophant","hierophant:Defend_Hierophant","hierophant:Defend_Hierophant","hierophant:ChurchCoffers","hierophant:OrnateJavelin","hierophant:FieryStrike","hierophant:RepressedViolence","hierophant:Racketeering","hierophant:Sermon","hierophant:Glossolalia","hierophant:MirrorShield+1","hierophant:BulkyChest","hierophant:HolyVerse","Gensokyo:BlemishedSteel","Gensokyo:ScrapIron","Gensokyo:Shovel"],"relics":["hierophant:PropheticMaskRelic","NeowsBlessing","Thread and Needle","PreservedInsect","Shuriken","reliquary:TatteredRug","Velvet Choker"],"acts_visited":["Exordium","Gensokyo:Gensokyo"],"potions_floor_usage":[6,16,19,19,19,19,23,25,25],"damage_taken":[{"damage":0,"enemies":"Gensokyo:3_Fairies","floor":1,"turns":1},{"damage":0,"enemies":"Gensokyo:2_Kodama","floor":2,"turns":1},{"damage":0,"enemies":"Gensokyo:Python","floor":3,"turns":1},{"damage":0,"enemies":"Gensokyo:LivingMonolith","floor":4,"turns":3},{"damage":66,"enemies":"Gensokyo:Aya","floor":6,"turns":8},{"damage":5,"enemies":"Gensokyo:Gryphon_and_Rabbit","floor":8,"turns":4},{"damage":8,"enemies":"Gensokyo:CorruptedTreant","floor":12,"turns":5},{"damage":10,"enemies":"Gensokyo:2_Rabbits","floor":13,"turns":6},{"damage":39,"enemies":"Gensokyo:Reimu","floor":16,"turns":15},{"damage":19,"enemies":"Gensokyo:2_Gloops","floor":18,"turns":5},{"damage":14,"enemies":"Gensokyo:3_Dogs","floor":19,"turns":5},{"damage":18,"enemies":"Gensokyo:Wraith","floor":20,"turns":5},{"damage":0,"enemies":"Gensokyo:Tenshi","floor":23,"turns":1},{"damage":59,"enemies":"Gensokyo:Swordslinger","floor":25,"turns":4}],"seed_played":"5367737486700451622","potions_obtained":[{"floor":1,"key":"FairyPotion"},{"floor":3,"key":"Fire Potion"},{"floor":8,"key":"EntropicBrew"},{"floor":13,"key":"SkillPotion"},{"floor":16,"key":"Weak Potion"},{"floor":19,"key":"Energy Potion"},{"floor":20,"key":"SmokeBomb"}],"is_trial":false,"path_per_floor":["M","M","M","M","?","E","R","M","T","R","T","M","M","T","R","B",null,"M","M","M","COS","?","E","R","M"],"character_chosen":"HIEROPHANT","items_purchased":[],"campfire_rested":3,"item_purchase_floors":[],"current_hp_per_floor":[75,75,75,75,75,9,31,26,26,48,48,40,30,30,30,22,75,56,42,24,24,24,24,46,0,0],"gold":314,"neow_bonus":"THREE_ENEMY_KILL","is_daily":false,"chose_seed":false,"campfire_upgraded":1,"win_rate":0.0,"timestamp":1613542128,"path_taken":["M","?","?","?","?","E","R","M","T","R","?","M","M","?","R","BOSS","M","M","?","COS","?","E","R","?"],"items_purchased_type":[],"build_version":"2020-12-22","purchased_purges":0,"victory":false,"max_hp_per_floor":[75,75,75,75,75,75,75,75,75,75,75,75,75,75,75,75,75,75,75,75,75,75,75,75,75,75],"card_choices":[{"not_picked":["hierophant:SolarFlare","hierophant:FlamingChariot"],"picked":"hierophant:OrnateJavelin","floor":1},{"not_picked":["hierophant:MorningPrayer","hierophant:AuricBeam"],"picked":"hierophant:FieryStrike","floor":2},{"not_picked":["hierophant:HolyVerse","hierophant:Zeal"],"picked":"hierophant:RepressedViolence","floor":3},{"not_picked":["hierophant:HammerAndAnvil","hierophant:MirrorShield"],"picked":"hierophant:Racketeering","floor":4},{"not_picked":["hierophant:Remorse","hierophant:Refuge"],"picked":"hierophant:Sermon","floor":6},{"not_picked":["hierophant:CursedGold","hierophant:SealAway"],"picked":"hierophant:Glossolalia","floor":8},{"not_picked":["hierophant:MorningPrayer","hierophant:AuricBeam"],"picked":"hierophant:MirrorShield","floor":12},{"not_picked":["hierophant:HolyVerse","hierophant:Remorse","hierophant:Smite"],"picked":"SKIP","floor":13},{"not_picked":["hierophant:Levitation","hierophant:WrathOfGod"],"picked":"hierophant:BulkyChest","floor":16},{"not_picked":["hierophant:FieryStrike","hierophant:DisplayOfPower+1","hierophant:Shelter"],"picked":"SKIP","floor":18},{"not_picked":["hierophant:DisplayOfPower","hierophant:AuricForm"],"picked":"hierophant:HolyVerse","floor":19},{"not_picked":["hierophant:DisplayOfPower","hierophant:Remorse","hierophant:AuricShield"],"picked":"SKIP","floor":20}],"player_experience":236616,"relics_obtained":[{"floor":6,"key":"PreservedInsect"},{"floor":11,"key":"Shuriken"},{"floor":14,"key":"reliquary:TatteredRug"}],"event_choices":[],"is_beta":false,"boss_relics":[{"not_picked":["Tiny House","Fusion Hammer"],"picked":"Velvet Choker"}],"items_purged_floors":[],"is_endless":false,"potions_floor_spawned":[1,3,8,13,16,19,20],"killed_by":"Gensokyo:Swordslinger","ascension_level":0}}