{"host":"af4pzp5tm7cfibaw","time":1613527618,"event":{"mods":["AchievementEnabler","BaseMod","BetterRewards","Downfall","Highlight Path","Minty Spire (QoL Compilation)","StSLib","SuperFastMode"],"gold_per_floor":[109,109,127,139,154,186,205,205,205,216,216,227,237,6,6,108,108,121,138,98,117,0,28,28,28,28,28,46,63,74,74,74,169,169,189,241,241,257,102,135,135,135,161,93,121,139,39,57,57,57],"floor_reached":51,"language":"ENG","playtime":1568,"items_purged":["Shame","Shame"],"score":1168,"play_id":"ca942d4a-f1ac-434a-ad8d-380296ee5190","local_time":"20210217150658","is_ascension_mode":true,"campfire_choices":[{"floor":8.0,"key":"REST"},{"data":"Uppercut","floor":15.0,"key":"SMITH"},{"floor":24.0,"key":"REST"},{"data":"RitualDagger","floor":27.0,"key":"SMITH"},{"data":"Perfected Strike","floor":32.0,"key":"SMITH"},{"data":"Perfected Strike","floor":41.0,"key":"SMITH"},{"floor":49.0,"key":"REST"}],"circlet_count":0,"master_deck":["Strike_R","Strike_R","Strike_R","Strike_R","Strike_R","Defend_R","Defend_R","Defend_R","Shrug It Off+1","Dropkick","Perfected Strike+1","Uppercut+1","Seeing Red+1","Perfected Strike+1","Dropkick","Exhume+1","Metamorphosis+1","Havoc+1","Offering+1","Warcry+1","Perfected Strike+1","Shrug It Off+1","Shockwave+1","RitualDagger+1","Shrug It Off+1","Seeing Red+1","Pommel Strike","Limit Break+1","Hemokinesis+1","Dark Embrace+1","Spot Weakness+1","Offering+1","Battle Trance+1","Corruption","Pommel Strike+1"],"relics":["Burning Blood","NeowsBlessing","Toxic Egg 2","Oddly Smooth Stone","Anchor","Philosopher\u0027s Stone","Shuriken","bronze:DecasWashers","Cursed Key","Potion Belt","Incense Burner","Slimebound:StickyStick","MealTicket"],"acts_visited":["Exordium","TheCity","TheBeyond"],"potions_floor_usage":[50,50],"damage_taken":[{"damage":0.0,"enemies":"2 Louse","floor":1.0,"turns":1.0},{"damage":0.0,"enemies":"Cultist","floor":3.0,"turns":1.0},{"damage":0.0,"enemies":"Jaw Worm","floor":4.0,"turns":1.0},{"damage":26.0,"enemies":"Exordium Thugs","floor":5.0,"turns":6.0},{"damage":35.0,"enemies":"Lagavulin","floor":6.0,"turns":4.0},{"damage":8.0,"enemies":"Lots of Slimes","floor":7.0,"turns":5.0},{"damage":9.0,"enemies":"Blue Slaver","floor":10.0,"turns":4.0},{"damage":0.0,"enemies":"Looter","floor":12.0,"turns":2.0},{"damage":0.0,"enemies":"Red Slaver","floor":13.0,"turns":2.0},{"damage":22.0,"enemies":"Slime Boss","floor":16.0,"turns":4.0},{"damage":14.0,"enemies":"2 Thieves","floor":18.0,"turns":2.0},{"damage":6.0,"enemies":"Spheric Guardian","floor":19.0,"turns":3.0},{"damage":11.0,"enemies":"Centurion and Healer","floor":21.0,"turns":3.0},{"damage":24.0,"enemies":"Book of Stabbing","floor":23.0,"turns":3.0},{"damage":6.0,"enemies":"Cultist and Chosen","floor":28.0,"turns":2.0},{"damage":6.0,"enemies":"Chosen and Byrds","floor":29.0,"turns":3.0},{"damage":6.0,"enemies":"Snecko","floor":30.0,"turns":2.0},{"damage":12.0,"enemies":"Collector","floor":33.0,"turns":3.0},{"damage":0.0,"enemies":"3 Shapes","floor":35.0,"turns":2.0},{"damage":13.0,"enemies":"3 Darklings","floor":38.0,"turns":3.0},{"damage":38.0,"enemies":"Reptomancer","floor":40.0,"turns":4.0},{"damage":12.0,"enemies":"Giant Head","floor":45.0,"turns":1.0},{"damage":20.0,"enemies":"Jaw Worm Horde","floor":46.0,"turns":3.0},{"damage":14.0,"enemies":"Sphere and 2 Shapes","floor":48.0,"turns":1.0},{"damage":33,"enemies":"Time Eater","floor":50,"turns":3}],"seed_played":"-8024328211659429833","potions_obtained":[{"floor":3.0,"key":"FearPotion"},{"floor":4.0,"key":"SteroidPotion"},{"floor":6.0,"key":"champ:CounterPotion"},{"floor":16.0,"key":"Dexterity Potion"},{"floor":18.0,"key":"champ:CounterPotion"},{"floor":29.0,"key":"AttackPotion"},{"floor":35.0,"key":"BloodPotion"},{"floor":40.0,"key":"Regen Potion"},{"floor":45.0,"key":"Fire Potion"},{"floor":46.0,"key":"Weak Potion"}],"is_trial":false,"path_per_floor":["M","?","M","M","M","E","M","R","T","M","?","M","M","$","R","B",null,"M","M","?","M","?","E","R","?","T","R","M","M","M","$","R","B",null,"M","T","?","M","$","E","R","?","T","$","E","M","$","M","R","B",null],"character_chosen":"IRONCLAD","items_purchased":["Metamorphosis+1","Havoc+1","Spot Weakness+1","Battle Trance+1"],"campfire_rested":3,"item_purchase_floors":[14,14,39,44],"current_hp_per_floor":[78,78,80,80,60,31,29,53,53,50,50,56,62,62,62,46,72,64,64,64,59,59,41,65,59,59,59,59,59,59,59,59,53,73,79,79,79,72,72,56,56,56,56,56,50,45,60,52,76,49],"gold":57,"neow_bonus":"THREE_ENEMY_KILL","is_daily":false,"chose_seed":false,"campfire_upgraded":4,"win_rate":0.0,"timestamp":1613527618,"path_taken":["M","?","M","M","?","E","M","R","T","M","?","M","M","$","R","BOSS","M","M","?","?","?","E","R","?","T","R","M","M","M","?","R","BOSS","M","?","?","M","$","E","R","?","T","$","E","?","$","M","R","BOSS"],"items_purchased_type":["Card","Card","Card","Card"],"build_version":"2020-12-22","purchased_purges":2,"victory":true,"max_hp_per_floor":[80,80,80,80,80,80,80,80,80,80,80,80,80,80,80,80,80,80,80,80,80,80,80,80,80,80,80,80,80,80,80,80,80,80,80,80,80,80,80,80,80,80,80,80,80,80,80,80,80,80],"card_choices":[{"not_picked":["Second Wind","Intimidate"],"picked":"Thunderclap","floor":1.0},{"not_picked":["Searing Blow","Sever Soul"],"picked":"Shrug It Off+1","floor":3.0},{"not_picked":["Second Wind+1","Dual Wield+1"],"picked":"Dropkick","floor":4.0},{"not_picked":["Reckless Charge","Body Slam"],"picked":"Perfected Strike","floor":5.0},{"not_picked":["Pommel Strike","Armaments+1"],"picked":"Uppercut","floor":6.0},{"not_picked":["Shrug It Off+1","Reckless Charge"],"picked":"Seeing Red+1","floor":7.0},{"not_picked":["Feel No Pain","Seeing Red+1"],"picked":"Perfected Strike","floor":10.0},{"not_picked":["Armaments+1","Cleave"],"picked":"Dropkick","floor":12.0},{"not_picked":["Heavy Blade","Perfected Strike"],"picked":"Exhume+1","floor":13.0},{"not_picked":["Bludgeon","Fiend Fire"],"picked":"Offering+1","floor":16.0},{"not_picked":["Sentinel+1","Inflame+1"],"picked":"Warcry+1","floor":18.0},{"not_picked":["Feel No Pain","Pommel Strike"],"picked":"Perfected Strike","floor":19.0},{"not_picked":["Flex+1","Twin Strike"],"picked":"Shrug It Off+1","floor":21.0},{"not_picked":["Sentinel+1","Clash"],"picked":"Shockwave+1","floor":23.0},{"not_picked":["Combust","Second Wind+1"],"picked":"Shrug It Off+1","floor":28.0},{"not_picked":["Dropkick","Havoc+1"],"picked":"Seeing Red+1","floor":29.0},{"not_picked":["Infernal Blade+1","Fiend Fire"],"picked":"Pommel Strike","floor":30.0},{"not_picked":["Bludgeon","Berserk"],"picked":"Limit Break+1","floor":33.0},{"not_picked":["Havoc+1","Dark Embrace"],"picked":"Hemokinesis+1","floor":35.0},{"not_picked":["Anger","Cleave"],"picked":"Dark Embrace+1","floor":38.0},{"not_picked":["Sentinel+1","Evolve","Body Slam+1"],"picked":"SKIP","floor":40.0},{"not_picked":["Dark Embrace+1","Combust"],"picked":"Corruption","floor":45.0},{"not_picked":["Anger","Cleave+1","Clash"],"picked":"SKIP","floor":46.0},{"not_picked":["Spot Weakness+1","Pummel+1"],"picked":"Pommel Strike+1","floor":48.0}],"player_experience":330327,"relics_obtained":[{"floor":6.0,"key":"Oddly Smooth Stone"},{"floor":9.0,"key":"Anchor"},{"floor":23.0,"key":"Shuriken"},{"floor":26.0,"key":"bronze:DecasWashers"},{"floor":36.0,"key":"Potion Belt"},{"floor":40.0,"key":"Incense Burner"},{"floor":43.0,"key":"Slimebound:StickyStick"},{"floor":45.0,"key":"MealTicket"}],"event_choices":[{"cards_removed":["Thunderclap"],"damage_healed":0.0,"max_hp_gain":0.0,"max_hp_loss":0.0,"gold_gain":0.0,"event_name":"WeMeetAgain","player_choice":"Gave Card","floor":2.0,"gold_loss":0.0,"damage_taken":0.0,"relics_obtained":["Toxic Egg 2"]},{"cards_removed":["Defend_R"],"damage_healed":0.0,"max_hp_gain":0.0,"max_hp_loss":0.0,"gold_gain":0.0,"event_name":"Bonfire Elementals","player_choice":"Offered Basic","floor":11.0,"gold_loss":0.0,"damage_taken":0.0},{"damage_healed":0.0,"max_hp_gain":0.0,"max_hp_loss":0.0,"gold_gain":0.0,"event_name":"Designer","player_choice":"Upgrade","floor":20.0,"gold_loss":40.0,"damage_taken":0.0,"cards_upgraded":["Perfected Strike"]},{"damage_healed":0.0,"max_hp_gain":0.0,"max_hp_loss":0.0,"gold_gain":0.0,"event_name":"Masked Bandits","player_choice":"Paid Fearfully","floor":22.0,"gold_loss":117.0,"damage_taken":0.0},{"damage_healed":0.0,"max_hp_gain":0.0,"max_hp_loss":0.0,"gold_gain":0.0,"event_name":"Nest","player_choice":"Joined the Cult","floor":25.0,"gold_loss":0.0,"damage_taken":6.0,"cards_obtained":["RitualDagger"]},{"cards_removed":["Bash"],"damage_healed":0.0,"max_hp_gain":0.0,"max_hp_loss":0.0,"gold_gain":0.0,"event_name":"Falling","player_choice":"Removed Attack","floor":37.0,"gold_loss":0.0,"damage_taken":0.0},{"damage_healed":0.0,"max_hp_gain":0.0,"max_hp_loss":0.0,"gold_gain":0.0,"event_name":"Duplicator","player_choice":"Copied","floor":42.0,"gold_loss":0.0,"damage_taken":0.0,"cards_obtained":["Offering"]}],"is_beta":false,"boss_relics":[{"not_picked":["Runic Dome","Velvet Choker"],"picked":"Philosopher\u0027s Stone"},{"not_picked":["Mark of Pain","Black Star"],"picked":"Cursed Key"}],"items_purged_floors":[39,47],"is_endless":false,"potions_floor_spawned":[3,4,6,16,18,29,35,40,45,46],"ascension_level":8}}