{"host":"3hzk4hwwdropes3d","time":1613530364,"event":{"mods":["BaseMod","Minty Spire (QoL Compilation)","StSLib"],"gold_per_floor":[115,130,130,29,29,56,56,81,81,81,81,34,34,70,70,193,193,212,212,212,55,93,93,116,116,166,178,190,221,233,264,276,416,428,461,487,256,269,229,272,272,272,272,272,272,272,272,272],"floor_reached":47,"language":"ENG","playtime":1637,"items_purged":["Pain","Alpha+1"],"score":761,"play_id":"08bd7ac5-58b8-4144-951c-f773314cc46d","local_time":"20210216185244","is_ascension_mode":true,"campfire_choices":[{"data":"Eruption","floor":7,"key":"SMITH"},{"data":"EmptyFist","floor":11,"key":"SMITH"},{"floor":15,"key":"REST"},{"floor":23,"key":"REST"},{"data":"1","floor":25,"key":"LIFT"},{"data":"2","floor":28,"key":"LIFT"},{"data":"3","floor":30,"key":"LIFT"},{"floor":32,"key":"REST"},{"floor":41,"key":"REST"},{"data":"Tantrum","floor":44,"key":"SMITH"}],"circlet_count":0,"master_deck":["Strike_P","Defend_P+1","Defend_P","Defend_P","Eruption+1","Vigilance","BowlingBash","ReachHeaven","EmptyBody","InnerPeace+1","EmptyFist+1","Halt","Vengeance+1","LessonLearned+1","SashWhip","Tantrum+1","J.A.X.","EmptyMind","Meditate","CutThroughFate","Vault","Ragnarok","CarveReality+1","Adaptation+1","FlurryOfBlows","SignatureMove","Protect+1","Bandage Up"],"relics":["PureWater","NeowsBlessing","WarpedTongs","Letter Opener","Singing Bowl","Blue Candle","Prayer Wheel","Golden Idol","Girya","VioletLotus","Vajra","Red Mask","MawBank","Juzu Bracelet","Astrolabe","Strawberry","Bronze Scales","Yang"],"acts_visited":["Exordium","TheCity","TheBeyond"],"potions_floor_usage":[16,16,16,22,29,40,47],"damage_taken":[{"damage":0,"enemies":"2 Louse","floor":1,"turns":1},{"damage":0,"enemies":"Cultist","floor":2,"turns":1},{"damage":0,"enemies":"3 Sentries","floor":6,"turns":2},{"damage":5,"enemies":"Lagavulin","floor":8,"turns":4},{"damage":18,"enemies":"Gremlin Nob","floor":14,"turns":3},{"damage":0,"enemies":"Slime Boss","floor":16,"turns":2},{"damage":12,"enemies":"Shell Parasite","floor":18,"turns":3},{"damage":48,"enemies":"Masked Bandits","floor":22,"turns":4},{"damage":3,"enemies":"Chosen","floor":24,"turns":4},{"damage":14,"enemies":"Snecko","floor":29,"turns":3},{"damage":0,"enemies":"3 Cultists","floor":31,"turns":2},{"damage":3,"enemies":"Champ","floor":33,"turns":5},{"damage":15,"enemies":"3 Shapes","floor":35,"turns":3},{"damage":18,"enemies":"Orb Walker","floor":36,"turns":4},{"damage":52,"enemies":"Maw","floor":38,"turns":5},{"damage":0,"enemies":"Reptomancer","floor":40,"turns":3},{"damage":71,"enemies":"Giant Head","floor":47,"turns":5}],"seed_played":"8615114255046522947","potions_obtained":[{"floor":6,"key":"Ambrosia"},{"floor":8,"key":"Fire Potion"},{"floor":14,"key":"Swift Potion"},{"floor":16,"key":"SpeedPotion"},{"floor":18,"key":"Weak Potion"},{"floor":22,"key":"BottledMiracle"},{"floor":36,"key":"Strength Potion"},{"floor":39,"key":"BottledMiracle"},{"floor":39,"key":"SkillPotion"},{"floor":40,"key":"Dexterity Potion"}],"is_trial":false,"path_per_floor":["M","M","?","$","?","E","R","E","T","T","R","$","?","E","R","B",null,"M","?","?","$","?","R","M","R","T","T","R","M","R","M","R","B",null,"M","M","$","M","?","E","R","?","T","R","?","?","E"],"character_chosen":"WATCHER","items_purchased":["EmptyBody","Halt","Vajra","Strawberry"],"campfire_rested":4,"item_purchase_floors":[4,12,21,37],"current_hp_per_floor":[72,72,72,72,77,77,77,72,72,72,72,72,53,35,58,58,77,67,67,67,67,19,42,41,41,41,41,41,29,29,31,56,53,85,72,56,63,15,15,15,45,45,45,45,45,45,0,0],"gold":272,"neow_bonus":"THREE_ENEMY_KILL","is_daily":false,"chose_seed":false,"campfire_upgraded":3,"win_rate":0.0,"timestamp":1613530364,"path_taken":["M","M","?","?","?","E","R","E","T","?","R","$","?","E","R","BOSS","M","?","?","$","?","R","M","R","T","?","R","M","R","M","R","BOSS","M","M","$","M","?","E","R","?","T","R","?","?","E"],"items_purchased_type":["Card","Card","Relic","Relic"],"build_version":"2020-12-22","purchased_purges":2,"victory":false,"max_hp_per_floor":[72,72,72,72,77,77,77,77,77,77,77,77,77,77,77,77,77,79,79,79,79,79,79,81,81,81,81,81,83,83,85,85,85,85,87,89,96,100,100,100,100,100,100,100,95,95,95,95],"card_choices":[{"not_picked":["FlyingSleeves","Prostrate"],"picked":"BowlingBash","floor":1},{"not_picked":["Fasting2","Crescendo"],"picked":"ReachHeaven","floor":2},{"not_picked":["SignatureMove","Collect"],"picked":"InnerPeace","floor":6},{"not_picked":["SpiritShield","ClearTheMind"],"picked":"EmptyFist","floor":8},{"not_picked":["CutThroughFate","PathToVictory"],"picked":"Vengeance","floor":14},{"not_picked":["Devotion","Wish"],"picked":"LessonLearned","floor":16},{"not_picked":["Worship","SignatureMove+1","Perseverance"],"picked":"Singing Bowl","floor":18},{"not_picked":["DeceiveReality+1","Prostrate"],"picked":"SashWhip","floor":18},{"not_picked":["Conclude","CutThroughFate"],"picked":"EmptyMind","floor":22},{"not_picked":["ClearTheMind","Crescendo","SignatureMove+1"],"picked":"Singing Bowl","floor":24},{"not_picked":["Wireheading","ReachHeaven"],"picked":"Meditate","floor":24},{"not_picked":["BowlingBash","EmptyBody"],"picked":"CutThroughFate","floor":29},{"not_picked":["CutThroughFate","EmptyBody","SashWhip"],"picked":"Singing Bowl","floor":29},{"not_picked":["Prostrate","Wireheading"],"picked":"Vault","floor":31},{"not_picked":["FlyingSleeves+1","SashWhip+1","WaveOfTheHand"],"picked":"Singing Bowl","floor":31},{"not_picked":["ConjureBlade","SpiritShield"],"picked":"Ragnarok","floor":33},{"not_picked":["ThirdEye+1","SandsOfTime"],"picked":"FlurryOfBlows","floor":35},{"not_picked":["LikeWater","Conclude+1","DeceiveReality+1"],"picked":"Singing Bowl","floor":35},{"not_picked":["MentalFortress","Study+1","PathToVictory+1"],"picked":"Singing Bowl","floor":36},{"not_picked":["FollowUp","BowlingBash"],"picked":"SignatureMove","floor":36},{"not_picked":["Protect+1","WheelKick+1","Collect+1"],"picked":"Singing Bowl","floor":38},{"not_picked":["Swivel","PathToVictory","SashWhip+1"],"picked":"Singing Bowl","floor":38},{"not_picked":["ReachHeaven","EmptyBody"],"picked":"Protect+1","floor":40},{"not_picked":["Finesse","Mind Blast"],"picked":"Bandage Up","floor":46}],"player_experience":224093,"relics_obtained":[{"floor":6,"key":"Letter Opener"},{"floor":8,"key":"Singing Bowl"},{"floor":9,"key":"Blue Candle"},{"floor":10,"key":"Prayer Wheel"},{"floor":14,"key":"Girya"},{"floor":22,"key":"Red Mask"},{"floor":26,"key":"MawBank"},{"floor":27,"key":"Juzu Bracelet"},{"floor":40,"key":"Bronze Scales"},{"floor":43,"key":"Yang"}],"event_choices":[{"damage_healed":0,"gold_gain":0,"player_choice":"Rummage","damage_taken":0,"relics_obtained":["WarpedTongs"],"max_hp_gain":0,"max_hp_loss":0,"event_name":"Accursed Blacksmith","floor":3,"gold_loss":0,"cards_obtained":["Pain"]},{"damage_healed":0,"gold_gain":0,"player_choice":"Donut","damage_taken":0,"max_hp_gain":5,"max_hp_loss":0,"event_name":"Big Fish","floor":5,"gold_loss":0},{"damage_healed":0,"gold_gain":0,"player_choice":"Take Damage","damage_taken":19,"relics_obtained":["Golden Idol"],"max_hp_gain":0,"max_hp_loss":0,"event_name":"Golden Idol","floor":13,"gold_loss":0},{"damage_healed":0,"gold_gain":0,"player_choice":"Read","damage_taken":0,"max_hp_gain":0,"max_hp_loss":0,"event_name":"The Library","floor":19,"gold_loss":0,"cards_obtained":["Tantrum"]},{"damage_healed":0,"gold_gain":0,"player_choice":"Obtain J.A.X.","damage_taken":0,"max_hp_gain":0,"max_hp_loss":0,"event_name":"Drug Dealer","floor":20,"gold_loss":0,"cards_obtained":["J.A.X."]},{"damage_healed":0,"gold_gain":0,"player_choice":"Fought Bandits","damage_taken":0,"max_hp_gain":0,"max_hp_loss":0,"event_name":"Masked Bandits","floor":22,"gold_loss":0},{"damage_healed":0,"gold_gain":0,"player_choice":"Bought 3 Potions","damage_taken":0,"max_hp_gain":0,"max_hp_loss":0,"event_name":"The Woman in Blue","floor":39,"gold_loss":0},{"cards_removed":["Strike_P"],"damage_healed":0,"gold_gain":0,"player_choice":"Removed Attack","damage_taken":0,"max_hp_gain":0,"max_hp_loss":0,"event_name":"Falling","floor":42,"gold_loss":0},{"damage_healed":0,"gold_gain":0,"player_choice":"Max HP","damage_taken":0,"max_hp_gain":0,"max_hp_loss":5,"event_name":"Winding Halls","floor":45,"gold_loss":0},{"damage_healed":0,"gold_gain":0,"player_choice":"Memory 1","damage_taken":0,"max_hp_gain":0,"max_hp_loss":0,"event_name":"SensoryStone","floor":46,"gold_loss":0}],"is_beta":false,"boss_relics":[{"not_picked":["SlaversCollar","Ectoplasm"],"picked":"VioletLotus"},{"not_picked":["SacredBark","Runic Pyramid"],"picked":"Astrolabe"}],"items_purged_floors":[4,37],"is_endless":false,"potions_floor_spawned":[6,8,14,16,18,22,36,40],"killed_by":"Giant Head","ascension_level":4}}