{"host":"fxrgx7wt2cpkbhka","time":1613555777,"event":{"mods":["AchievementEnabler","BaseMod","Colored Powertips","Dark Map","Minty Spire (QoL Compilation)","Permanent Neow","Quick Restart","Slay-I","StSLib","Waifu the Spire"],"gold_per_floor":[118,118,118,128,128,128,157,157,229,261,192,206,165,176,176,250,250,260,242,242,242,242],"floor_reached":21,"language":"ENG","playtime":501,"items_purged":[],"score":327,"play_id":"5e4d66af-1012-4e9e-a07a-42e213a1da6d","local_time":"20210217015617","is_ascension_mode":true,"campfire_choices":[{"data":"Spot Weakness","floor":6,"key":"SMITH"},{"floor":8,"key":"REST"},{"data":"Limit Break","floor":15,"key":"SMITH"}],"circlet_count":0,"master_deck":["AscendersBane","Strike_R","Strike_R","Strike_R","Defend_R","Defend_R","Defend_R","Defend_R","Bash","Cleave+1","Spot Weakness+1","Metallicize","Limit Break+1","Sword Boomerang"],"relics":["Burning Blood","Gremlin Horn","Smiling Mask","Sundial","TungstenRod","Empty Cage"],"acts_visited":["Exordium","TheCity"],"potions_floor_usage":[7,16],"damage_taken":[{"damage":0,"enemies":"2 Louse","floor":1,"turns":4},{"damage":3,"enemies":"Small Slimes","floor":4,"turns":3},{"damage":48,"enemies":"Gremlin Nob","floor":7,"turns":5},{"damage":40,"enemies":"Lagavulin","floor":10,"turns":5},{"damage":6,"enemies":"Jaw Worm","floor":12,"turns":2},{"damage":0,"enemies":"Exordium Wildlife","floor":14,"turns":4},{"damage":29,"enemies":"Slime Boss","floor":16,"turns":9},{"damage":35,"enemies":"Spheric Guardian","floor":18,"turns":6},{"damage":27,"enemies":"2 Thieves","floor":19,"turns":4},{"damage":21,"enemies":"Shelled Parasite and Fungi","floor":21,"turns":2}],"seed_played":"4925408963039160410","potions_obtained":[{"floor":1,"key":"SneckoOil"},{"floor":4,"key":"EntropicBrew"},{"floor":16,"key":"Strength Potion"}],"is_trial":false,"path_per_floor":["M","?","?","M","$","R","E","R","T","E","$","M","?","M","R","B",null,"M","M","$","M"],"character_chosen":"IRONCLAD","items_purchased":["Metallicize"],"campfire_rested":1,"item_purchase_floors":[11],"current_hp_per_floor":[81,81,63,66,66,66,24,48,48,14,14,14,14,20,20,30,69,40,19,19,0,0],"gold":242,"neow_bonus":"TEN_PERCENT_HP_BONUS","is_daily":false,"chose_seed":false,"campfire_upgraded":2,"win_rate":0.0,"timestamp":1613555777,"path_taken":["M","?","?","M","$","R","E","R","T","E","$","M","?","M","R","BOSS","M","M","$","M"],"items_purchased_type":["Card"],"build_version":"2020-12-22","purchased_purges":0,"victory":false,"max_hp_per_floor":[82,82,82,82,82,82,82,82,82,82,82,82,82,82,82,82,82,82,82,82,82,82],"card_choices":[{"not_picked":["Bloodletting","Pommel Strike"],"picked":"Cleave","floor":1},{"not_picked":["Sentinel","Perfected Strike"],"picked":"Spot Weakness","floor":4},{"not_picked":["Ghostly Armor","Shockwave","True Grit"],"picked":"SKIP","floor":7},{"not_picked":["Twin Strike","Wild Strike","Evolve"],"picked":"SKIP","floor":10},{"not_picked":["Headbutt","Clothesline","Evolve"],"picked":"SKIP","floor":12},{"not_picked":["Shrug It Off","Clothesline"],"picked":"Limit Break","floor":14},{"not_picked":["Disarm","Wild Strike+1","Pommel Strike"],"picked":"SKIP","floor":18},{"not_picked":["Iron Wave","Whirlwind"],"picked":"Sword Boomerang","floor":19}],"player_experience":786659,"relics_obtained":[{"floor":7,"key":"Smiling Mask"},{"floor":9,"key":"Sundial"},{"floor":10,"key":"TungstenRod"}],"event_choices":[{"damage_healed":0,"gold_gain":0,"player_choice":"Grow","damage_taken":0,"max_hp_gain":0,"max_hp_loss":0,"event_name":"Living Wall","floor":2,"gold_loss":0,"cards_upgraded":["Cleave"]},{"damage_healed":0,"gold_gain":0,"player_choice":"Success","damage_taken":18,"relics_obtained":["Gremlin Horn"],"max_hp_gain":0,"max_hp_loss":0,"event_name":"Scrap Ooze","floor":3,"gold_loss":0},{"damage_healed":0,"gold_gain":0,"player_choice":"Left Gold","damage_taken":0,"max_hp_gain":0,"max_hp_loss":0,"event_name":"World of Goop","floor":13,"gold_loss":41}],"is_beta":false,"boss_relics":[{"not_picked":["Tiny House","Coffee Dripper"],"picked":"Empty Cage"}],"items_purged_floors":[],"is_endless":false,"potions_floor_spawned":[1,4,12,16],"killed_by":"Shelled Parasite and Fungi","ascension_level":15}}