{"host":"d02vqrhhew441p6s","time":1613583854,"event":{"mods":["BaseMod","Duelist Mod","Halation","Hubris","Infinite Spire","Minty Spire (QoL Compilation)","StSLib","The Jungle"],"gold_per_floor":[394,394,38,49,49,77,97,130,205,248,260,260,280,292,292,422,432,458,458,458,458,469,469,508,508,508,508,532,532,532,148,148,148,148],"floor_reached":33,"language":"ENG","playtime":1760,"items_purged":["Decay"],"score":425,"play_id":"e68ac536-41ba-4628-87ca-78432821c64a","local_time":"20210217184414","is_ascension_mode":true,"campfire_choices":[{"data":"theDuelist:Mountain","floor":12,"key":"SMITH"},{"floor":15,"key":"REST"},{"floor":23,"key":"REST"},{"floor":25,"key":"REST"},{"data":"theDuelist:TyrantWing","floor":27,"key":"SMITH"},{"floor":29,"key":"REST"},{"floor":32,"key":"REST"}],"circlet_count":0,"master_deck":["theDuelist:CaveDragon","theDuelist:ForbiddenLance+1","theDuelist:SilverWing","theDuelist:AxeDespair+1","theDuelist:SurvivalFittest","theDuelist:MegafleetDragon","theDuelist:YamataDragon","theDuelist:LesserDragon","theDuelist:LesserDragon","theDuelist:GravityLash","theDuelist:LostWorld+1","theDuelist:BabyDragon","theDuelist:Kabazauls","theDuelist:TyrantWing+1","theDuelist:LordD+1","theDuelist:CyberDragonNachster+1","theDuelist:TwinBarrelDragon","AscendersBane","theDuelist:CaveDragon","theDuelist:DarkHorus","theDuelist:Mountain+1","theDuelist:Vandalgyon","theDuelist:RainbowOverdragon","theDuelist:CyberDragonInfinity","theDuelist:Lancephorhynchus","theDuelist:MaskedDragon+1","theDuelist:CastleWalls"],"relics":["theDuelist:MillenniumPuzzle","theDuelist:CardPoolRelic","theDuelist:CardPoolBasicRelic","theDuelist:BoosterPackPoolRelic","theDuelist:CardPoolAddRelic","theDuelist:CardPoolMinusRelic","theDuelist:CardPoolSaveRelic","theDuelist:CardPoolOptionsRelic","Unceasing Top","Paper Frog","Darkstone Periapt","Pear","theDuelist:KaibaToken","Blue Candle","Astrolabe","hubris:SlimyHat","HandDrill","theDuelist:MillenniumArmor","halation:BottledLove","theDuelist:ArmorPlateD"],"acts_visited":["Exordium","TheCity"],"potions_floor_usage":[6,13,16,22,28,33],"damage_taken":[{"damage":1,"enemies":"Jaw Worm","floor":1,"turns":3},{"damage":7,"enemies":"Small Slimes","floor":4,"turns":2},{"damage":9,"enemies":"3 Sentries","floor":6,"turns":4},{"damage":0,"enemies":"2 Louse","floor":7,"turns":2},{"damage":8,"enemies":"Gremlin Nob","floor":8,"turns":3},{"damage":22,"enemies":"3 Sentries","floor":10,"turns":4},{"damage":1,"enemies":"Blue Slaver","floor":11,"turns":1},{"damage":5,"enemies":"Gremlin Gang","floor":13,"turns":4},{"damage":0,"enemies":"3 Louse","floor":14,"turns":1},{"damage":39,"enemies":"Hexaghost","floor":16,"turns":9},{"damage":39,"enemies":"3 Byrds","floor":18,"turns":6},{"damage":6,"enemies":"Shell Parasite","floor":22,"turns":3},{"damage":26,"enemies":"Nightmare","floor":24,"turns":10},{"damage":20,"enemies":"Chosen and Byrds","floor":28,"turns":7},{"damage":71,"enemies":"Champ","floor":33,"turns":10}],"seed_played":"1871207905199587470","potions_obtained":[{"floor":1,"key":"Weak Potion"},{"floor":7,"key":"theDuelist:DragonOrbBottle"},{"floor":8,"key":"theDuelist:DragonfirePotion"},{"floor":18,"key":"SneckoOil"},{"floor":24,"key":"theDuelist:BottledKuriboh"},{"floor":28,"key":"theDuelist:BabyPotion"}],"is_trial":false,"path_per_floor":["M","?","$","M","?","E","M","E","T","E","M","R","M","M","R","B",null,"M","?","?","$","M","R","NM","R","T","R","M","R","?","$","R","B"],"character_chosen":"THE_DUELIST","items_purchased":["Unceasing Top","theDuelist:DarkHorus","HandDrill","Block Potion","theDuelist:ArmorPlateD","theDuelist:Vandalgyon"],"campfire_rested":5,"item_purchase_floors":[3,3,21,21,31,31],"current_hp_per_floor":[71,71,71,64,64,55,55,57,57,35,34,34,29,29,53,14,65,26,32,32,19,13,39,13,39,39,39,19,45,45,45,71,0,0],"gold":148,"neow_bonus":"TWO_FIFTY_GOLD","is_daily":false,"chose_seed":false,"campfire_upgraded":2,"win_rate":0.0,"timestamp":1613583854,"path_taken":["M","?","$","M","?","E","M","E","T","E","M","R","M","M","R","BOSS","M","?","?","?","M","R","NM","R","T","R","M","R","?","$","R","BOSS"],"items_purchased_type":["Relic","Card","Relic","Potion","Relic","Card"],"build_version":"2020-12-22","purchased_purges":1,"victory":false,"max_hp_per_floor":[72,72,72,72,72,72,72,82,82,82,82,82,82,82,82,82,82,82,88,88,88,88,88,88,88,88,88,88,88,88,88,88,88,88],"card_choices":[{"not_picked":["theDuelist:Vandalgyon","theDuelist:SystemDown","theDuelist:CyberLaserDragon","theDuelist:WhiteHowling"],"picked":"theDuelist:Mountain","floor":1},{"not_picked":["theDuelist:ViceDragon","theDuelist:RedEyesZombie","theDuelist:MadFlameKaiju","theDuelist:AncientGearGadjiltron"],"picked":"theDuelist:Lancephorhynchus","floor":4},{"not_picked":["theDuelist:BattleguardKing","theDuelist:BigFire","theDuelist:LightningDarts","theDuelist:ForbiddenLance"],"picked":"theDuelist:RainbowOverdragon","floor":6},{"not_picked":["theDuelist:SystemDown","theDuelist:DragonTreasure","theDuelist:CyberDragonSieger"],"picked":"theDuelist:TyrantWing","floor":7},{"not_picked":["theDuelist:CurseDragon","theDuelist:DarkHorus","theDuelist:DefenseZone","theDuelist:Beatraptor"],"picked":"theDuelist:MegafleetDragon","floor":8},{"not_picked":["theDuelist:CyberTwinDragon","theDuelist:BlackPtera","theDuelist:BarrelDragon","theDuelist:BlackBrachios"],"picked":"theDuelist:Kabazauls","floor":10},{"not_picked":["theDuelist:OceanDragonLord","theDuelist:LostWorld","theDuelist:ChimeratechOverdragon","theDuelist:ArmedProtectorDragon"],"picked":"theDuelist:SurvivalFittest","floor":11},{"not_picked":["theDuelist:TailSwipe","theDuelist:StampingDestruction","theDuelist:VeilDarkness","theDuelist:SoulCharge"],"picked":"theDuelist:GravityLash","floor":13},{"not_picked":["theDuelist:SpiralSpearStrike","theDuelist:CyberRevsystem","theDuelist:SystemDown","theDuelist:SoulCharge"],"picked":"theDuelist:SilverWing","floor":14},{"not_picked":["theDuelist:VoidOgreDragon","theDuelist:QueenDragunDjinn","theDuelist:BlueDuston","theDuelist:ArmedProtectorDragon"],"picked":"theDuelist:CyberDragonInfinity","floor":16},{"not_picked":["theDuelist:Kabazauls","theDuelist:CloudianGhost","theDuelist:Pyrorex","theDuelist:DefenseZone"],"picked":"theDuelist:LordD+1","floor":18},{"not_picked":["theDuelist:BattleguardKing","theDuelist:Hinotama","theDuelist:LightningDarts","theDuelist:RainbowOverdragon"],"picked":"theDuelist:ForbiddenLance+1","floor":22},{"not_picked":["theDuelist:MegafleetDragon","theDuelist:BlackStego","theDuelist:LesserDragon+1","theDuelist:AmuletDragon"],"picked":"theDuelist:MaskedDragon+1","floor":24},{"not_picked":["theDuelist:Beatraptor","theDuelist:SilverDragon","theDuelist:AquaDolphin","theDuelist:DragonZombie+1"],"picked":"theDuelist:TwinBarrelDragon","floor":28}],"player_experience":554753,"relics_obtained":[{"floor":5,"key":"Paper Frog"},{"floor":6,"key":"Darkstone Periapt"},{"floor":8,"key":"Pear"},{"floor":9,"key":"theDuelist:KaibaToken"},{"floor":10,"key":"Blue Candle"},{"floor":24,"key":"theDuelist:MillenniumArmor"},{"floor":26,"key":"halation:BottledLove"}],"event_choices":[{"damage_healed":0,"gold_gain":0,"player_choice":"Leave","duelist":true,"damage_taken":0,"max_hp_gain":0,"max_hp_loss":0,"event_name":"Battle City","floor":2,"gold_loss":0},{"damage_healed":0,"gold_gain":0,"player_choice":"Smashed Altar","damage_taken":0,"max_hp_gain":0,"max_hp_loss":0,"event_name":"Forgotten Altar","floor":19,"gold_loss":0,"cards_obtained":["Decay"]},{"damage_healed":0,"gold_gain":0,"player_choice":"Opened","damage_taken":0,"relics_obtained":["hubris:SlimyHat"],"max_hp_gain":0,"max_hp_loss":0,"event_name":"The Mausoleum","floor":20,"gold_loss":0},{"damage_healed":0,"gold_gain":0,"player_choice":"Leave","duelist":true,"damage_taken":0,"max_hp_gain":0,"max_hp_loss":0,"event_name":"Egyptian Village","floor":30,"gold_loss":0}],"is_beta":false,"boss_relics":[{"not_picked":["theDuelist:HauntedRelic","Runic Dome"],"picked":"Astrolabe"}],"items_purged_floors":[31],"is_endless":true,"potions_floor_spawned":[1,7,8,18,24,28],"killed_by":"Champ","ascension_level":10}}