{"host":"9rxgn077cyjlend4","time":1613583911,"event":{"mods":["BaseMod","Minty Spire (QoL Compilation)","StSLib"],"gold_per_floor":[116,127,127,141,141,141,182,222,270,313,313,332,410,17,17,113,113,129,145,164,89,128,161,161,199,199,199,217,255,273,291,291,291,291],"floor_reached":33,"language":"ENG","playtime":1624,"items_purged":[],"score":613,"play_id":"6f1b87f4-a2d4-4f4b-8026-fe1f0fa8f8ed","local_time":"20210217174511","is_ascension_mode":true,"campfire_choices":[{"data":"Masterful Stab","floor":6,"key":"SMITH"},{"data":"Crippling Poison","floor":11,"key":"SMITH"},{"data":"Dagger Spray","floor":15,"key":"SMITH"},{"floor":24,"key":"REST"},{"floor":32,"key":"REST"}],"circlet_count":0,"master_deck":["AscendersBane","Strike_G","Strike_G","Strike_G","Strike_G","Defend_G","Defend_G","Defend_G","Defend_G","Defend_G","Survivor","Neutralize","CurseOfTheBell","Masterful Stab+1","Deadly Poison","Cloak And Dagger","Masterful Stab","Crippling Poison+1","Deadly Poison","Dagger Spray+1","Noxious Fumes","Night Terror","Dash","Backflip+1","Skewer","Writhe","PiercingWail","Bouncing Flask"],"relics":["Calling Bell","PreservedInsect","InkBottle","WingedGreaves","Golden Idol","Letter Opener","Akabeko","Ancient Tea Set","Ginger","Mercury Hourglass","Membership Card","StrikeDummy","Toy Ornithopter","Fusion Hammer","Red Mask","Tingsha","Smiling Mask","Pen Nib","Vajra","Du-Vu Doll"],"acts_visited":["Exordium","TheCity"],"potions_floor_usage":[7,10,13,23,25,28,28],"damage_taken":[{"damage":12,"enemies":"Jaw Worm","floor":1,"turns":7},{"damage":4,"enemies":"Small Slimes","floor":2,"turns":4},{"damage":0,"enemies":"2 Louse","floor":4,"turns":4},{"damage":4,"enemies":"Gremlin Nob","floor":7,"turns":3},{"damage":5,"enemies":"3 Sentries","floor":8,"turns":7},{"damage":15,"enemies":"Lagavulin","floor":10,"turns":4},{"damage":0,"enemies":"Large Slime","floor":12,"turns":4},{"damage":1,"enemies":"3 Sentries","floor":13,"turns":4},{"damage":4,"enemies":"Slime Boss","floor":16,"turns":7},{"damage":19,"enemies":"Spheric Guardian","floor":18,"turns":4},{"damage":8,"enemies":"2 Thieves","floor":19,"turns":2},{"damage":9,"enemies":"Centurion and Healer","floor":20,"turns":3},{"damage":0,"enemies":"Masked Bandits","floor":22,"turns":2},{"damage":11,"enemies":"Slavers","floor":23,"turns":4},{"damage":29,"enemies":"Book of Stabbing","floor":25,"turns":5},{"damage":0,"enemies":"Snake Plant","floor":28,"turns":2},{"damage":0,"enemies":"Gremlin Leader","floor":29,"turns":4},{"damage":0,"enemies":"Cultist and Chosen","floor":30,"turns":4},{"damage":4,"enemies":"Snecko","floor":31,"turns":3},{"damage":54,"enemies":"Collector","floor":33,"turns":5}],"seed_played":"-4817908581019494474","potions_obtained":[{"floor":4,"key":"Fire Potion"},{"floor":8,"key":"CunningPotion"},{"floor":10,"key":"Energy Potion"},{"floor":16,"key":"Strength Potion"},{"floor":19,"key":"DuplicationPotion"},{"floor":23,"key":"PowerPotion"},{"floor":25,"key":"Poison Potion"},{"floor":30,"key":"FairyPotion"}],"is_trial":false,"path_per_floor":["M","M","?","M","?","R","E","E","T","E","R","M","?","$","R","B",null,"M","M","M","?","?","E","R","E","T","?","M","E","M","M","R","B"],"character_chosen":"THE_SILENT","items_purchased":["Membership Card","Noxious Fumes","StrikeDummy","Toy Ornithopter"],"campfire_rested":2,"item_purchase_floors":[14,14,14,14],"current_hp_per_floor":[47,43,43,43,43,43,39,34,34,19,19,19,18,18,18,14,49,30,22,13,13,13,7,25,1,1,1,11,11,11,7,25,0,0],"gold":291,"neow_bonus":"BOSS_RELIC","is_daily":false,"chose_seed":false,"campfire_upgraded":3,"win_rate":0.0,"timestamp":1613583911,"path_taken":["M","M","?","M","?","R","E","E","T","E","R","?","?","$","R","BOSS","M","M","M","?","?","E","R","E","T","?","M","E","?","M","R","BOSS"],"items_purchased_type":["Relic","Card","Relic","Relic"],"build_version":"2020-12-22","purchased_purges":0,"victory":false,"max_hp_per_floor":[66,66,60,60,60,60,60,60,60,60,60,60,60,60,60,60,60,60,60,60,60,60,60,60,60,60,60,60,60,60,60,60,60,60],"card_choices":[{"not_picked":["Sucker Punch","Choke"],"picked":"Masterful Stab","floor":1},{"not_picked":["Cloak And Dagger","Noxious Fumes"],"picked":"Deadly Poison","floor":2},{"not_picked":["Setup","Underhanded Strike"],"picked":"Cloak And Dagger","floor":4},{"not_picked":["PiercingWail","Underhanded Strike"],"picked":"Masterful Stab","floor":7},{"not_picked":["Calculated Gamble","Concentrate"],"picked":"Crippling Poison","floor":8},{"not_picked":["Bane","Eviscerate"],"picked":"Deadly Poison","floor":10},{"not_picked":["Prepared","Acrobatics"],"picked":"Dagger Spray","floor":13},{"not_picked":["Die Die Die","Envenom"],"picked":"Night Terror","floor":16},{"not_picked":["PiercingWail","Backstab+1"],"picked":"Dash","floor":18},{"not_picked":["Cloak And Dagger","Expertise","Flying Knee+1"],"picked":"SKIP","floor":19},{"not_picked":["Flying Knee","Outmaneuver"],"picked":"Backflip+1","floor":20},{"not_picked":["Deadly Poison","Burst"],"picked":"Skewer","floor":23},{"not_picked":["Distraction","Prepared","Poisoned Stab+1"],"picked":"SKIP","floor":25},{"not_picked":["Flying Knee","Outmaneuver"],"picked":"PiercingWail","floor":28},{"not_picked":["Escape Plan","Phantasmal Killer","Glass Knife"],"picked":"SKIP","floor":29},{"not_picked":["Escape Plan","Phantasmal Killer","Glass Knife"],"picked":"SKIP","floor":29},{"not_picked":["Quick Slash","Sucker Punch","Dodge and Roll"],"picked":"SKIP","floor":30},{"not_picked":["Backflip","Bane"],"picked":"Bouncing Flask","floor":31}],"player_experience":678669,"relics_obtained":[{"floor":0,"key":"PreservedInsect"},{"floor":0,"key":"InkBottle"},{"floor":0,"key":"WingedGreaves"},{"floor":7,"key":"Letter Opener"},{"floor":8,"key":"Akabeko"},{"floor":9,"key":"Ancient Tea Set"},{"floor":10,"key":"Ginger"},{"floor":13,"key":"Mercury Hourglass"},{"floor":22,"key":"Red Mask"},{"floor":23,"key":"Tingsha"},{"floor":25,"key":"Smiling Mask"},{"floor":26,"key":"Pen Nib"},{"floor":29,"key":"Du-Vu Doll"}],"event_choices":[{"damage_healed":0,"gold_gain":0,"player_choice":"Lose Max HP","damage_taken":0,"relics_obtained":["Golden Idol"],"max_hp_gain":0,"max_hp_loss":6,"event_name":"Golden Idol","floor":3,"gold_loss":0},{"damage_healed":0,"gold_gain":0,"player_choice":"Ignored","damage_taken":0,"max_hp_gain":0,"max_hp_loss":0,"event_name":"Liars Game","floor":5,"gold_loss":0},{"damage_healed":0,"gold_gain":0,"player_choice":"Searched \u00271\u0027 times","damage_taken":0,"max_hp_gain":0,"max_hp_loss":0,"event_name":"Dead Adventurer","floor":13,"gold_loss":0},{"cards_removed":["Strike_G"],"damage_healed":0,"gold_gain":0,"player_choice":"Gave Gold","damage_taken":0,"max_hp_gain":0,"max_hp_loss":0,"event_name":"Beggar","floor":21,"gold_loss":75},{"damage_healed":0,"gold_gain":0,"player_choice":"Fought Bandits","damage_taken":0,"max_hp_gain":0,"max_hp_loss":0,"event_name":"Masked Bandits","floor":22,"gold_loss":0},{"damage_healed":0,"gold_gain":0,"player_choice":"Opened","damage_taken":0,"relics_obtained":["Vajra"],"max_hp_gain":0,"max_hp_loss":0,"event_name":"The Mausoleum","floor":27,"gold_loss":0,"cards_obtained":["Writhe"]}],"is_beta":false,"boss_relics":[{"not_picked":["Astrolabe","Ectoplasm"],"picked":"Fusion Hammer"}],"items_purged_floors":[],"is_endless":false,"potions_floor_spawned":[4,8,10,16,19,23,25,30],"killed_by":"Collector","ascension_level":15}}