{"host":"uxjsgyia3bdyayt0","time":1613561057,"event":{"mods":["AchievementEnabler","Act Like it!","BaseMod","Downfall","Gensokyo","KinomotoSakuraMod(木之本?)","Marisa（霧雨　魔理沙）","Minty Spire (QoL Compilation)","Prisma Mod","Reimu（博??梦）","Remilia（蕾米莉?）","Replay The Spire","StSLib","The Senshi","The Servant 0.9.4","Yakumo Yukari mod","Youmu（魂魄妖梦）","Yuyuko"],"gold_per_floor":[133,145,145,158,158,158,172,172,196,196,43,43,54,68,68,68,68],"floor_reached":16,"language":"ENG","playtime":718,"items_purged":[],"score":92,"play_id":"6cf5fec5-67af-498c-a2ef-6675443f45f1","local_time":"20210217112417","is_ascension_mode":false,"campfire_choices":[{"floor":6,"key":"REST"},{"data":"Anti_communist_purple","floor":8,"key":"SMITH"},{"data":"Charmbait_purple","floor":10,"key":"SMITH"},{"floor":15,"key":"REST"}],"circlet_count":0,"master_deck":["AT_purpleEX","AT_purpleEX","AT_purpleEX","AT_purpleEX+1","Defend_purpleEX","Defend_purpleEX","Defend_purpleEX+1","Defend_purpleEX","Observe_purple_1","Observe_purple_2","OmniscientAndOmnipotent_Monster_purple","Charmbait_purple+1","SharpContractionReality_purple","Anti_communist_purple+1","Umbrella_purple","MetroBOOM_purple+1"],"relics":["Boundary_crack","Memoryfragments_purpleEX","NeowsBlessing","Oddly Smooth Stone","Toy Ornithopter","Gremlin Food"],"acts_visited":["Exordium"],"potions_floor_usage":[16,16],"damage_taken":[{"damage":0,"enemies":"Cultist","floor":1,"turns":1},{"damage":0,"enemies":"Small Slimes","floor":2,"turns":1},{"damage":0,"enemies":"Jaw Worm","floor":4,"turns":1},{"damage":6,"enemies":"2 Fungi Beasts","floor":7,"turns":3},{"damage":2,"enemies":"Exordium Thugs","floor":13,"turns":4},{"damage":10,"enemies":"Looter","floor":14,"turns":3},{"damage":88,"enemies":"Fading Forest","floor":16,"turns":11}],"seed_played":"-1131885474379719189","potions_obtained":[{"floor":2,"key":"SpeedPotion"},{"floor":13,"key":"DistilledChaos"},{"floor":14,"key":"Doom Potion"}],"is_trial":false,"path_per_floor":["M","M","?","M","?","R","M","R","T","R","$","?","M","M","R","B"],"character_chosen":"Youkari","items_purchased":["Gremlin Food"],"campfire_rested":2,"item_purchase_floors":[11],"current_hp_per_floor":[70,70,56,56,44,65,60,60,60,60,60,60,58,49,70,0,0],"gold":68,"neow_bonus":"THREE_ENEMY_KILL","is_daily":false,"chose_seed":false,"campfire_upgraded":2,"win_rate":0.0,"timestamp":1613561057,"path_taken":["M","?","?","M","?","R","M","R","T","R","?","?","M","M","R","BOSS"],"items_purchased_type":["Relic"],"build_version":"2020-12-22","purchased_purges":0,"victory":false,"max_hp_per_floor":[70,70,70,70,70,70,70,70,70,70,70,70,70,70,70,70,70],"card_choices":[{"not_picked":["Realm_recovery_purpleEX","Line_surface_state_purple"],"picked":"OmniscientAndOmnipotent_Monster_purple","floor":1},{"not_picked":["DimensionStaggered_purple","Realm_recovery_purpleEX"],"picked":"Charmbait_purple","floor":2},{"not_picked":["SfantasyHide_purple","Realm_recovery_purpleEX"],"picked":"SharpContractionReality_purple","floor":4},{"not_picked":["StateErode_purple","RuleDissolution_purple"],"picked":"Anti_communist_purple","floor":7},{"not_picked":["RuleDissolution_purple","Mirror_FormAndEmptin_purple"],"picked":"Umbrella_purple","floor":13},{"not_picked":["OmniscientAndOmnipotent_Monster_purple","SfantasyHide_purple"],"picked":"MetroBOOM_purple","floor":14}],"player_experience":36508,"relics_obtained":[{"floor":9,"key":"Toy Ornithopter"}],"event_choices":[{"damage_healed":0,"gold_gain":0,"player_choice":"Entered Light","damage_taken":14,"max_hp_gain":0,"max_hp_loss":0,"event_name":"Shining Light","floor":3,"gold_loss":0,"cards_upgraded":["AT_purpleEX","Defend_purpleEX"]},{"damage_healed":0,"gold_gain":0,"player_choice":"Success","damage_taken":12,"relics_obtained":["Oddly Smooth Stone"],"max_hp_gain":0,"max_hp_loss":0,"event_name":"Scrap Ooze","floor":5,"gold_loss":0},{"damage_healed":0,"gold_gain":0,"player_choice":"Leave","damage_taken":0,"max_hp_gain":0,"max_hp_loss":0,"event_name":"The Cleric","floor":12,"gold_loss":0}],"is_beta":false,"boss_relics":[],"items_purged_floors":[],"is_endless":false,"potions_floor_spawned":[2,13,14],"killed_by":"Fading Forest","ascension_level":0}}