{"host":"blhqr6uo32maonpv","time":1613549966,"event":{"mods":["BaseMod","Conspire","Downfall","Minty Spire (QoL Compilation)","StSLib","The Bug Knight","The Marked"],"gold_per_floor":[99,116,116,16,32,46,46,64,64,80,80,90,90,106,118,213,213,13,31,31,31,16,47,47,62,62,162,178,178,78,90,106,211,211,211,226,244,244,244,256,256,271,271,271,271,271],"floor_reached":44,"language":"ENG","playtime":1939,"items_purged":[],"score":474,"play_id":"9f1c1bc5-3a8b-409c-853e-2fdec51987d8","local_time":"20210217041926","is_ascension_mode":false,"campfire_choices":[{"data":"Slimebound:Split","floor":1,"key":"SMITH"},{"floor":9,"key":"RECALL"},{"data":"Slimebound:FirmFortitude","floor":11,"key":"SMITH"},{"data":"Ghostly","floor":13,"key":"SMITH"},{"data":"Slimebound:SelfFormingGoo","floor":18,"key":"SMITH"},{"floor":30,"key":"REST"},{"data":"Slimebound:Overexert","floor":35,"key":"SMITH"}],"circlet_count":0,"master_deck":["Slimebound:Tackle","Slimebound:Defend_Slimebound","Slimebound:Defend_Slimebound","Slimebound:Defend_Slimebound","Slimebound:Defend_Slimebound","Slimebound:Split+1","Slimebound:CorrosiveSpit","Slimebound:LeechingTouch","Ghostly+1","Slimebound:ForwardTackle","Slimebound:Schlurp","Slimebound:SplitMire","Slimebound:SplitBruiser","Slimebound:DisruptingSlam","Slimebound:Repurpose","Slimebound:SelfFormingGoo+1","Slimebound:MegaLick","Bite","Bite","Bite","Bite","Bite","Pain","Slimebound:SplitAcid","Slimebound:SplitLeeching","Slimebound:PressTheAttack","Slimebound:Teamwork","Slimebound:LeadByExample+1","Slimebound:SamplingLick","Slimebound:HauntingLick","Slimebound:Overexert+1","Slimebound:SlimeBarrage","Slimebound:LeadByExample+1","Slimebound:Darklings","Slimebound:RainOfGoop+1","Slimebound:GoopSpray+1","Slimebound:Darklings"],"relics":["Slimebound:AbsorbEndCombatUpgraded","downfall:HeartBlessingBlue","downfall:HeartBlessingRed","WarpedTongs","Oddly Smooth Stone","Strawberry","conspire:InfiniteJournal","conspire:Dentures","downfall:HeartBlessingGreen","conspire:SlowCooker","TungstenRod"],"acts_visited":["Exordium","TheCity","TheBeyond"],"potions_floor_usage":[14,16,22,28,32,33,40],"damage_taken":[{"damage":5,"enemies":"Jaw Worm","floor":2,"turns":3},{"damage":8,"enemies":"2 Louse","floor":5,"turns":3},{"damage":4,"enemies":"Cultist","floor":6,"turns":3},{"damage":7,"enemies":"Exordium Wildlife","floor":8,"turns":3},{"damage":10,"enemies":"3 Louse","floor":10,"turns":3},{"damage":8,"enemies":"2 Fungi Beasts","floor":12,"turns":4},{"damage":9,"enemies":"Exordium Thugs","floor":14,"turns":4},{"damage":0,"enemies":"Exordium Wildlife","floor":15,"turns":4},{"damage":7,"enemies":"SI_SHIV_ARCHETYPE","floor":16,"turns":5},{"damage":26,"enemies":"Shell Parasite","floor":19,"turns":5},{"damage":12,"enemies":"downfall:FleeingMerchant","floor":22,"turns":4},{"damage":27,"enemies":"HollowMod:Nosk","floor":23,"turns":6},{"damage":35,"enemies":"3 Byrds","floor":25,"turns":5},{"damage":30,"enemies":"DF_ARCHETYPE_STREAMLINE","floor":27,"turns":6},{"damage":7,"enemies":"Snecko","floor":28,"turns":5},{"damage":23,"enemies":"Centurion and Healer","floor":31,"turns":7},{"damage":30,"enemies":"3 Cultists","floor":32,"turns":5},{"damage":43,"enemies":"IC_MUSHROOM_ARCHETYPE","floor":33,"turns":7},{"damage":14,"enemies":"Orb Walker","floor":36,"turns":3},{"damage":7,"enemies":"3 Darklings","floor":37,"turns":4},{"damage":55,"enemies":"Writhing Mass","floor":40,"turns":5},{"damage":39,"enemies":"Maw","floor":42,"turns":7},{"damage":29,"enemies":"Sphere and 2 Shapes","floor":44,"turns":5}],"seed_played":"6624889248699628819","potions_obtained":[{"floor":6,"key":"SneckoOil"},{"floor":8,"key":"Fire Potion"},{"floor":12,"key":"SkillPotion"},{"floor":19,"key":"LiquidMemories"},{"floor":27,"key":"Dexterity Potion"},{"floor":31,"key":"champ:CounterPotion"},{"floor":32,"key":"DistilledChaos"},{"floor":36,"key":"bronze:BurnAndBuffPotion"},{"floor":37,"key":"SteroidPotion"}],"is_trial":false,"path_per_floor":["R","M","?","?","M","M","T","M","R","M","R","M","R","M","M","B",null,"R","M","?","?","$","E","T","M","?","?","M","?","R","M","M","B",null,"R","M","M","?","?","M","T","M","?","M"],"character_chosen":"SLIMEBOUND","items_purchased":[],"campfire_rested":1,"item_purchase_floors":[],"current_hp_per_floor":[71,71,71,71,67,67,67,62,62,56,56,52,52,51,57,58,71,81,67,56,56,56,46,53,27,27,15,31,31,49,46,38,20,63,63,55,63,63,63,23,23,11,11,0,0,0],"gold":271,"neow_bonus":"TEN_PERCENT_HP_BONUS","is_daily":false,"chose_seed":false,"campfire_upgraded":5,"win_rate":0.0,"timestamp":1613549966,"path_taken":["R","M","?","?","M","M","T","M","R","M","R","M","R","M","M","BOSS","R","M","?","?","$","E","T","?","?","?","M","?","R","M","M","BOSS","R","M","M","?","?","?","T","M","?","M"],"items_purchased_type":[],"build_version":"2020-12-22","purchased_purges":0,"victory":false,"max_hp_per_floor":[71,71,71,71,71,71,71,71,71,71,71,71,71,71,71,71,71,81,81,56,56,56,56,63,63,63,63,63,63,63,63,63,63,63,63,63,63,63,63,63,63,63,63,63,63,63],"card_choices":[{"not_picked":["Slimebound:SlimeSpikes","Slimebound:LivingWall"],"picked":"Slimebound:LeechingTouch","floor":2},{"not_picked":["Slimebound:LeechingTouch","Slimebound:GoopSpray"],"picked":"Slimebound:ForwardTackle","floor":5},{"not_picked":["Slimebound:RollThrough","Slimebound:GoopTackle"],"picked":"Slimebound:Schlurp","floor":6},{"not_picked":["Slimebound:LeechingTouch","Slimebound:LeechEnergy"],"picked":"Slimebound:FirmFortitude","floor":8},{"not_picked":["Slimebound:SpikyOuterGoop","Slimebound:LivingWall"],"picked":"Slimebound:SplitMire","floor":10},{"not_picked":["Slimebound:SplitMire","Slimebound:GoopTackle"],"picked":"Slimebound:SplitBruiser","floor":12},{"not_picked":["Slimebound:Schlurp","Slimebound:HauntingLick"],"picked":"Slimebound:DisruptingSlam","floor":14},{"not_picked":["Slimebound:GoopTackle","Slimebound:TongueLash"],"picked":"Slimebound:Repurpose","floor":15},{"not_picked":["Slimebound:SlimeSlap","Slimebound:MassFeed"],"picked":"Slimebound:SelfFormingGoo","floor":16},{"not_picked":["Slimebound:ComboTackle","Slimebound:SamplingLick"],"picked":"Slimebound:MegaLick","floor":19},{"not_picked":["Slimebound:GoopTackle","Slimebound:MassFeed"],"picked":"Slimebound:SplitAcid","floor":22},{"not_picked":["Slimebound:SamplingLick+1","Slimebound:RejuvenatingLick+1"],"picked":"Slimebound:SplitLeeching","floor":23},{"not_picked":["Slimebound:GoopSpray","Slimebound:HauntingLick"],"picked":"Slimebound:PressTheAttack","floor":25},{"not_picked":["Slimebound:SplitMire","Slimebound:LeechingTouch"],"picked":"Slimebound:Teamwork","floor":27},{"not_picked":["Slimebound:SpikyOuterGoop","Slimebound:SlimeBarrage"],"picked":"Slimebound:LeadByExample+1","floor":28},{"not_picked":["Slimebound:SplitBruiser","Slimebound:LeechEnergy"],"picked":"Slimebound:SamplingLick","floor":31},{"not_picked":["Slimebound:BestDefense","Slimebound:TongueLash+1"],"picked":"Slimebound:HauntingLick","floor":32},{"not_picked":["Slimebound:OozeBath","Slimebound:SlimeSlap"],"picked":"Slimebound:Overexert","floor":33},{"not_picked":["Slimebound:SplitMire","Slimebound:SplitLeeching"],"picked":"Slimebound:SlimeBarrage","floor":36},{"not_picked":["Slimebound:RejuvenatingLick+1","Slimebound:SamplingLick+1"],"picked":"Slimebound:LeadByExample+1","floor":37},{"not_picked":["Slimebound:SplitMire","Slimebound:HauntingLick"],"picked":"Slimebound:RainOfGoop+1","floor":40},{"not_picked":["Slimebound:Chomp","Slimebound:SamplingLick"],"picked":"Slimebound:GoopSpray+1","floor":42}],"player_experience":26274,"relics_obtained":[{"floor":23,"key":"Oddly Smooth Stone"},{"floor":24,"key":"Strawberry"},{"floor":27,"key":"conspire:InfiniteJournal"},{"floor":27,"key":"conspire:Dentures"},{"floor":41,"key":"TungstenRod"}],"event_choices":[{"damage_healed":0,"gold_gain":0,"player_choice":"Argue","damage_taken":0,"max_hp_gain":0,"max_hp_loss":0,"event_name":"conspire:LoneGhost","floor":4,"gold_loss":0},{"damage_healed":0,"gold_gain":0,"player_choice":"Became a vampire","damage_taken":0,"max_hp_gain":0,"max_hp_loss":25,"event_name":"Vampires","floor":20,"gold_loss":0,"cards_obtained":["Bite","Bite","Bite","Bite","Bite"]},{"damage_healed":0,"gold_gain":0,"player_choice":"Rummage","damage_taken":0,"relics_obtained":["WarpedTongs"],"max_hp_gain":0,"max_hp_loss":0,"event_name":"Accursed Blacksmith","floor":21,"gold_loss":0,"cards_obtained":["Pain"]},{"damage_healed":0,"gold_gain":0,"player_choice":"Ignored","damage_taken":0,"max_hp_gain":0,"max_hp_loss":0,"event_name":"Ghosts","floor":26,"gold_loss":0},{"damage_healed":0,"gold_gain":0,"player_choice":"Ignored","damage_taken":0,"max_hp_gain":0,"max_hp_loss":0,"event_name":"Mysterious Sphere","floor":38,"gold_loss":0}],"is_beta":false,"boss_relics":[{"not_picked":["Snecko Eye","Runic Dome"],"picked":"Slimebound:AbsorbEndCombatUpgraded"},{"not_picked":["conspire:RunicOctahedron","Slimebound:TarBlob"],"picked":"conspire:SlowCooker"}],"items_purged_floors":[],"is_endless":false,"potions_floor_spawned":[6,8,12,19,27,31,32,36,37],"killed_by":"Sphere and 2 Shapes","ascension_level":0}}