{"host":"5agrj1fd4s00r127","time":1613573514,"event":{"mods":["BaseMod","Minty Spire (QoL Compilation)","StSLib"],"gold_per_floor":[117,117,134,59,59,59,93,112,182,182,200,217,217,252,252,353,353,353,353,353,353,353,353,353,353,353],"floor_reached":25,"language":"RUS","playtime":1135,"items_purged":["Defend_B"],"score":260,"play_id":"758e0237-a7e6-4197-99f3-eae869dc2e4e","local_time":"20210217165154","is_ascension_mode":false,"campfire_choices":[{"data":"Dualcast","floor":6,"key":"SMITH"},{"data":"Machine Learning","floor":15,"key":"SMITH"}],"circlet_count":0,"master_deck":["Strike_B+1","Strike_B+1","Strike_B+1","Defend_B+1","Defend_B+1","Defend_B+1","Zap+1","Dualcast+1","Doom and Gloom","Chill","Machine Learning+1","Hologram","Undo","Force Field","Sweeping Beam","Rebound","Amplify","Self Repair","Redo","Glacier+1","Static Discharge","Blizzard","Turbo"],"relics":["Cracked Core","NeowsBlessing","Lantern","Pear","Bottled Lightning","Ectoplasm","Ornamental Fan"],"acts_visited":["Exordium","TheCity"],"potions_floor_usage":[14,16,23,25],"damage_taken":[{"damage":0,"enemies":"Jaw Worm","floor":1,"turns":1},{"damage":0,"enemies":"Cultist","floor":3,"turns":1},{"damage":0,"enemies":"3 Sentries","floor":7,"turns":1},{"damage":2,"enemies":"Small Slimes","floor":8,"turns":2},{"damage":0,"enemies":"Exordium Thugs","floor":11,"turns":4},{"damage":4,"enemies":"Blue Slaver","floor":12,"turns":3},{"damage":13,"enemies":"Lagavulin","floor":14,"turns":4},{"damage":38,"enemies":"Hexaghost","floor":16,"turns":9},{"damage":12,"enemies":"Shell Parasite","floor":18,"turns":7},{"damage":2,"enemies":"Chosen","floor":19,"turns":4},{"damage":23,"enemies":"Centurion and Healer","floor":20,"turns":10},{"damage":1,"enemies":"Snecko","floor":22,"turns":4},{"damage":72,"enemies":"Gremlin Leader","floor":23,"turns":8},{"damage":3,"enemies":"Sentry and Sphere","floor":24,"turns":5},{"damage":14,"enemies":"Slavers","floor":25,"turns":3}],"seed_played":"-5148720523131972795","potions_obtained":[{"floor":1,"key":"Ancient Potion"},{"floor":12,"key":"Strength Potion"},{"floor":14,"key":"PotionOfCapacity"},{"floor":20,"key":"Weak Potion"},{"floor":23,"key":"DuplicationPotion"}],"is_trial":false,"path_per_floor":["M","?","M","$","?","R","E","M","T","?","M","M","?","E","R","B",null,"M","M","M","?","M","E","M","E"],"character_chosen":"DEFECT","items_purchased":[],"campfire_rested":0,"item_purchase_floors":[],"current_hp_per_floor":[75,75,75,75,60,60,60,58,68,68,68,64,64,51,51,13,85,73,78,69,69,75,10,14,0,0],"gold":353,"neow_bonus":"THREE_ENEMY_KILL","is_daily":false,"chose_seed":false,"campfire_upgraded":2,"win_rate":0.0,"timestamp":1613573514,"path_taken":["M","?","M","?","?","R","E","M","T","?","M","?","?","E","R","BOSS","M","M","M","?","M","E","M","E"],"items_purchased_type":[],"build_version":"2020-12-22","purchased_purges":1,"victory":false,"max_hp_per_floor":[75,75,75,75,75,75,75,75,85,85,85,85,85,85,85,85,85,85,85,85,85,85,85,85,85,85],"card_choices":[{"not_picked":["Hologram","Stack"],"picked":"Doom and Gloom","floor":1},{"not_picked":["Turbo","Rebound"],"picked":"Chill","floor":3},{"not_picked":["Self Repair","Beam Cell"],"picked":"Machine Learning","floor":7},{"not_picked":["Gash","Barrage"],"picked":"Hologram","floor":8},{"not_picked":["Compile Driver","Sweeping Beam"],"picked":"Force Field","floor":11},{"not_picked":["FTL","Leap"],"picked":"Sweeping Beam","floor":12},{"not_picked":["Doom and Gloom","Gash"],"picked":"Rebound","floor":14},{"not_picked":["Machine Learning","Hyperbeam"],"picked":"Amplify","floor":16},{"not_picked":["Stack","Go for the Eyes"],"picked":"Self Repair","floor":18},{"not_picked":["Cold Snap","Compile Driver"],"picked":"Redo","floor":19},{"not_picked":["Sweeping Beam","Tempest"],"picked":"Glacier+1","floor":20},{"not_picked":["Hologram","Reinforced Body+1"],"picked":"Static Discharge","floor":22},{"not_picked":["Hello World","Beam Cell"],"picked":"Blizzard","floor":23},{"not_picked":["Darkness","Force Field"],"picked":"Turbo","floor":24}],"player_experience":28842,"relics_obtained":[{"floor":7,"key":"Lantern"},{"floor":9,"key":"Pear"},{"floor":14,"key":"Bottled Lightning"},{"floor":23,"key":"Ornamental Fan"}],"event_choices":[{"cards_removed":["Strike_B"],"damage_healed":0,"gold_gain":0,"player_choice":"Offered Basic","damage_taken":0,"max_hp_gain":0,"max_hp_loss":0,"event_name":"Bonfire Elementals","floor":2,"gold_loss":0},{"damage_healed":0,"gold_gain":0,"player_choice":"Entered Light","damage_taken":15,"max_hp_gain":0,"max_hp_loss":0,"event_name":"Shining Light","floor":5,"gold_loss":0,"cards_upgraded":["Zap","Defend_B"]},{"damage_healed":0,"gold_gain":0,"player_choice":"1 cards matched","damage_taken":0,"max_hp_gain":0,"max_hp_loss":0,"event_name":"Match and Keep!","floor":10,"gold_loss":0,"cards_obtained":["Undo"]},{"damage_healed":0,"gold_gain":0,"player_choice":"Ignored","damage_taken":0,"max_hp_gain":0,"max_hp_loss":0,"event_name":"NoteForYourself","floor":13,"gold_loss":0},{"damage_healed":0,"gold_gain":0,"player_choice":"Simplicity","damage_taken":0,"max_hp_gain":0,"max_hp_loss":0,"event_name":"Back to Basics","floor":21,"gold_loss":0,"cards_upgraded":["Strike_B","Strike_B","Strike_B","Defend_B","Defend_B"]}],"is_beta":false,"boss_relics":[{"not_picked":["Runic Pyramid","SacredBark"],"picked":"Ectoplasm"}],"items_purged_floors":[4],"is_endless":false,"potions_floor_spawned":[1,12,14,20,23],"killed_by":"Slavers","ascension_level":0}}