{"host":"nonrudiqgwgca70t","time":1613601944,"event":{"mods":["BaseMod","Hermit","MarisaÅiñ∂âJÅ@ñÇóùçπÅj","Minty Spire (QoL Compilation)","StSLib","The Cursed"],"gold_per_floor":[109,109,34,53,53,53,66,91,91,124,148,168,204,222,222,348,348,372,415,415,415,293,293,353,353,377,426,468,492,591,652,652,775,775,806,806,822,881,228,228,308,308,333,31,143,143,143,154,154,178],"floor_reached":51,"language":"ENG","playtime":12348,"items_purged":["Regret","Decay","Defend_MRS+1"],"score":807,"play_id":"f84fa9de-45ff-4c2c-8054-da81567a3557","local_time":"20210217154544","is_ascension_mode":false,"campfire_choices":[{"data":"MasterSpark","floor":6.0,"key":"SMITH"},{"data":"MillisecondPulsars","floor":15.0,"key":"SMITH"},{"data":"CasketOfStar","floor":23.0,"key":"SMITH"},{"data":"DeepEcoloBomb","floor":25.0,"key":"SMITH"},{"floor":32.0,"key":"REST"},{"data":"EnergyFlow","floor":40,"key":"SMITH"},{"data":"AsteroidBelt","floor":42,"key":"SMITH"},{"data":"Strike_MRS+1","floor":46,"key":"PURGE"},{"floor":49,"key":"REST"}],"circlet_count":0,"master_deck":["Strike_MRS+1","Strike_MRS+1","Strike_MRS+1","Defend_MRS+1","Defend_MRS+1","Defend_MRS+1","MasterSpark+1","UpSweep","WitchLeyline","MachineGunSpark","Robbery","GalacticHalo+1","AsteroidBelt+1","6A","MillisecondPulsars+1","Robbery","DragonMeteor","CasketOfStar+1","AlicesGift","GrandCross","DeepEcoloBomb+1","Acceleration","DarkMatter","LuminesStrike+1","MilkyWay+1","ShootTheMoon+1","DoubleSpark+1","BinaryStars","WitchOfGreed+1","ChargingUp+1","MysteriousBeam+1","EnergyFlow+1","NonDirectionalLaser+1","EnergyFlow+1","UltimateShortwave"],"relics":["MiniHakkero","Question Card","Mummified Hand","Strawberry","Bag of Preparation","Philosopher\u0027s Stone","Red Mask","Bronze Scales","Dream Catcher","SacredBark","Mango","Bag of Marbles","Blood Vial","Smiling Mask","Vajra","Anchor","Peace Pipe"],"acts_visited":["Exordium","TheCity","TheBeyond"],"potions_floor_usage":[41,45,48,50,50],"damage_taken":[{"damage":8.0,"enemies":"Small Slimes","floor":1.0,"turns":3.0},{"damage":1.0,"enemies":"Jaw Worm","floor":4.0,"turns":2.0},{"damage":10.0,"enemies":"Cultist","floor":7.0,"turns":3.0},{"damage":11.0,"enemies":"Blue Slaver","floor":8.0,"turns":3.0},{"damage":22.0,"enemies":"Gremlin Nob","floor":10.0,"turns":4.0},{"damage":5.0,"enemies":"3 Louse","floor":11.0,"turns":4.0},{"damage":1.0,"enemies":"Exordium Wildlife","floor":12.0,"turns":3.0},{"damage":19.0,"enemies":"Lagavulin","floor":13.0,"turns":7.0},{"damage":5.0,"enemies":"Large Slime","floor":14.0,"turns":4.0},{"damage":24.0,"enemies":"Slime Boss","floor":16.0,"turns":9.0},{"damage":0.0,"enemies":"Spheric Guardian","floor":18.0,"turns":3.0},{"damage":13.0,"enemies":"Shell Parasite","floor":19.0,"turns":4.0},{"damage":6.0,"enemies":"Masked Bandits","floor":24.0,"turns":3.0},{"damage":24.0,"enemies":"Slavers","floor":27.0,"turns":3.0},{"damage":0.0,"enemies":"Sentry and Sphere","floor":28.0,"turns":3.0},{"damage":8.0,"enemies":"Cultist and Chosen","floor":29.0,"turns":3.0},{"damage":7.0,"enemies":"Snake Plant","floor":31.0,"turns":3.0},{"damage":37.0,"enemies":"Collector","floor":33.0,"turns":10.0},{"damage":19,"enemies":"3 Darklings","floor":35,"turns":3},{"damage":5,"enemies":"Orb Walker","floor":37,"turns":2},{"damage":22,"enemies":"Jaw Worm Horde","floor":38,"turns":5},{"damage":0,"enemies":"Reptomancer","floor":41,"turns":5},{"damage":0,"enemies":"2 Orb Walkers","floor":45,"turns":3},{"damage":13,"enemies":"Writhing Mass","floor":48,"turns":4},{"damage":57,"enemies":"Awakened One","floor":50,"turns":8}],"seed_played":"8349088471719779874","potions_obtained":[{"floor":1.0,"key":"Explosive Potion"},{"floor":4.0,"key":"FairyPotion"},{"floor":7.0,"key":"SneckoOil"},{"floor":10.0,"key":"Swift Potion"},{"floor":13.0,"key":"Dexterity Potion"},{"floor":19.0,"key":"SpeedPotion"},{"floor":29.0,"key":"Fruit Juice"},{"floor":33.0,"key":"LiquidMemories"},{"floor":38,"key":"BottledSpark"},{"floor":41,"key":"Fire Potion"},{"floor":45,"key":"GamblersBrew"},{"floor":48,"key":"Explosive Potion"}],"is_trial":false,"path_per_floor":["M","?","$","M","?","R","M","M","T","E","M","M","E","M","R","B",null,"M","M","?","?","$","R","?","R","T","E","M","M","?","M","R","B",null,"M","?","M","M","$","R","E","R","T","$","?","R","?","M","R","B",null],"character_chosen":"MARISA","items_purchased":["Acceleration","Mango","EnergyFlow","Bag of Marbles","Vajra","Anchor"],"campfire_rested":2,"item_purchase_floors":[22,39,39,39,44,44],"current_hp_per_floor":[74,74,74,73,73,73,63,52,52,37,32,31,12,7,7,9,89,89,76,76,76,76,76,70,70,70,46,46,43,43,36,64,27,94,75,75,70,48,62,62,62,62,62,62,64,64,64,53,85,30],"gold":178,"neow_bonus":"TEN_PERCENT_HP_BONUS","is_daily":false,"chose_seed":false,"campfire_upgraded":6,"win_rate":0.0,"timestamp":1613601944,"path_taken":["M","?","$","M","?","R","M","M","T","E","M","M","E","?","R","BOSS","M","M","?","?","$","R","?","R","T","E","?","M","?","M","R","BOSS","M","?","?","M","$","R","E","R","T","$","?","R","?","M","R","BOSS"],"items_purchased_type":["Card","Relic","Card","Relic","Relic","Relic"],"build_version":"2020-12-22","purchased_purges":3,"victory":true,"max_hp_per_floor":[82,82,82,82,82,82,82,82,82,89,89,89,89,89,89,89,89,89,89,89,89,89,89,89,89,89,89,89,94,94,94,94,94,94,94,94,94,94,108,108,108,108,108,108,108,108,108,108,108,108],"card_choices":[{"not_picked":["MagicChant","MilkyWay"],"picked":"WitchLeyline","floor":1.0},{"not_picked":["MysteriousBeam","UnstableBomb","Orbital"],"picked":"MachineGunSpark","floor":4.0},{"not_picked":["ChargingUp","6A","SporeBomb"],"picked":"Robbery","floor":7.0},{"not_picked":["Acceleration","GravityBeat","StarDustReverie"],"picked":"GalacticHalo","floor":8.0},{"not_picked":["EnergyRecoil","OpenUniverse","Occultation"],"picked":"AsteroidBelt","floor":10.0},{"not_picked":["MysteriousBeam","LuminesStrike","ShootingEcho"],"picked":"6A","floor":11.0},{"not_picked":["Acceleration","SporeBomb","GravityBeat"],"picked":"MillisecondPulsars","floor":12.0},{"not_picked":["EnergyRecoil","PropBag","SatelliteIllusion"],"picked":"Robbery","floor":13.0},{"not_picked":["SprinkleStarSeal","DoubleSpark","GravityBeat"],"picked":"DragonMeteor","floor":14.0},{"not_picked":["MaximisePower","BlazingStar","FinalSpark"],"picked":"CasketOfStar","floor":16.0},{"not_picked":["ChargeUpSpray","MagicChant","WitchLeyline"],"picked":"AlicesGift","floor":18.0},{"not_picked":["MilkyWay","StarlightTyphoon+1","PowerUp"],"picked":"GrandCross","floor":19.0},{"not_picked":["DragonMeteor","GravityBeat+1","DoubleSpark"],"picked":"DarkMatter","floor":24.0},{"not_picked":["SatelliteIllusion","AsteroidBelt","ChargeUpSpray"],"picked":"LuminesStrike+1","floor":27.0},{"not_picked":["GalacticHalo","MeteoricShower+1","6A"],"picked":"MilkyWay+1","floor":28.0},{"not_picked":["GalacticHalo","EventHorizon+1","DC"],"picked":"ShootTheMoon+1","floor":29.0},{"not_picked":["OpenUniverse+1","ChargingUp","PowerUp","WitchOfGreed"],"picked":"SKIP","floor":31.0},{"not_picked":["GrandCross","AsteroidBelt","GravityBeat+1"],"picked":"DoubleSpark+1","floor":32.0},{"not_picked":["BigCrunch","AbsoluteMagnitude","MaximisePower"],"picked":"BinaryStars","floor":33.0},{"not_picked":["MachineGunSpark+1","MysteriousBeam","LuminesStrike"],"picked":"WitchOfGreed+1","floor":35},{"not_picked":["WitchLeyline+1","GrandCross+1","OpenUniverse+1"],"picked":"ChargingUp+1","floor":37},{"not_picked":["EarthLightRay","SprinkleStarSeal+1","MilkyWay+1"],"picked":"MysteriousBeam+1","floor":38},{"not_picked":["WitchOfGreed+1","AlicesGift","WitchLeyline+1","GalacticHalo"],"picked":"SKIP","floor":41},{"not_picked":["Occultation+1","StarlightTyphoon+1","PowerUp"],"picked":"NonDirectionalLaser+1","floor":45},{"not_picked":["WitchLeyline","MysteriousBeam","GrandCross"],"picked":"UltimateShortwave","floor":48}],"player_experience":164956,"relics_obtained":[{"floor":9.0,"key":"Mummified Hand"},{"floor":10.0,"key":"Strawberry"},{"floor":13.0,"key":"Bag of Preparation"},{"floor":24.0,"key":"Red Mask"},{"floor":26.0,"key":"Bronze Scales"},{"floor":27.0,"key":"Dream Catcher"},{"floor":41,"key":"Blood Vial"},{"floor":43,"key":"Smiling Mask"},{"floor":45,"key":"Peace Pipe"}],"event_choices":[{"damage_healed":0.0,"max_hp_gain":0.0,"max_hp_loss":0.0,"gold_gain":0.0,"event_name":"Big Fish","player_choice":"Box","floor":2.0,"gold_loss":0.0,"damage_taken":0.0,"relics_obtained":["Question Card"],"cards_obtained":["Regret"]},{"damage_healed":0.0,"max_hp_gain":0.0,"max_hp_loss":0.0,"gold_gain":0.0,"event_name":"Wheel of Change","player_choice":"Cursed","floor":5.0,"gold_loss":0.0,"damage_taken":0.0,"cards_obtained":["Decay"]},{"damage_healed":0.0,"max_hp_gain":0.0,"max_hp_loss":0.0,"gold_gain":0.0,"event_name":"The Library","player_choice":"Read","floor":20.0,"gold_loss":0.0,"damage_taken":0.0,"cards_obtained":["DeepEcoloBomb"]},{"damage_healed":0.0,"max_hp_gain":0.0,"max_hp_loss":0.0,"gold_gain":0.0,"event_name":"Back to Basics","player_choice":"Simplicity","floor":21.0,"gold_loss":0.0,"damage_taken":0.0,"cards_upgraded":["Strike_MRS","Strike_MRS","Strike_MRS","Strike_MRS","Defend_MRS","Defend_MRS","Defend_MRS","Defend_MRS"]},{"damage_healed":0.0,"max_hp_gain":0.0,"max_hp_loss":0.0,"gold_gain":0.0,"event_name":"Masked Bandits","player_choice":"Fought Bandits","floor":24.0,"gold_loss":0.0,"damage_taken":0.0},{"damage_healed":0.0,"max_hp_gain":0.0,"max_hp_loss":0.0,"gold_gain":99.0,"event_name":"Nest","player_choice":"Stole From Cult","floor":30.0,"gold_loss":0.0,"damage_taken":0.0},{"damage_healed":0,"gold_gain":0,"player_choice":"Forge","damage_taken":0,"max_hp_gain":0,"max_hp_loss":0,"event_name":"Accursed Blacksmith","floor":36,"gold_loss":0,"cards_upgraded":["GalacticHalo"]},{"damage_healed":0,"gold_gain":0,"player_choice":"Fight","damage_taken":0,"max_hp_gain":0,"max_hp_loss":0,"event_name":"Mysterious Sphere","floor":45,"gold_loss":0},{"damage_healed":0,"gold_gain":0,"player_choice":"Copied","damage_taken":0,"max_hp_gain":0,"max_hp_loss":0,"event_name":"Duplicator","floor":47,"gold_loss":0,"cards_obtained":["EnergyFlow"]}],"is_beta":false,"boss_relics":[{"not_picked":["Empty Cage","Fusion Hammer"],"picked":"Philosopher\u0027s Stone"},{"not_picked":["Black Star","Velvet Choker"],"picked":"SacredBark"}],"items_purged_floors":[3,22,39],"is_endless":false,"potions_floor_spawned":[1,4,7,10,13,19,29,33,37,38,41,48],"ascension_level":0}}