{"host":"n0tx3esfb93mqoc3","time":1613531867,"event":{"mods":["BaseMod","Colored Powertips","Downfall","Hermit","Highlight Path","Minty Spire (QoL Compilation)","Quick Restart","Replay The Spire","StSLib","The Cursed","The Servant 0.9.4"],"gold_per_floor":[118,11,77,23,43,43,56,72,95,125,125,144,164,176,176,176,176],"floor_reached":16,"language":"ENG","playtime":1423,"items_purged":[],"score":94,"play_id":"04f6dfc9-6172-4fd6-9275-f5dcab445f84","local_time":"20210216221747","is_ascension_mode":false,"campfire_choices":[{"data":"CutThroughFate","floor":6,"key":"SMITH"},{"floor":11,"key":"REST"},{"data":"Nirvana","floor":15,"key":"SMITH"}],"circlet_count":0,"master_deck":["Strike_P","Strike_P","Strike_P","Strike_P","Defend_P","Defend_P","Defend_P","Defend_P","Eruption","Vigilance","BattleHymn","Meditate","Wallop","CutThroughFate+1","SandsOfTime+1","Halt","Replay:ManipulateFuture","EmptyBody","Swivel","Replay:AtTheReady","PathToVictory","Nirvana+1"],"relics":["PureWater","NeowsBlessing","Juzu Bracelet","ReplayTheSpireMod:TigerMarble","Odd Mushroom"],"acts_visited":["Exordium"],"potions_floor_usage":[],"damage_taken":[{"damage":0,"enemies":"Jaw Worm","floor":1,"turns":1},{"damage":0,"enemies":"2 Louse","floor":5,"turns":1},{"damage":0,"enemies":"Cultist","floor":7,"turns":1},{"damage":0,"enemies":"Red Slaver","floor":8,"turns":4},{"damage":18,"enemies":"The Mushroom Lair","floor":10,"turns":4},{"damage":0,"enemies":"2 Fungi Beasts","floor":12,"turns":4},{"damage":6,"enemies":"Exordium Wildlife","floor":13,"turns":6},{"damage":1,"enemies":"Red Slaver","floor":14,"turns":3},{"damage":0,"enemies":"Fading Forest","floor":16,"turns":2}],"seed_played":"6103617428439359298","potions_obtained":[{"floor":1,"key":"PowerPotion"},{"floor":3,"key":"StancePotion"},{"floor":3,"key":"Toxic Potion"},{"floor":7,"key":"Milkshake"}],"is_trial":false,"path_per_floor":["M","$","?","$","M","R","M","M","T","?","R","M","M","M","R","B"],"character_chosen":"WATCHER","items_purchased":["Meditate","Wallop","SandsOfTime+1"],"campfire_rested":1,"item_purchase_floors":[2,2,4],"current_hp_per_floor":[72,72,72,72,72,72,72,72,72,54,72,72,66,65,65,65,65],"gold":176,"neow_bonus":"THREE_ENEMY_KILL","is_daily":false,"chose_seed":false,"campfire_upgraded":2,"win_rate":0.0,"timestamp":1613531867,"path_taken":["M","$","?","?","M","R","M","M","T","?","R","M","M","M","R","BOSS"],"items_purchased_type":["Card","Card","Card"],"build_version":"2020-12-22","purchased_purges":0,"victory":false,"max_hp_per_floor":[72,72,72,72,72,72,72,72,72,72,72,72,72,72,72,72,72],"card_choices":[{"not_picked":["Replay:Cycle","CarveReality"],"picked":"BattleHymn","floor":1},{"not_picked":["FollowUp","SashWhip"],"picked":"CutThroughFate","floor":3},{"not_picked":["CrushJoints","Replay:ManipulateFuture"],"picked":"Halt","floor":5},{"not_picked":["LessonLearned","EmptyMind"],"picked":"Replay:ManipulateFuture","floor":7},{"not_picked":["Replay:ManipulateFuture","JustLucky"],"picked":"EmptyBody","floor":8},{"not_picked":["CutThroughFate","Weave"],"picked":"Swivel","floor":10},{"not_picked":["SandsOfTime","ClearTheMind"],"picked":"Replay:AtTheReady","floor":12},{"not_picked":["Replay:ManipulateFuture","Evaluate"],"picked":"PathToVictory","floor":13},{"not_picked":["Scrawl","Crescendo"],"picked":"Nirvana","floor":14}],"player_experience":42436,"relics_obtained":[{"floor":3,"key":"Juzu Bracelet"},{"floor":9,"key":"ReplayTheSpireMod:TigerMarble"},{"floor":10,"key":"Odd Mushroom"}],"event_choices":[{"damage_healed":0,"gold_gain":0,"player_choice":"Fought Mushrooms","damage_taken":0,"max_hp_gain":0,"max_hp_loss":0,"event_name":"Mushrooms","floor":10,"gold_loss":0}],"is_beta":false,"boss_relics":[],"items_purged_floors":[],"is_endless":false,"potions_floor_spawned":[1,7,12],"killed_by":"Fading Forest","ascension_level":0}}