{"host":"cpfinhn7bq57frv3","time":1613575845,"event":{"mods":["BaseMod","Minty Spire (QoL Compilation)","Quick Restart"],"gold_per_floor":[119,119,194,17,28,54,74,93,93,93,104,104,133,143,143,243,243,243,243,243,243,243,243,243,243,243],"floor_reached":25,"language":"KOR","playtime":1044,"items_purged":[],"score":309,"play_id":"52b2b0a0-8762-4332-b4ae-794c2b9ce0a3","local_time":"20210218003045","is_ascension_mode":true,"campfire_choices":[{"data":"Armaments","floor":15.0,"key":"SMITH"}],"circlet_count":0,"master_deck":["Strike_R+1","Strike_R+1","Strike_R+1","Strike_R+1","Strike_R+1","Defend_R+1","Defend_R+1","Defend_R+1","Defend_R+1","Bash","Clash","Armaments+1","Bloodletting","Cleave","Intimidate","Warcry","Warcry","Inflame","Berserk","Heavy Blade+1","Clash","Sword Boomerang"],"relics":["Burning Blood","NeowsBlessing","Pantograph","Lantern","Shuriken","Pear","Torii","Ectoplasm","Bag of Marbles"],"acts_visited":["Exordium","TheCity"],"potions_floor_usage":[],"damage_taken":[{"damage":0.0,"enemies":"Jaw Worm","floor":1.0,"turns":1.0},{"damage":0.0,"enemies":"Cultist","floor":5.0,"turns":1.0},{"damage":0.0,"enemies":"3 Sentries","floor":6.0,"turns":1.0},{"damage":1.0,"enemies":"2 Louse","floor":7.0,"turns":3.0},{"damage":11.0,"enemies":"Looter","floor":8.0,"turns":2.0},{"damage":8.0,"enemies":"Large Slime","floor":11.0,"turns":6.0},{"damage":30.0,"enemies":"Gremlin Nob","floor":13.0,"turns":4.0},{"damage":7.0,"enemies":"Exordium Wildlife","floor":14.0,"turns":3.0},{"damage":23.0,"enemies":"Hexaghost","floor":16.0,"turns":10.0},{"damage":23.0,"enemies":"Spheric Guardian","floor":18.0,"turns":4.0},{"damage":33.0,"enemies":"3 Byrds","floor":19.0,"turns":6.0},{"damage":4.0,"enemies":"3 Cultists","floor":20.0,"turns":5.0},{"damage":30.0,"enemies":"Slavers","floor":23.0,"turns":4.0},{"damage":22,"enemies":"Book of Stabbing","floor":25,"turns":3}],"seed_played":"-3373333070990071639","potions_obtained":[{"floor":7.0,"key":"Energy Potion"},{"floor":14.0,"key":"DistilledChaos"},{"floor":16.0,"key":"Strength Potion"},{"floor":19.0,"key":"Fire Potion"}],"is_trial":false,"path_per_floor":["M","?","?","$","M","E","M","M","T","?","M","T","E","M","R","B",null,"M","M","M","?","?","E","?","E"],"character_chosen":"IRONCLAD","items_purchased":["Lantern","Armaments"],"campfire_rested":0,"item_purchase_floors":[4,4],"current_hp_per_floor":[80,62,51,51,57,63,68,63,63,68,66,76,52,51,51,59,95,78,51,53,34,34,10,10,0,0],"gold":243,"neow_bonus":"THREE_ENEMY_KILL","is_daily":false,"chose_seed":false,"campfire_upgraded":1,"win_rate":0.0,"timestamp":1613575845,"path_taken":["M","?","?","$","M","E","M","?","T","?","M","?","E","M","R","BOSS","M","M","?","?","?","E","?","E"],"items_purchased_type":["Relic","Card"],"build_version":"2020-12-22","purchased_purges":0,"victory":false,"max_hp_per_floor":[80,80,80,80,80,80,80,80,80,85,85,95,95,95,95,95,95,95,95,95,100,100,100,100,100,100],"card_choices":[{"not_picked":["Wild Strike","Spot Weakness"],"picked":"Clash","floor":1.0},{"not_picked":["Spot Weakness","Combust"],"picked":"Bloodletting","floor":5.0},{"not_picked":["Armaments","Dropkick"],"picked":"Cleave","floor":6.0},{"not_picked":["Pommel Strike","Thunderclap"],"picked":"Intimidate","floor":7.0},{"not_picked":["Twin Strike","Clothesline","Havoc"],"picked":"SKIP","floor":8.0},{"not_picked":["Iron Wave","Impervious"],"picked":"Warcry","floor":11.0},{"not_picked":["Heavy Blade","Bludgeon"],"picked":"Warcry","floor":13.0},{"not_picked":["Combust","Twin Strike"],"picked":"Inflame","floor":14.0},{"not_picked":["Brutality","Offering"],"picked":"Berserk","floor":16.0},{"not_picked":["Whirlwind","Pommel Strike"],"picked":"Heavy Blade+1","floor":18.0},{"not_picked":["Havoc","Ghostly Armor","Reckless Charge+1"],"picked":"SKIP","floor":19.0},{"not_picked":["Seeing Red+1","Bloodletting"],"picked":"Clash","floor":20.0},{"not_picked":["Hemokinesis","Cleave+1"],"picked":"Sword Boomerang","floor":23.0}],"player_experience":37745,"relics_obtained":[{"floor":6.0,"key":"Shuriken"},{"floor":12.0,"key":"Pear"},{"floor":13.0,"key":"Torii"},{"floor":23.0,"key":"Bag of Marbles"}],"event_choices":[{"damage_healed":0.0,"max_hp_gain":0.0,"max_hp_loss":0.0,"gold_gain":0.0,"event_name":"Scrap Ooze","player_choice":"Success","floor":2.0,"gold_loss":0.0,"damage_taken":18.0,"relics_obtained":["Pantograph"]},{"damage_healed":0.0,"max_hp_gain":0.0,"max_hp_loss":0.0,"gold_gain":75.0,"event_name":"World of Goop","player_choice":"Gather Gold","floor":3.0,"gold_loss":0.0,"damage_taken":11.0},{"damage_healed":0.0,"max_hp_gain":5.0,"max_hp_loss":0.0,"gold_gain":0.0,"event_name":"Big Fish","player_choice":"Donut","floor":10.0,"gold_loss":0.0,"damage_taken":0.0},{"damage_healed":0.0,"max_hp_gain":5.0,"max_hp_loss":0.0,"gold_gain":0.0,"event_name":"Forgotten Altar","player_choice":"Shed Blood","floor":21.0,"gold_loss":0.0,"damage_taken":24.0},{"damage_healed":0.0,"max_hp_gain":0.0,"max_hp_loss":0.0,"gold_gain":0.0,"event_name":"Ghosts","player_choice":"Ignored","floor":22.0,"gold_loss":0.0,"damage_taken":0.0},{"damage_healed":0.0,"max_hp_gain":0.0,"max_hp_loss":0.0,"gold_gain":0.0,"event_name":"Back to Basics","player_choice":"Simplicity","floor":24.0,"gold_loss":0.0,"damage_taken":0.0,"cards_upgraded":["Strike_R","Strike_R","Strike_R","Strike_R","Strike_R","Defend_R","Defend_R","Defend_R","Defend_R"]}],"is_beta":false,"boss_relics":[{"not_picked":["Calling Bell","Mark of Pain"],"picked":"Ectoplasm"}],"items_purged_floors":[],"is_endless":false,"potions_floor_spawned":[7,14,16,19],"killed_by":"Book of Stabbing","ascension_level":2}}