{"host":"dg9bmj64xsaxvoc5","time":1613524337,"event":{"mods":["AchievementEnabler","BaseMod","Highlight Path","Minty Spire (QoL Compilation)","Quick Restart","Relic Stats"],"gold_per_floor":[112,16,29,4,4,4,4,4,81,81,102,117,145,168,168,291,291,304,304,284,308,321,360,376,391,416,431,431,19,19,42,42,42,42],"floor_reached":33,"language":"ENG","playtime":1038,"items_purged":["Barricade"],"score":259,"play_id":"7df26503-490d-4378-90f5-835dcdb09512","local_time":"20210216201217","is_ascension_mode":false,"campfire_choices":[{"data":"Dramatic Entrance","floor":6,"key":"SMITH"},{"data":"Defend_R","floor":8,"key":"SMITH"},{"data":"Clash","floor":10,"key":"SMITH"},{"data":"Headbutt","floor":15,"key":"SMITH"},{"floor":32,"key":"REST"}],"circlet_count":0,"master_deck":["Strike_R","Strike_R","Strike_R","Strike_R","Strike_R","Defend_R","Defend_R","Defend_R+1","Bash","Pommel Strike","Dramatic Entrance+1","Clash+1","Cleave","Headbutt+1","Battle Trance","Reaper","Carnage","Pommel Strike+1","Spot Weakness"],"relics":["Burning Blood","NeowsBlessing","Golden Idol","Pear","Odd Mushroom","Busted Crown","Bag of Marbles","Lantern","Bronze Scales","Gremlin Horn","Letter Opener"],"acts_visited":["Exordium","TheCity"],"potions_floor_usage":[16,23,23,33,33],"damage_taken":[{"damage":0,"enemies":"Small Slimes","floor":1,"turns":1},{"damage":0,"enemies":"2 Louse","floor":3,"turns":1},{"damage":0,"enemies":"Cultist","floor":11,"turns":1},{"damage":10,"enemies":"Looter","floor":12,"turns":2},{"damage":9,"enemies":"The Mushroom Lair","floor":13,"turns":2},{"damage":0,"enemies":"3 Louse","floor":14,"turns":2},{"damage":13,"enemies":"Slime Boss","floor":16,"turns":8},{"damage":0,"enemies":"3 Byrds","floor":18,"turns":4},{"damage":2,"enemies":"2 Thieves","floor":21,"turns":2},{"damage":11,"enemies":"3 Cultists","floor":22,"turns":4},{"damage":27,"enemies":"Slavers","floor":23,"turns":2},{"damage":10,"enemies":"Sentry and Sphere","floor":24,"turns":3},{"damage":29,"enemies":"Cultist and Chosen","floor":25,"turns":5},{"damage":25,"enemies":"Centurion and Healer","floor":27,"turns":3},{"damage":0,"enemies":"Shelled Parasite and Fungi","floor":31,"turns":1},{"damage":96,"enemies":"Automaton","floor":33,"turns":8}],"seed_played":"2008619096234702785","potions_obtained":[{"floor":12,"key":"LiquidMemories"},{"floor":16,"key":"Ancient Potion"},{"floor":18,"key":"Weak Potion"},{"floor":20,"key":"Ancient Potion"},{"floor":21,"key":"DuplicationPotion"},{"floor":22,"key":"Regen Potion"},{"floor":31,"key":"Explosive Potion"}],"is_trial":false,"path_per_floor":["M","$","M","$","?","R","?","R","T","R","M","M","?","M","R","B",null,"M","?","?","M","M","E","M","M","T","M","?","$","T","M","R","B"],"character_chosen":"IRONCLAD","items_purchased":["Dramatic Entrance","Cleave","Spot Weakness","Gremlin Horn"],"campfire_rested":1,"item_purchase_floors":[2,4,29,29],"current_hp_per_floor":[80,80,80,80,60,60,60,60,70,70,76,72,69,75,75,68,90,90,90,90,90,85,69,68,53,53,46,46,46,46,58,85,0,0],"gold":42,"neow_bonus":"THREE_ENEMY_KILL","is_daily":false,"chose_seed":false,"campfire_upgraded":4,"win_rate":0.0,"timestamp":1613524337,"path_taken":["M","$","M","$","?","R","?","R","T","R","?","M","?","M","R","BOSS","M","?","?","?","M","E","M","M","T","?","?","$","?","M","R","BOSS"],"items_purchased_type":["Card","Card","Card","Relic"],"build_version":"2020-12-22","purchased_purges":1,"victory":false,"max_hp_per_floor":[80,80,80,80,80,80,80,80,90,90,90,90,90,90,90,90,90,90,90,90,90,90,90,90,90,90,90,90,90,90,90,90,90,90],"relic_stats":{"Busted Crown":16,"Gremlin Horn":[2,3],"counters":[16,49],"Golden Idol":76,"Bronze Scales":[36],"Letter Opener":[15],"obtain_stats":[{"Lantern":23,"Pear":9,"Busted Crown":17,"NeowsBlessing":0,"Gremlin Horn":29,"Golden Idol":5,"Bronze Scales":26,"Bag of Marbles":19,"Letter Opener":30,"Odd Mushroom":13,"Burning Blood":0},{"Lantern":11,"Pear":2,"Busted Crown":7,"NeowsBlessing":0,"Gremlin Horn":14,"Golden Idol":2,"Bronze Scales":13,"Bag of Marbles":8,"Letter Opener":14,"Odd Mushroom":5,"Burning Blood":0},{"Lantern":29,"Pear":2,"Busted Crown":17,"NeowsBlessing":0,"Gremlin Horn":40,"Golden Idol":2,"Bronze Scales":37,"Bag of Marbles":21,"Letter Opener":40,"Odd Mushroom":7,"Burning Blood":0}],"Burning Blood":66},"card_choices":[{"not_picked":["True Grit","Perfected Strike"],"picked":"Pommel Strike","floor":1},{"not_picked":["Iron Wave","Power Through"],"picked":"Clash","floor":3},{"not_picked":["Pommel Strike","Ghostly Armor"],"picked":"Headbutt","floor":11},{"not_picked":["Wild Strike","Armaments","Dual Wield"],"picked":"SKIP","floor":12},{"not_picked":["Pommel Strike","Sword Boomerang"],"picked":"Battle Trance","floor":13},{"not_picked":["Dark Embrace","Sever Soul","Sword Boomerang"],"picked":"SKIP","floor":14},{"not_picked":["Offering","Berserk"],"picked":"Reaper","floor":16},{"not_picked":["Wild Strike"],"picked":"SKIP","floor":18},{"not_picked":[],"picked":"Carnage","floor":21},{"not_picked":[],"picked":"Pommel Strike+1","floor":22},{"not_picked":["Body Slam+1"],"picked":"SKIP","floor":23},{"not_picked":["Warcry"],"picked":"SKIP","floor":24},{"not_picked":["Combust"],"picked":"SKIP","floor":25},{"not_picked":["Metallicize+1"],"picked":"SKIP","floor":27},{"not_picked":["Armaments"],"picked":"SKIP","floor":31}],"player_experience":7526,"relics_obtained":[{"floor":9,"key":"Pear"},{"floor":13,"key":"Odd Mushroom"},{"floor":23,"key":"Lantern"},{"floor":26,"key":"Bronze Scales"},{"floor":30,"key":"Letter Opener"}],"event_choices":[{"damage_healed":0,"gold_gain":0,"player_choice":"Take Damage","damage_taken":20,"relics_obtained":["Golden Idol"],"max_hp_gain":0,"max_hp_loss":0,"event_name":"Golden Idol","floor":5,"gold_loss":0},{"damage_healed":0,"gold_gain":0,"cards_transformed":["Defend_R"],"player_choice":"Transformed","damage_taken":0,"max_hp_gain":0,"max_hp_loss":0,"event_name":"Transmorgrifier","floor":7,"gold_loss":0,"cards_obtained":["Barricade"]},{"damage_healed":0,"gold_gain":0,"player_choice":"Fought Mushrooms","damage_taken":0,"max_hp_gain":0,"max_hp_loss":0,"event_name":"Mushrooms","floor":13,"gold_loss":0},{"damage_healed":0,"gold_gain":0,"player_choice":"Opened","damage_taken":0,"relics_obtained":["Bag of Marbles"],"max_hp_gain":0,"max_hp_loss":0,"event_name":"The Mausoleum","floor":19,"gold_loss":0,"cards_obtained":["Writhe"]},{"damage_healed":0,"gold_gain":0,"player_choice":"Bought 1 Potion","damage_taken":0,"max_hp_gain":0,"max_hp_loss":0,"event_name":"The Woman in Blue","floor":20,"gold_loss":0},{"cards_removed":["Writhe"],"damage_healed":0,"gold_gain":0,"player_choice":"Removed Curses","damage_taken":0,"max_hp_gain":0,"max_hp_loss":0,"event_name":"Fountain of Cleansing","floor":28,"gold_loss":0}],"is_beta":false,"boss_relics":[{"not_picked":["Astrolabe","Tiny House"],"picked":"Busted Crown"}],"items_purged_floors":[29],"is_endless":false,"potions_floor_spawned":[12,16,18,21,22,31],"killed_by":"Automaton","ascension_level":0}}