{"host":"l2lylj0omvglf5x0","time":1613575537,"event":{"mods":["2.2 Compatiblity","BaseMod","Bestiary","Block Reminder","Colored Map","Colored Powertips","Curses Come First","Highlight Path","Keyboard Shortcuts","Minty Spire (QoL Compilation)","Relic Sorter","Relic Stats","Slay the Relics Exporter","StSLib","SuperFastMode"],"gold_per_floor":[368,368,368,382,382,382,392,392,474,490,519,543,561,625,625,702,702,715,715,252,252,272,272,299,214,214,234,246,246,0,20,20,20,20],"floor_reached":33,"language":"ENG","playtime":1656,"items_purged":["Strike_G"],"score":537,"play_id":"608c0fdf-fb91-4006-a306-04f00b3d0215","local_time":"20210217162537","is_ascension_mode":true,"campfire_choices":[{"data":"Survivor","floor":6,"key":"SMITH"},{"data":"Bane","floor":8,"key":"SMITH"},{"floor":15,"key":"REST"},{"data":"Catalyst","floor":23,"key":"SMITH"},{"data":"Noxious Fumes","floor":29,"key":"SMITH"},{"data":"Tools of the Trade","floor":32,"key":"SMITH"}],"circlet_count":0,"master_deck":["AscendersBane","Strike_G","Strike_G","Strike_G","Defend_G","Defend_G","Defend_G","Defend_G","Defend_G","Survivor+1","Neutralize+1","Quick Slash","Bane+1","Accuracy","Noxious Fumes+1","Tools of the Trade+1","A Thousand Cuts","Ghostly","Ghostly","Ghostly","Catalyst+1","Dodge and Roll","Noxious Fumes","PiercingWail","Backflip+1","Blade Dance","Leg Sweep+1"],"relics":["Ring of the Snake","Bag of Marbles","Mercury Hourglass","HornCleat","Regal Pillow","Dead Branch","Coffee Dripper","Kunai","Blood Vial","Potion Belt"],"acts_visited":["Exordium","TheCity"],"potions_floor_usage":[14,31,33],"damage_taken":[{"damage":3,"enemies":"2 Louse","floor":1,"turns":5},{"damage":0,"enemies":"Cultist","floor":4,"turns":3},{"damage":0,"enemies":"Jaw Worm","floor":7,"turns":3},{"damage":0,"enemies":"2 Fungi Beasts","floor":10,"turns":2},{"damage":16,"enemies":"3 Sentries","floor":11,"turns":6},{"damage":4,"enemies":"Blue Slaver","floor":13,"turns":3},{"damage":0,"enemies":"Gremlin Nob","floor":14,"turns":3},{"damage":14,"enemies":"Hexaghost","floor":16,"turns":11},{"damage":27,"enemies":"Shell Parasite","floor":18,"turns":7},{"damage":0,"enemies":"Chosen","floor":22,"turns":5},{"damage":22,"enemies":"Book of Stabbing","floor":24,"turns":7},{"damage":2,"enemies":"Sentry and Sphere","floor":27,"turns":5},{"damage":0,"enemies":"Snecko","floor":28,"turns":5},{"damage":0,"enemies":"Chosen and Byrds","floor":31,"turns":5},{"damage":13,"enemies":"Champ","floor":33,"turns":9}],"seed_played":"1042997757888180010","potions_obtained":[{"floor":7,"key":"Ancient Potion"},{"floor":13,"key":"AttackPotion"},{"floor":16,"key":"SteroidPotion"},{"floor":27,"key":"CultistPotion"},{"floor":28,"key":"BlessingOfTheForge"}],"is_trial":false,"path_per_floor":["M","?","?","M","?","R","M","R","T","M","E","T","M","?","R","B",null,"M","?","$","?","M","R","E","?","T","M","M","R","?","M","R","B"],"character_chosen":"THE_SILENT","items_purchased":["Kunai","Catalyst","Dodge and Roll"],"campfire_rested":1,"item_purchase_floors":[20,20,20],"current_hp_per_floor":[56,38,38,38,31,31,31,31,31,31,15,15,11,11,44,30,53,26,26,26,26,26,26,4,4,4,4,6,6,6,8,8,0,0],"gold":20,"neow_bonus":"TWO_FIFTY_GOLD","is_daily":false,"chose_seed":false,"campfire_upgraded":5,"win_rate":0.0,"timestamp":1613575537,"path_taken":["M","?","?","?","?","R","M","R","T","M","E","?","M","?","R","BOSS","M","?","$","?","M","R","E","?","T","M","M","R","?","?","R","BOSS"],"items_purchased_type":["Relic","Card","Card"],"build_version":"2020-12-22","purchased_purges":1,"victory":false,"max_hp_per_floor":[60,60,60,60,60,60,60,60,60,60,60,60,60,60,60,60,60,60,30,30,30,30,30,30,30,30,30,30,30,30,30,30,30,30],"relic_stats":{"Blood Vial":8,"Regal Pillow":15,"counters":[15,79],"Dead Branch":[67],"Kunai":[7],"obtain_stats":[{"Blood Vial":24,"Potion Belt":25,"Regal Pillow":12,"HornCleat":11,"Dead Branch":14,"Bag of Marbles":2,"Coffee Dripper":17,"Kunai":20,"Ring of the Snake":0,"Mercury Hourglass":9},{"Blood Vial":11,"Potion Belt":11,"Regal Pillow":5,"HornCleat":5,"Dead Branch":7,"Bag of Marbles":1,"Coffee Dripper":8,"Kunai":9,"Ring of the Snake":0,"Mercury Hourglass":3},{"Blood Vial":55,"Potion Belt":55,"Regal Pillow":19,"HornCleat":19,"Dead Branch":25,"Bag of Marbles":5,"Coffee Dripper":36,"Kunai":43,"Ring of the Snake":0,"Mercury Hourglass":11}],"Ring of the Snake":[30],"Mercury Hourglass":[195]},"card_choices":[{"not_picked":["Deflect","Reflex"],"picked":"Quick Slash","floor":1},{"not_picked":["Calculated Gamble","Deflect"],"picked":"Bane","floor":4},{"not_picked":["Prepared","Skewer"],"picked":"Accuracy","floor":7},{"not_picked":["Slice","Dodge and Roll"],"picked":"Noxious Fumes","floor":10},{"not_picked":["Setup","Bane"],"picked":"Tools of the Trade","floor":11},{"not_picked":["Masterful Stab","Prepared","Sucker Punch"],"picked":"SKIP","floor":13},{"not_picked":["Tools of the Trade","Grand Finale"],"picked":"A Thousand Cuts","floor":16},{"not_picked":["Prepared","Dagger Throw","Blade Dance"],"picked":"SKIP","floor":18},{"not_picked":["Riddle With Holes","Dagger Spray"],"picked":"PiercingWail","floor":22},{"not_picked":["Expertise","Finisher"],"picked":"Backflip+1","floor":24},{"not_picked":["Dagger Spray+1","Outmaneuver"],"picked":"Blade Dance","floor":27},{"not_picked":["Distraction","Deflect","Underhanded Strike"],"picked":"SKIP","floor":28},{"not_picked":["Expertise","Quick Slash"],"picked":"Leg Sweep+1","floor":31}],"player_experience":964932,"relics_obtained":[{"floor":9,"key":"Mercury Hourglass"},{"floor":11,"key":"HornCleat"},{"floor":12,"key":"Regal Pillow"},{"floor":14,"key":"Dead Branch"},{"floor":24,"key":"Blood Vial"}],"event_choices":[{"damage_healed":0,"gold_gain":0,"player_choice":"Success","damage_taken":18,"relics_obtained":["Bag of Marbles"],"max_hp_gain":0,"max_hp_loss":0,"event_name":"Scrap Ooze","floor":2,"gold_loss":0},{"damage_healed":0,"gold_gain":0,"player_choice":"Upgraded","damage_taken":0,"max_hp_gain":0,"max_hp_loss":0,"event_name":"Upgrade Shrine","floor":3,"gold_loss":0,"cards_upgraded":["Neutralize"]},{"cards_removed":["Strike_G"],"damage_healed":0,"gold_gain":0,"player_choice":"Card Removal","damage_taken":7,"max_hp_gain":0,"max_hp_loss":0,"event_name":"Golden Wing","floor":5,"gold_loss":0},{"damage_healed":0,"gold_gain":0,"player_choice":"Searched \u00271\u0027 times","damage_taken":0,"max_hp_gain":0,"max_hp_loss":0,"event_name":"Dead Adventurer","floor":14,"gold_loss":0},{"damage_healed":0,"gold_gain":0,"player_choice":"Became a Ghost","damage_taken":0,"max_hp_gain":0,"max_hp_loss":30,"event_name":"Ghosts","floor":19,"gold_loss":0,"cards_obtained":["Ghostly","Ghostly","Ghostly"]},{"damage_healed":0,"gold_gain":0,"player_choice":"Read","damage_taken":0,"max_hp_gain":0,"max_hp_loss":0,"event_name":"The Library","floor":21,"gold_loss":0,"cards_obtained":["Noxious Fumes"]},{"damage_healed":0,"gold_gain":0,"player_choice":"Obtained Relic","damage_taken":0,"relics_obtained":["Potion Belt"],"max_hp_gain":0,"max_hp_loss":0,"event_name":"Addict","floor":25,"gold_loss":85},{"damage_healed":0,"gold_gain":0,"player_choice":"Paid Fearfully","damage_taken":0,"max_hp_gain":0,"max_hp_loss":0,"event_name":"Masked Bandits","floor":30,"gold_loss":246}],"is_beta":false,"boss_relics":[{"not_picked":["Ectoplasm","SacredBark"],"picked":"Coffee Dripper"}],"items_purged_floors":[20],"is_endless":false,"potions_floor_spawned":[7,13,16,27,28],"killed_by":"Champ","ascension_level":17}}