{"host":"br1k745010e75u9o","time":1613601936,"event":{"mods":["BaseMod","CCEM2","Conspire","Downfall","Friendly Minions","Hermit","Hubris","Infinite Spire","Mari Mod (Legacy)","Mari\u0027s V1 Patch","Minty Spire (QoL Compilation)","Rare Cards Sparkle","Replay The Spire","StSLib","The Cursed","Yohane!"],"gold_per_floor":[111,128,128,138,15,15,29,29,29,40,40,50,50,50,50,153,153,167,179,198,61,80,80,80,98,98,112,112,112,112,112,112,213,213,233,233,246,29,39,39,39,39,65,65,65,94,94,109,109,109],"floor_reached":51,"language":"ENG","playtime":2411,"items_purged":["Strike_B","Strike_B","ReplayTheSpireMod:Haul"],"score":637,"play_id":"9f0c1192-3f52-4211-b73f-cf69d2ac03ea","local_time":"20210217224536","is_ascension_mode":false,"campfire_choices":[{"data":"White Noise","floor":6,"key":"SMITH"},{"data":"FIFO Queue","floor":8,"key":"SMITH"},{"floor":13,"key":"REST"},{"floor":23,"key":"REST"},{"floor":28,"key":"REST"},{"data":"infinitespire:SevenWalls","floor":30,"key":"SMITH"},{"floor":32,"key":"REST"},{"data":"Creative AI","floor":40,"key":"SMITH"},{"data":"Capacitor","floor":44,"key":"SMITH"},{"floor":49,"key":"REST"}],"circlet_count":0,"master_deck":["Strike_B","Defend_B+1","Defend_B+1","Defend_B+1","Defend_B+1","Zap","Dualcast","Hello World","White Noise+1","hubris:Ukulele","Ball Lightning","FIFO Queue+1","Self Repair+1","Self Repair","Multi-Cast","Tempest+1","Amplify","Capacitor+1","Conserve Battery+1","infinitespire:SevenWalls+1","Conserve Battery+1","Storm+1","Force Field+1","Conserve Battery+1","Leap","Creative AI+1"],"relics":["Cracked Core","infinitespire:Broken Mirror","conspire:RoyalGoblet","MariMod:MariFestivalBadge","Centennial Puzzle","Replay:Blank Codex","hubris:RunicObelisk","BargainBundle","Sozu","CCEMRelics:GrapeVine","CCEMRelics:SelfSharpeningBlade","infinitespire:Lucky Rock"],"acts_visited":["Exordium","TheCity","TheBeyond"],"potions_floor_usage":[4,4,7,10,10,10,12,19,20,33,33,46,50,50],"damage_taken":[{"damage":0,"enemies":"conspire:RoseBush","floor":1,"turns":2},{"damage":3,"enemies":"2 Louse","floor":2,"turns":4},{"damage":2,"enemies":"Cultist","floor":4,"turns":4},{"damage":7,"enemies":"Exordium Thugs","floor":7,"turns":4},{"damage":4,"enemies":"Blue Slaver","floor":10,"turns":3},{"damage":31,"enemies":"3 Louse","floor":12,"turns":4},{"damage":41,"enemies":"Slime Boss","floor":16,"turns":7},{"damage":37,"enemies":"Shell Parasite","floor":18,"turns":5},{"damage":0,"enemies":"3 Byrds","floor":19,"turns":1},{"damage":44,"enemies":"Shelled Parasite and Fungi","floor":20,"turns":6},{"damage":20,"enemies":"conspire:HollyBat","floor":22,"turns":7},{"damage":15,"enemies":"Snecko","floor":25,"turns":4},{"damage":42,"enemies":"Chosen and Byrds","floor":27,"turns":7},{"damage":30,"enemies":"Champ","floor":33,"turns":7},{"damage":2,"enemies":"3 Shapes","floor":35,"turns":3},{"damage":20,"enemies":"3 Darklings","floor":37,"turns":4},{"damage":16,"enemies":"Maw","floor":39,"turns":8},{"damage":7,"enemies":"conspire:MimicChest","floor":46,"turns":4},{"damage":22,"enemies":"Transient","floor":48,"turns":5},{"damage":65,"enemies":"hubris:GrandSnecko","floor":50,"turns":11}],"seed_played":"-2638739152106182369","potions_obtained":[{"floor":1,"key":"EntropicBrew"},{"floor":10,"key":"Reflective Coating"},{"floor":12,"key":"FearPotion"},{"floor":20,"key":"FearPotion"},{"floor":22,"key":"Strength Potion"},{"floor":27,"key":"FocusPotion"},{"floor":35,"key":"LiquidBronze"}],"is_trial":false,"path_per_floor":["M","M","?","M","$","R","M","R","T","M","$","M","R","?","R","B",null,"M","M","M","$","M","R","AVR","M","T","M","R","?","R","$","R","B",null,"M","?","M","$","M","R","AVR","T","T","R","?","?","$","M","R","B",null],"character_chosen":"DEFECT","items_purchased":["Ball Lightning","Capacitor","BargainBundle","Conserve Battery","DuplicationPotion","Leap"],"campfire_rested":5,"item_purchase_floors":[5,21,38,38,38,38],"current_hp_per_floor":[75,72,72,70,70,70,63,63,63,59,59,35,57,57,75,51,75,55,55,28,28,32,54,54,56,56,31,53,37,37,37,59,39,75,75,75,72,72,75,75,75,75,75,75,71,71,71,59,71,6],"gold":109,"neow_bonus":"REMOVE_CARD","is_daily":false,"chose_seed":false,"campfire_upgraded":5,"win_rate":0.0,"timestamp":1613601936,"path_taken":["M","M","?","M","$","R","M","R","T","M","$","M","R","?","R","BOSS","M","M","M","$","M","R","AVR","M","T","M","R","?","R","$","R","BOSS","M","?","?","$","M","R","AVR","?","T","R","?","?","?","?","R","BOSS"],"items_purchased_type":["Card","Card","Relic","Card","Potion","Card"],"build_version":"2020-12-22","purchased_purges":3,"victory":true,"max_hp_per_floor":[75,75,75,75,75,75,75,75,75,75,75,75,75,75,75,75,75,75,75,75,75,75,75,75,75,75,75,75,75,75,75,75,75,75,75,75,75,75,75,75,75,75,75,75,71,71,71,71,71,71],"card_choices":[{"not_picked":["Stack","Streamline"],"picked":"Hello World","floor":1},{"not_picked":["Sunder","Double Energy"],"picked":"White Noise","floor":2},{"not_picked":["Darkness","Hologram"],"picked":"hubris:Ukulele","floor":4},{"not_picked":["Panic Button","Barrage"],"picked":"FIFO Queue","floor":7},{"not_picked":["Coolheaded","hubris:SpecializedCircuitry"],"picked":"Self Repair","floor":10},{"not_picked":["Cold Snap","Fusion","Turbo"],"picked":"SKIP","floor":12},{"not_picked":["Buffer","ReplayRNGCard"],"picked":"Multi-Cast","floor":16},{"not_picked":["Turbo","Compile Driver"],"picked":"Tempest+1","floor":18},{"not_picked":["Steam+1","Coolheaded","Barrage"],"picked":"SKIP","floor":19},{"not_picked":["Melter+1","Capacitor"],"picked":"Amplify","floor":20},{"not_picked":["Heatsinks","Compile Driver"],"picked":"Conserve Battery","floor":22},{"not_picked":["Hologram","Beam Cell","Barrage+1"],"picked":"SKIP","floor":25},{"not_picked":["Steam+1","Darkness"],"picked":"Conserve Battery+1","floor":27},{"not_picked":["Streamline","Hologram"],"picked":"Storm+1","floor":35},{"not_picked":["Hologram","Turbo+1"],"picked":"Force Field+1","floor":37},{"not_picked":["Compile Driver","FIFO Queue+1"],"picked":"Creative AI","floor":39},{"not_picked":["Rebound","Aggregate+1","Redo"],"picked":"SKIP","floor":48}],"player_experience":69012,"relics_obtained":[{"floor":9,"key":"infinitespire:Broken Mirror"},{"floor":26,"key":"Centennial Puzzle"},{"floor":29,"key":"Replay:Blank Codex"},{"floor":42,"key":"CCEMRelics:GrapeVine"},{"floor":43,"key":"CCEMRelics:SelfSharpeningBlade"},{"floor":46,"key":"infinitespire:Lucky Rock"}],"event_choices":[{"damage_healed":0,"gold_gain":0,"player_choice":"Obtained Book","damage_taken":16,"max_hp_gain":0,"max_hp_loss":0,"event_name":"Cursed Tome","floor":29,"gold_loss":0},{"damage_healed":0,"gold_gain":0,"player_choice":"Full Heal","damage_taken":0,"max_hp_gain":0,"max_hp_loss":0,"event_name":"Wheel of Change","floor":36,"gold_loss":0},{"damage_healed":0,"gold_gain":0,"player_choice":"Max HP","damage_taken":0,"max_hp_gain":0,"max_hp_loss":4,"event_name":"Winding Halls","floor":45,"gold_loss":0}],"is_beta":false,"boss_relics":[{"not_picked":["FrozenCore","Philosopher\u0027s Stone"],"picked":"conspire:RoyalGoblet"},{"not_picked":["hubris:HollowSoul","Replay:Bronze Core"],"picked":"hubris:RunicObelisk"}],"items_purged_floors":[5,21,38],"is_endless":false,"potions_floor_spawned":[1,10,12,20,22,27,35,39],"ascension_level":0}}