{"host":"sum4dy402bbv9y4o","time":1613591823,"event":{"mods":["Aspiration","BaseMod","Conspire","Highlight Path","Minty Spire (QoL Compilation)","StSLib"],"gold_per_floor":[118,43,62,74,149,175,91,126,150,150,185,205,205,225,225,304,304,321,321,321],"floor_reached":19,"language":"ENG","playtime":713,"items_purged":["Strike_P"],"score":424,"play_id":"aa93c431-bce3-40a1-8a1c-469d3b9d5887","local_time":"20210217225703","is_ascension_mode":true,"campfire_choices":[{"floor":10,"key":"REST"},{"data":"BattleHymn","floor":15,"key":"SMITH"}],"circlet_count":0,"master_deck":["AscendersBane","Strike_P+1","Strike_P","Strike_P","Defend_P","Defend_P","Defend_P+1","Eruption","Vigilance","Establishment","Conclude","Halt+1","CutThroughFate","BattleHymn","BattleHymn+1","EmptyBody","LessonLearned","EmptyBody"],"relics":["PureWater","Singing Bowl","Toy Ornithopter","Lantern","The Courier"],"acts_visited":["Exordium","TheCity"],"potions_floor_usage":[16,18],"damage_taken":[{"damage":0,"enemies":"Small Slimes","floor":1,"turns":2},{"damage":2,"enemies":"Jaw Worm","floor":3,"turns":3},{"damage":0,"enemies":"Cultist","floor":4,"turns":3},{"damage":0,"enemies":"3 Sentries","floor":6,"turns":4},{"damage":12,"enemies":"Lagavulin","floor":8,"turns":4},{"damage":10,"enemies":"Gremlin Nob","floor":11,"turns":3},{"damage":1,"enemies":"Exordium Thugs","floor":12,"turns":4},{"damage":1,"enemies":"Blue Slaver","floor":14,"turns":4},{"damage":28,"enemies":"The Guardian","floor":16,"turns":7},{"damage":52,"enemies":"3 Byrds","floor":18,"turns":7},{"damage":21,"enemies":"Shell Parasite","floor":19,"turns":1}],"seed_played":"-2886958274265955820","potions_obtained":[{"floor":1,"key":"FairyPotion"},{"floor":3,"key":"Weak Potion"},{"floor":6,"key":"StancePotion"}],"is_trial":false,"path_per_floor":["M","$","M","M","?","E","$","E","T","R","E","M","?","M","R","B",null,"M","M"],"character_chosen":"WATCHER","items_purchased":["BattleHymn"],"campfire_rested":1,"item_purchase_floors":[7],"current_hp_per_floor":[61,61,59,59,48,48,48,36,36,56,46,45,50,51,51,30,65,20,0,0],"gold":321,"neow_bonus":"TRANSFORM_CARD","is_daily":false,"chose_seed":false,"campfire_upgraded":1,"win_rate":0.0,"timestamp":1613591823,"path_taken":["M","$","M","M","?","E","?","E","T","R","E","M","?","M","R","BOSS","M","M"],"items_purchased_type":["Card"],"build_version":"2020-12-22","purchased_purges":1,"victory":false,"max_hp_per_floor":[68,68,68,68,68,68,68,68,68,68,68,68,73,75,75,77,77,79,79,79],"card_choices":[{"not_picked":["FollowUp","Consecrate"],"picked":"Conclude","floor":1},{"not_picked":["Consecrate","Prostrate"],"picked":"Halt","floor":3},{"not_picked":["Fasting2","PathToVictory"],"picked":"CutThroughFate","floor":4},{"not_picked":["CutThroughFate","Crescendo"],"picked":"BattleHymn","floor":6},{"not_picked":["Prostrate","Crescendo"],"picked":"EmptyBody","floor":8},{"not_picked":["ClearTheMind","Crescendo"],"picked":"LessonLearned","floor":11},{"not_picked":["SashWhip","Collect"],"picked":"EmptyBody","floor":12},{"not_picked":["JustLucky","WaveOfTheHand","Crescendo"],"picked":"Singing Bowl","floor":14},{"not_picked":["Ragnarok","Blasphemy","DevaForm"],"picked":"Singing Bowl","floor":16},{"not_picked":["Evaluate","SashWhip","Wireheading+1"],"picked":"Singing Bowl","floor":18}],"player_experience":3107830,"relics_obtained":[{"floor":6,"key":"Singing Bowl"},{"floor":8,"key":"Toy Ornithopter"},{"floor":9,"key":"Lantern"},{"floor":11,"key":"The Courier"}],"event_choices":[{"damage_healed":0,"gold_gain":75,"player_choice":"Gather Gold","damage_taken":11,"max_hp_gain":0,"max_hp_loss":0,"event_name":"World of Goop","floor":5,"gold_loss":0},{"damage_healed":0,"gold_gain":0,"player_choice":"Donut","damage_taken":0,"max_hp_gain":5,"max_hp_loss":0,"event_name":"Big Fish","floor":13,"gold_loss":0}],"is_beta":false,"boss_relics":[{"not_picked":["Coffee Dripper","Velvet Choker","conspire:RoyalGoblet"]}],"items_purged_floors":[2],"is_endless":false,"potions_floor_spawned":[1,3,6,11,12],"killed_by":"Shell Parasite","ascension_level":20}}