{"host":"n6qxj7a4gnapjcui","time":1613588373,"event":{"mods":["2.2 Compatiblity","AchievementEnabler","BaseMod","Colored Map","Minty Spire (QoL Compilation)"],"gold_per_floor":[113,188,188,207,222,249,264,282,282,282,301,301,328,328,328,328,328],"floor_reached":16,"language":"POL","playtime":660,"items_purged":[],"score":193,"play_id":"43df6181-63d9-47cc-a3db-16ce2b38daaf","local_time":"20210217195933","is_ascension_mode":true,"campfire_choices":[{"data":"Flame Barrier","floor":12,"key":"SMITH"},{"floor":15,"key":"REST"}],"circlet_count":0,"master_deck":["AscendersBane","Strike_R","Strike_R","Strike_R","Strike_R","Defend_R","Defend_R","Defend_R","Defend_R","Bash","Battle Trance","Flame Barrier+1","Anger","Cleave","Thunderclap","Rampage","Dropkick","Seeing Red","Berserk"],"relics":["Burning Blood","Bottled Flame","Pear","FossilizedHelix","Self Forming Clay"],"acts_visited":["Exordium"],"potions_floor_usage":[6,13],"damage_taken":[{"damage":12.0,"enemies":"Small Slimes","floor":1.0,"turns":4.0},{"damage":11,"enemies":"Cultist","floor":4,"turns":4},{"damage":7,"enemies":"Jaw Worm","floor":5,"turns":5},{"damage":23,"enemies":"Lagavulin","floor":6,"turns":7},{"damage":7,"enemies":"Looter","floor":7,"turns":3},{"damage":9,"enemies":"Blue Slaver","floor":8,"turns":6},{"damage":15,"enemies":"Large Slime","floor":11,"turns":6},{"damage":20,"enemies":"3 Sentries","floor":13,"turns":9},{"damage":50,"enemies":"The Guardian","floor":16,"turns":11}],"seed_played":"-8472800252643266398","potions_obtained":[{"floor":1.0,"key":"SteroidPotion"},{"floor":11,"key":"Swift Potion"}],"is_trial":false,"path_per_floor":["M","?","?","M","M","E","M","M","T","?","M","R","E","?","R","B"],"character_chosen":"IRONCLAD","items_purchased":[],"campfire_rested":1,"item_purchase_floors":[],"current_hp_per_floor":[74,63,63,58,57,40,39,36,46,43,34,34,20,20,49,0,0],"gold":328,"neow_bonus":"TEN_PERCENT_HP_BONUS","is_daily":false,"chose_seed":false,"campfire_upgraded":1,"win_rate":0.0,"timestamp":1613588373,"path_taken":["M","?","?","M","M","E","M","M","T","?","M","R","E","?","R","BOSS"],"items_purchased_type":[],"build_version":"2020-12-22","purchased_purges":0,"victory":false,"max_hp_per_floor":[88,88,88,88,88,88,88,88,98,98,98,98,98,98,98,98,98],"card_choices":[{"not_picked":["Metallicize","Pommel Strike"],"picked":"Battle Trance","floor":1.0},{"not_picked":["Twin Strike","Hemokinesis"],"picked":"Flame Barrier","floor":4},{"not_picked":["Feel No Pain","Rupture"],"picked":"Anger","floor":5},{"not_picked":["Havoc","Pommel Strike"],"picked":"Cleave","floor":6},{"not_picked":["Pummel","Shrug It Off"],"picked":"Thunderclap","floor":7},{"not_picked":["Pommel Strike","Headbutt"],"picked":"Rampage","floor":8},{"not_picked":["Body Slam","Pommel Strike"],"picked":"Dropkick","floor":11},{"not_picked":["Heavy Blade","Corruption"],"picked":"Seeing Red","floor":13}],"player_experience":332148,"relics_obtained":[{"floor":6,"key":"Bottled Flame"},{"floor":9,"key":"Pear"},{"floor":13,"key":"Self Forming Clay"}],"event_choices":[{"damage_healed":0.0,"max_hp_gain":0.0,"max_hp_loss":0.0,"gold_gain":75.0,"event_name":"World of Goop","player_choice":"Gather Gold","floor":2.0,"gold_loss":0.0,"damage_taken":11.0},{"damage_healed":0,"gold_gain":0,"cards_transformed":["Strike_R"],"player_choice":"Change","damage_taken":0,"max_hp_gain":0,"max_hp_loss":0,"event_name":"Living Wall","floor":3,"gold_loss":0,"cards_obtained":["Rupture"]},{"damage_healed":0,"gold_gain":0,"player_choice":"Success","damage_taken":3,"relics_obtained":["FossilizedHelix"],"max_hp_gain":0,"max_hp_loss":0,"event_name":"Scrap Ooze","floor":10,"gold_loss":0},{"damage_healed":0,"gold_gain":0,"cards_transformed":["Rupture"],"player_choice":"Transformed","damage_taken":0,"max_hp_gain":0,"max_hp_loss":0,"event_name":"Transmorgrifier","floor":14,"gold_loss":0,"cards_obtained":["Berserk"]}],"is_beta":false,"boss_relics":[],"items_purged_floors":[],"is_endless":false,"potions_floor_spawned":[1,11],"killed_by":"The Guardian","ascension_level":10}}