{"host":"0ljdtxkp4cbyxir6","time":1613605996,"event":{"mods":["Aspiration","BaseMod","Colored Powertips","DeckTracker","Downfall","Highlight Path","Hubris","Infinite Spire","Minty Spire (QoL Compilation)","Quick Restart","Random Character Button","Relic Sorter","Replay The Spire","StSLib","SuperFastMode","Synergy Search","The Cursed","The Disciple","The Jungle","The Runesmith"],"gold_per_floor":[118,130,146,3,18,18,32,32,32,32,32,42,42,42],"floor_reached":13,"language":"ENG","playtime":1132,"items_purged":[],"score":77,"play_id":"079edb5b-9955-4bb5-abbd-99d356d13154","local_time":"20210217165316","is_ascension_mode":false,"campfire_choices":[{"floor":6,"key":"REST"},{"floor":8,"key":"REST"}],"circlet_count":0,"master_deck":["Strike_Br","Strike_Br","Strike_Br","Strike_Br","Defend_Br","Defend_Br","Defend_Br","Defend_Br","SecondHand","PatternShift","BlueShift","Engulf","LockedScales","Flay","LockedOrichalcum","Allegro"],"relics":["Chronometer","hubris:BundleOfHerbs","NeowsBlessing","HandDrill","Scales?","Nunchaku"],"acts_visited":["Exordium"],"potions_floor_usage":[13],"damage_taken":[{"damage":0,"enemies":"Small Slimes","floor":1,"turns":2},{"damage":0,"enemies":"Jaw Worm","floor":2,"turns":1},{"damage":0,"enemies":"2 Louse","floor":3,"turns":1},{"damage":20,"enemies":"Exordium Thugs","floor":5,"turns":6},{"damage":26,"enemies":"Large Slime","floor":7,"turns":12},{"damage":0,"enemies":"3 Louse","floor":12,"turns":4},{"damage":68,"enemies":"Gremlin Nob","floor":13,"turns":7}],"seed_played":"-4076851996893216407","potions_obtained":[{"floor":2,"key":"Dexterity Potion"},{"floor":3,"key":"PowerPotion"}],"is_trial":false,"path_per_floor":["M","M","M","$","M","R","M","R","T","?","?","M","E"],"character_chosen":"CHRONO_CLASS","items_purchased":["HandDrill"],"campfire_rested":2,"item_purchase_floors":[4],"current_hp_per_floor":[65,65,65,65,45,64,38,57,57,57,57,57,0,0],"gold":42,"neow_bonus":"THREE_ENEMY_KILL","is_daily":false,"chose_seed":false,"campfire_upgraded":0,"win_rate":0.0,"timestamp":1613605996,"path_taken":["M","M","M","$","M","R","M","R","T","?","?","M","E"],"items_purchased_type":["Relic"],"build_version":"2020-12-22","purchased_purges":0,"victory":false,"max_hp_per_floor":[65,65,65,65,65,65,65,65,65,65,65,65,65,65],"card_choices":[{"not_picked":["LockedTurtyl","Accruing"],"picked":"BlueShift","floor":1},{"not_picked":["AlternateTimeline","WindUp"],"picked":"Engulf","floor":2},{"not_picked":["PrimeTime","Parity"],"picked":"LockedScales","floor":3},{"not_picked":["LockedAnchor","Tempo"],"picked":"Flay","floor":5},{"not_picked":["LockedScales","Echoward"],"picked":"LockedOrichalcum","floor":7},{"not_picked":["Recurrance","LockedPlans"],"picked":"Tempo","floor":12}],"player_experience":89398,"relics_obtained":[{"floor":9,"key":"hubris:BundleOfHerbs"}],"event_choices":[{"damage_healed":0,"gold_gain":0,"player_choice":"Searched \u00272\u0027 times","damage_taken":0,"relics_obtained":["Nunchaku"],"max_hp_gain":0,"max_hp_loss":0,"event_name":"Dead Adventurer","floor":11,"gold_loss":0}],"is_beta":false,"boss_relics":[],"items_purged_floors":[],"is_endless":false,"potions_floor_spawned":[2,3],"killed_by":"Gremlin Nob","ascension_level":0}}