{"host":"vdohis8gfezcjpr9","time":1613536868,"event":{"mods":["2.2 Compatiblity","Abigail Mod","Act Like it!","BaseMod","BetterRewards","Colored Powertips","Custom Start","Friendly Minions","Gensokyo","Kiyohime£¨?ýï£©","Koishi","Marisa£¨Ùöéë¡¡Øª×âÞÞ£©","Minty Spire (QoL Compilation)","Permanent Neow","Prisma Mod","Rare Cards Sparkle","Reimu£¨ÚÏ???£©","Shop Mod","StSLib","Swap Starting Deck Mod","The Animator"],"gold_per_floor":[117,117,117,117,117,117,134,134,134,134,167,167,167,199,199,295,295,311,311,0,82,82,82,114,114,140,158,171,183,183,183,183,285,285,298,308,308,308,322,322,322,322,396,396,396,396,410,410,410,410,410,410,410,437,437],"floor_reached":56,"language":"KOR","playtime":3717,"items_purged":["Strike_Lin:ReiMu","Strike_Lin:ReiMu","Strike_Lin:ReiMu","Strike_Lin:ReiMu","Defend_Lin:ReiMu","Defend_Lin:ReiMu","Defend_Lin:ReiMu","Defend_Lin:ReiMu","KyokaiOfKami:ReiMu"],"score":1940,"play_id":"beb45d8e-acf6-4fa0-ba8f-9c877be49521","local_time":"20210217134108","is_ascension_mode":true,"campfire_choices":[{"floor":6.0,"key":"RECALL"},{"data":"Pain","floor":15.0,"key":"PURGE"},{"data":"1","floor":23.0,"key":"LIFT"},{"data":"2","floor":25.0,"key":"LIFT"},{"data":"3","floor":32.0,"key":"LIFT"},{"data":"KyokaiOfKami:ReiMu","floor":40,"key":"SMITH"},{"data":"ShadowOfCrow2:ReiMu","floor":45,"key":"SMITH"},{"data":"Stagnation:ReiMu","floor":49,"key":"SMITH"},{"data":"SubAcupoint:ReiMu","floor":52,"key":"SMITH"}],"circlet_count":1,"master_deck":["Stagnation:ReiMu+1","AirStrike:ReiMu+1","Conquer:ReiMu+1","KyokaiOfKami:ReiMu+1","KyokaiOfKami:ReiMu+1","SubAcupoint:ReiMu+1","SafetyPray:ReiMu","Meditation:ReiMu+1","ShadowOfCrow2:ReiMu+1","Gathering:ReiMu","OctopathBindingBorder2:ReiMu","RainPray2:ReiMu+1","Gathering:ReiMu+1","Revelation:ReiMu","SubAcupoint:ReiMu","SafetyPray:ReiMu","SubcavityFantasy:ReiMu","RunawayExorcism:ReiMu","EmergencyTakeOff:ReiMu","LovePray:ReiMu+1","PrayRite:ReiMu+1","Magnetism+1","InherentArray:ReiMu+1","OctopathBindingBorder2:ReiMu+1","TakeOff:ReiMu","FantasyMoon:ReiMu","MikOfLucky:ReiMu+1","Free:ReiMu","KamiRite:ReiMu","Dreaming:ReiMu+1","YinYang:ReiMu+1","Revelation:ReiMu+1","BlastKick2:ReiMu+1","CeremonyResonance:ReiMu+1","Shading:ReiMu+1","Authority:ReiMu+1","CleanRite:ReiMu+1","KamiRite:ReiMu+1","Gensokyo:PrivateSquare+1","Pride","Gensokyo:RainbowDanmaku+1"],"relics":["FlyPower:ReiMu","Mercury Hourglass","Shuriken","Matryoshka","Bow_fan:ReiMu","DollysMirror","Ice Cream","Mummified Hand","Toy Ornithopter","Toolbox","Sundial","Tea:ReiMu","Orrery","TurtleShell:ReiMu","WingedGreaves","HandDrill","Boot","Mastiff:ReiMu","CheatingSign:ReiMu","InkBottle","Frozen Egg 2","OrangePellets","Medical Kit","Bag of Preparation","Tiny Chest","Darkstone Periapt","Kunai","Chemical X","SkyOrb:ReiMu","Gremlin Horn","Cauldron","Blood Vial","Bottled Lightning","Strange Spoon","Eternal Feather","RuthlessExorcism:ReiMu","Happy Flower","Bronze Scales","TentaclePot:ReiMu","CrazyTorch:ReiMu","ClockworkSouvenir","White Beast Statue","Regal Pillow","PreservedInsect","TheAbacus","MealTicket","Sling","Membership Card","Du-Vu Doll","Meat on the Bone","Ornamental Fan","Dream Catcher","Pen Nib","Question Card","BodyOfKamiR:ReiMu","HornCleat","Molten Egg 2","Pear","Vajra","Oddly Smooth Stone","Nunchaku","Letter Opener","War Paint","Strawberry","Pantograph","CaptainsWheel","Salt:ReiMu","StoneCalendar","Whetstone","Anchor","FadedRune:ReiMu","Juzu Bracelet","Lizard Tail","Centennial Puzzle","Potion Belt","Ancient Tea Set","Lantern","Bag of Marbles","Pocketwatch","Toxic Egg 2","KaguraBell:ReiMu","Orichalcum","Unceasing Top","Torii","Calipers","Thread and Needle","Girya","Gensokyo:Mercy","Gensokyo:CelestialsFlawlessClothing","Mango","PureWhite:ReiMu","Gensokyo:PerfectCherryBlossom","FossilizedHelix","Bird Faced Urn","Peace Pipe","Gensokyo:LunaticRedEyes","SacredBark","Circlet","CrownOfHeavens:ReiMu"],"acts_visited":["Gensokyo:Gensokyo","Gensokyo:Gensokyoer","Gensokyo:Gensokyoest","TheEnding"],"potions_floor_usage":[55],"damage_taken":[{"damage":0.0,"enemies":"Gensokyo:Python","floor":1.0,"turns":1.0},{"damage":0.0,"enemies":"Gensokyo:3_Fairies","floor":7.0,"turns":2.0},{"damage":0.0,"enemies":"Gensokyo:Mamizou","floor":11.0,"turns":1.0},{"damage":7.0,"enemies":"Gensokyo:Cirno","floor":14.0,"turns":4.0},{"damage":0.0,"enemies":"Gensokyo:Kokoro","floor":16.0,"turns":2.0},{"damage":0.0,"enemies":"Gensokyo:CosmicMonolith","floor":18.0,"turns":1.0},{"damage":0.0,"enemies":"Gensokyo:Koishi","floor":24.0,"turns":2.0},{"damage":0.0,"enemies":"Gensokyo:Chomper","floor":27.0,"turns":1.0},{"damage":0.0,"enemies":"Gensokyo:3_Gloops","floor":28.0,"turns":1.0},{"damage":0.0,"enemies":"Gensokyo:Swordslinger","floor":29.0,"turns":2.0},{"damage":0.0,"enemies":"Gensokyo:Eiki","floor":33.0,"turns":3.0},{"damage":0.0,"enemies":"Gensokyo:3_Bats","floor":35.0,"turns":1.0},{"damage":0,"enemies":"Gensokyo:3_Boulders","floor":36,"turns":2},{"damage":0,"enemies":"Gensokyo:Rafflesia","floor":39,"turns":2},{"damage":0,"enemies":"Gensokyo:Marisa","floor":42,"turns":1},{"damage":0,"enemies":"Gensokyo:Sharpion","floor":47,"turns":1},{"damage":0,"enemies":"Gensokyo:Sharpion","floor":48,"turns":1},{"damage":0,"enemies":"Gensokyo:Scarlet_Devils","floor":50,"turns":3},{"damage":0,"enemies":"Shield and Spear","floor":54,"turns":1},{"damage":11,"enemies":"The Heart","floor":55,"turns":5}],"seed_played":"4057710869002884767","potions_obtained":[{"floor":0.0,"key":"Fruit Juice"},{"floor":0.0,"key":"Weak Potion"},{"floor":0.0,"key":"FairyPotion"},{"floor":0.0,"key":"MagicPotion:ReiMu"},{"floor":0.0,"key":"SkillPotion"},{"floor":1.0,"key":"Explosive Potion"},{"floor":7.0,"key":"BottledKami:ReiMu"},{"floor":16.0,"key":"GrandPatriotsElixir:ReiMu"}],"is_trial":false,"path_per_floor":["M","?","?","?","T","R","M","?","T","$","E","?","COS","E","R","B",null,"M","T","?","T","$","R","E","R","T","M","M","M","$","COS","R","B",null,"M","M","T","?","M","R","?","E","T","?","R","T","M","?","R","B",null,"R","$","E","B",null],"character_chosen":"REIMU","items_purchased":["AirStrike:ReiMu","Conquer:ReiMu","Mercury Hourglass","Shuriken","KyokaiOfKami:ReiMu","Matryoshka","Bow_fan:ReiMu","Dreaming2:ReiMu","DollysMirror","Mummified Hand","Toy Ornithopter","Toolbox","Sundial","Tea:ReiMu","Orrery","ShadowOfCrow2:ReiMu","TurtleShell:ReiMu","WingedGreaves","HandDrill","Boot","Mastiff:ReiMu","CheatingSign:ReiMu","OctopathBindingBorder2:ReiMu","InkBottle","Frozen Egg 2","OrangePellets","RainPray2:ReiMu","Gathering:ReiMu+1","Medical Kit","Bag of Preparation","Tiny Chest","Darkstone Periapt","Kunai","Chemical X","Revelation:ReiMu","SkyOrb:ReiMu","Gremlin Horn","Cauldron","RunawayExorcism:ReiMu","Blood Vial","Bottled Lightning","Strange Spoon","EmergencyTakeOff:ReiMu","LovePray:ReiMu","Eternal Feather","RuthlessExorcism:ReiMu","PrayRite:ReiMu","Magnetism+1","InherentArray:ReiMu+1","Happy Flower","Bronze Scales","TentaclePot:ReiMu","CrazyTorch:ReiMu","ClockworkSouvenir","White Beast Statue","OctopathBindingBorder2:ReiMu+1","Regal Pillow","PreservedInsect","TheAbacus","MealTicket","Sling","Membership Card","Du-Vu Doll","Meat on the Bone","Ornamental Fan","Dream Catcher","Pen Nib","Question Card","Lee\u0027s Waffle","BodyOfKamiR:ReiMu","HornCleat","TakeOff:ReiMu","Molten Egg 2","Pear","FantasyMoon:ReiMu","Vajra","Oddly Smooth Stone","MikOfLucky:ReiMu+1","Nunchaku","Letter Opener","War Paint","Strawberry","Pantograph","CaptainsWheel","Salt:ReiMu","Free:ReiMu","StoneCalendar","Whetstone","Anchor","FadedRune:ReiMu","Juzu Bracelet","Lizard Tail","Centennial Puzzle","KamiRite:ReiMu","Potion Belt","Ancient Tea Set","Dreaming:ReiMu+1","Lantern","Bag of Marbles","Pocketwatch","Toxic Egg 2","KaguraBell:ReiMu","Orichalcum","Unceasing Top","Torii","YinYang:ReiMu+1","Calipers","Thread and Needle","Revelation:ReiMu+1","BlastKick2:ReiMu+1","CeremonyResonance:ReiMu+1","Girya","Shading:ReiMu+1"],"campfire_rested":0,"item_purchase_floors":[0,0,0,0,0,0,0,0,0,0,0,0,0,0,0,0,0,0,0,0,0,0,0,0,0,0,0,0,0,0,0,0,0,0,0,0,0,0,0,0,0,0,0,0,0,0,0,0,0,0,0,0,0,0,0,0,0,0,0,0,0,0,0,0,0,0,0,0,0,0,0,0,0,0,0,0,0,0,0,0,0,0,0,0,0,0,0,0,0,0,0,0,0,0,0,0,0,0,0,0,0,0,0,0,0,0,0,0,0,0,0,0,0],"current_hp_per_floor":[89,89,89,67,81,102,103,103,103,103,103,109,109,109,109,109,109,109,109,109,109,109,109,109,109,109,109,109,109,109,109,109,109,109,109,109,109,109,109,109,115,115,115,115,115,115,115,115,115,115,115,115,115,115,113],"gold":437,"neow_bonus":"","is_daily":false,"chose_seed":false,"campfire_upgraded":4,"win_rate":0.0,"timestamp":1613536868,"path_taken":["M","?","?","?","?","R","M","?","T","?","E","?","COS","E","R","BOSS","M","?","?","?","?","R","E","R","T","M","M","M","$","COS","R","BOSS","M","M","?","?","M","R","?","E","T","?","R","?","M","?","R","BOSS","R","$","E","BOSS"],"items_purchased_type":["Card","Card","Relic","Relic","Card","Relic","Relic","Card","Relic","Relic","Relic","Relic","Relic","Relic","Relic","Card","Relic","Relic","Relic","Relic","Relic","Relic","Card","Relic","Relic","Relic","Card","Card","Relic","Relic","Relic","Relic","Relic","Relic","Card","Relic","Relic","Relic","Card","Relic","Relic","Relic","Card","Card","Relic","Relic","Card","Card","Card","Relic","Relic","Relic","Relic","Relic","Relic","Card","Relic","Relic","Relic","Relic","Relic","Relic","Relic","Relic","Relic","Relic","Relic","Relic","Relic","Relic","Relic","Card","Relic","Relic","Card","Relic","Relic","Card","Relic","Relic","Relic","Relic","Relic","Relic","Relic","Card","Relic","Relic","Relic","Relic","Relic","Relic","Relic","Card","Relic","Relic","Card","Relic","Relic","Relic","Relic","Relic","Relic","Relic","Relic","Card","Relic","Relic","Card","Card","Card","Relic","Card"],"build_version":"2020-12-22","purchased_purges":9,"victory":true,"max_hp_per_floor":[89,89,89,89,103,103,103,103,103,103,103,109,109,109,109,109,109,109,109,109,109,109,109,109,109,109,109,109,109,109,109,109,109,109,109,109,109,109,109,109,115,115,115,115,115,115,115,115,115,115,115,115,115,115,115],"card_choices":[{"not_picked":["SpiritualOutbreak2:ReiMu","OrbThrow:ReiMu"],"picked":"SubAcupoint:ReiMu","floor":0.0},{"not_picked":["Dreaming2:ReiMu","CareerPray:ReiMu"],"picked":"KyokaiOfKami:ReiMu","floor":0.0},{"not_picked":["SpiritualOutbreak2:ReiMu","DoubleButterfly:ReiMu"],"picked":"SafetyPray:ReiMu","floor":0.0},{"not_picked":["Gathering:ReiMu","OrbThrow:ReiMu"],"picked":"Meditation:ReiMu","floor":0.0},{"not_picked":["SubcavityInstant:ReiMu","AlertArray:ReiMu"],"picked":"Gathering:ReiMu","floor":0.0},{"not_picked":["SpiritualOutbreak2:ReiMu","OrbThrow:ReiMu"],"picked":"SubAcupoint:ReiMu","floor":0.0},{"not_picked":["KyokaiOfKami:ReiMu","Dreaming2:ReiMu"],"picked":"CareerPray:ReiMu","floor":0.0},{"not_picked":["SpiritualOutbreak2:ReiMu","DoubleButterfly:ReiMu"],"picked":"SafetyPray:ReiMu","floor":0.0},{"not_picked":["Mountainwind:ReiMu","TakeOff:ReiMu"],"picked":"SubcavityFantasy:ReiMu","floor":0.0},{"not_picked":["Crusade:ReiMu+1","SubcavityInstant:ReiMu+1","WonderfulDomain:ReiMu+1","SpiritualOutbreak2:ReiMu+1"],"picked":"SKIP","floor":1.0},{"not_picked":["AirStrike:ReiMu+1","SubcavityInstant:ReiMu+1","SubAcupoint:ReiMu+1"],"picked":"Authority:ReiMu+1","floor":3.0},{"not_picked":["SubAcupoint:ReiMu+1","SpreadBorder2:ReiMu+1","Intuition:ReiMu+1","Meditation:ReiMu+1"],"picked":"SKIP","floor":7.0},{"not_picked":["SpringWay:ReiMu+1","WonderfulDomain:ReiMu+1","CareerPray:ReiMu+1","LearningPray:ReiMu+1"],"picked":"SKIP","floor":11.0},{"not_picked":["MountainWay:ReiMu+1","InherentArray:ReiMu+1","PrepareRite:ReiMu+1","OrbThrow:ReiMu+1"],"picked":"SKIP","floor":14.0},{"not_picked":["OctopathSalyBorderN:ReiMu+1","Dreaming:ReiMu+1","RunawayExorcism:ReiMu+1"],"picked":"CleanRite:ReiMu+1","floor":16.0},{"not_picked":["WonderfulDomain:ReiMu+1","Enchanting:ReiMu+1","Conquer:ReiMu+1","TightArray:ReiMu+1"],"picked":"SKIP","floor":18.0},{"not_picked":["InherentArray:ReiMu+1","SpiritualOutbreak2:ReiMu+1","Shading:ReiMu+1","ShadowOfCrow2:ReiMu+1"],"picked":"SKIP","floor":24.0},{"not_picked":["Conquer:ReiMu+1","Dreaming2:ReiMu+1","SubcavityInstant:ReiMu+1","Revelation:ReiMu+1"],"picked":"SKIP","floor":27.0},{"not_picked":["Conquer:ReiMu+1","Enchanting:ReiMu+1","Gathering:ReiMu+1","CareerPray:ReiMu+1"],"picked":"SKIP","floor":28.0},{"not_picked":["WonderfulDomain:ReiMu+1","Amulet:ReiMu+1","TakeOff:ReiMu+1","Determination:ReiMu+1"],"picked":"SKIP","floor":29.0},{"not_picked":["CeremonyResonance:ReiMu+1","RunawayExorcism:ReiMu+1","YinYang:ReiMu+1"],"picked":"KamiRite:ReiMu+1","floor":33.0},{"not_picked":["MountainWay:ReiMu+1","ForcedLanding:ReiMu+1","TakeOff:ReiMu+1","SafetyPray:ReiMu+1"],"picked":"SKIP","floor":35.0},{"not_picked":["AirStrike:ReiMu+1","WonderfulDomain:ReiMu+1","RainPray2:ReiMu+1","DoubleButterfly:ReiMu+1"],"picked":"SKIP","floor":36},{"not_picked":["AirStrike:ReiMu+1","EmergencyTakeOff:ReiMu+1","TightArray:ReiMu+1","SafetyPray:ReiMu+1"],"picked":"SKIP","floor":39},{"not_picked":["Amulet:ReiMu+1","TightArray:ReiMu+1","Dreaming2:ReiMu+1","WonderfulDomain:ReiMu+1"],"picked":"SKIP","floor":42},{"not_picked":["CareerPray:ReiMu+1","EmergencyTakeOff:ReiMu+1","OrbThrow:ReiMu+1","Amulet:ReiMu+1"],"picked":"SKIP","floor":47},{"not_picked":["Gensokyo:HouraiInAPot+1","Gensokyo:Dawn+1"],"picked":"Gensokyo:RainbowDanmaku+1","floor":48},{"not_picked":["Enchanting:ReiMu+1","SpreadBorder2:ReiMu+1","CareerPray:ReiMu+1","Determination:ReiMu+1"],"picked":"SKIP","floor":54}],"player_experience":124576,"relics_obtained":[{"floor":5.0,"key":"Mango"},{"floor":5.0,"key":"PureWhite:ReiMu"},{"floor":9.0,"key":"FossilizedHelix"},{"floor":9.0,"key":"Bird Faced Urn"},{"floor":11.0,"key":"Peace Pipe"},{"floor":26.0,"key":"Circlet"}],"event_choices":[],"is_beta":false,"boss_relics":[{"not_picked":["RedLine:ReiMu","Ectoplasm"],"picked":"SacredBark"},{"not_picked":["Velvet Choker","Fusion Hammer"],"picked":"CrownOfHeavens:ReiMu"}],"items_purged_floors":[0,0,0,0,0,0,0,0,0],"is_endless":false,"potions_floor_spawned":[1,7,11,14,16,18,24,27,28,29,33,35,36,39,42,47,54],"ascension_level":1}}