{"host":"pcmopveywlvqm8mb","time":1613580508,"event":{"mods":["AchievementEnabler","BaseMod","DeckTracker","Minty Spire (QoL Compilation)","StSLib"],"gold_per_floor":[114,114,125,125,145,145,156,156,156,191,191,225,244,169,169,274,324,341,341,266,281,298,298,313,313,339,351,58,78,90,90,90,186,186,197,213,45,45,57,92,92,109,135,135,153,153,153],"floor_reached":46,"language":"KOR","playtime":2071,"items_purged":["Strike_G","Defend_G+1"],"score":464,"play_id":"339d14dd-640a-452c-a7d4-f3271f06198b","local_time":"20210218014828","is_ascension_mode":false,"campfire_choices":[{"data":"Neutralize","floor":6,"key":"SMITH"},{"data":"Accuracy","floor":8,"key":"SMITH"},{"data":"Blade Dance","floor":11,"key":"SMITH"},{"data":"Backflip","floor":15,"key":"SMITH"},{"data":"Infinite Blades","floor":23,"key":"SMITH"},{"data":"A Thousand Cuts","floor":25,"key":"SMITH"},{"floor":32,"key":"REST"},{"floor":41,"key":"REST"},{"data":"Strike_G","floor":44,"key":"PURGE"}],"circlet_count":0,"master_deck":["Defend_G","Defend_G","Defend_G","Survivor","Neutralize+1","Cloak And Dagger+1","Dash","Accuracy+1","Blade Dance+1","Burst","Backflip+1","A Thousand Cuts+1","Backflip","Cloak And Dagger+1","Infinite Blades+1","Noxious Fumes","Deflect","Deflect","Accuracy","Cloak And Dagger+1"],"relics":["Ring of the Snake","Juzu Bracelet","Letter Opener","MealTicket","Tiny House","Omamori","Peace Pipe","Empty Cage","Toy Ornithopter","Centennial Puzzle"],"acts_visited":["Exordium","TheCity","TheBeyond"],"potions_floor_usage":[27,29,30,33,39],"damage_taken":[{"damage":2,"enemies":"Small Slimes","floor":1,"turns":4},{"damage":0,"enemies":"Cultist","floor":3,"turns":3},{"damage":0,"enemies":"Jaw Worm","floor":5,"turns":4},{"damage":0,"enemies":"Red Slaver","floor":7,"turns":3},{"damage":6,"enemies":"3 Sentries","floor":10,"turns":8},{"damage":12,"enemies":"Gremlin Nob","floor":12,"turns":4},{"damage":0,"enemies":"3 Louse","floor":13,"turns":2},{"damage":10,"enemies":"Hexaghost","floor":16,"turns":10},{"damage":2,"enemies":"Shell Parasite","floor":18,"turns":4},{"damage":3,"enemies":"Chosen","floor":21,"turns":5},{"damage":4,"enemies":"3 Cultists","floor":22,"turns":4},{"damage":10,"enemies":"Shelled Parasite and Fungi","floor":24,"turns":5},{"damage":19,"enemies":"Snake Plant","floor":27,"turns":4},{"damage":7,"enemies":"Snecko","floor":29,"turns":3},{"damage":20,"enemies":"Sentry and Sphere","floor":30,"turns":7},{"damage":45,"enemies":"Collector","floor":33,"turns":9},{"damage":3,"enemies":"3 Shapes","floor":35,"turns":5},{"damage":0,"enemies":"Orb Walker","floor":36,"turns":3},{"damage":5,"enemies":"Spire Growth","floor":39,"turns":5},{"damage":47,"enemies":"Nemesis","floor":40,"turns":9},{"damage":16,"enemies":"4 Shapes","floor":42,"turns":5},{"damage":23,"enemies":"Jaw Worm Horde","floor":45,"turns":4},{"damage":5,"enemies":"Sphere and 2 Shapes","floor":46,"turns":2}],"seed_played":"-6289433861277262844","potions_obtained":[{"floor":3,"key":"SpeedPotion"},{"floor":10,"key":"Regen Potion"},{"floor":12,"key":"Regen Potion"},{"floor":16,"key":"Weak Potion"},{"floor":27,"key":"SpeedPotion"},{"floor":33,"key":"PowerPotion"},{"floor":42,"key":"GamblersBrew"},{"floor":45,"key":"CunningPotion"}],"is_trial":false,"path_per_floor":["M","?","M","$","M","R","M","R","T","E","R","E","M","$","R","B",null,"M","?","?","M","M","R","M","R","T","M","$","M","M","?","R","B",null,"M","M","$","?","M","E","R","M","T","R","M","M"],"character_chosen":"THE_SILENT","items_purchased":["Peace Pipe","Accuracy"],"campfire_rested":2,"item_purchase_floors":[28,37],"current_hp_per_floor":[68,68,68,68,68,68,68,68,68,62,62,50,50,65,65,55,75,73,73,73,70,66,66,56,56,56,42,57,50,30,30,52,7,75,72,72,75,75,70,23,45,29,29,29,6,1,1],"gold":153,"neow_bonus":"REMOVE_CARD","is_daily":false,"chose_seed":false,"campfire_upgraded":6,"win_rate":0.0,"timestamp":1613580508,"path_taken":["M","?","M","?","?","R","M","R","T","E","R","E","M","$","R","BOSS","M","?","?","M","M","R","M","R","T","M","$","M","M","?","R","BOSS","M","M","$","?","M","E","R","M","T","R","M","M"],"items_purchased_type":["Relic","Card"],"build_version":"2020-12-22","purchased_purges":2,"victory":false,"max_hp_per_floor":[70,70,70,70,70,70,70,70,70,70,70,70,70,70,70,70,75,75,75,75,75,75,75,75,75,75,75,75,75,75,75,75,75,75,75,75,75,75,75,75,75,75,75,75,75,75,75],"card_choices":[{"not_picked":["Slice","Flechettes"],"picked":"Cloak And Dagger","floor":1},{"not_picked":["Deflect","Acrobatics"],"picked":"Dash","floor":3},{"not_picked":["Poisoned Stab","Masterful Stab","Underhanded Strike"],"picked":"SKIP","floor":5},{"not_picked":["Blade Dance","Prepared"],"picked":"Accuracy","floor":7},{"not_picked":["Quick Slash","Catalyst"],"picked":"Blade Dance","floor":10},{"not_picked":["Deadly Poison","Dagger Throw"],"picked":"Burst","floor":12},{"not_picked":["Caltrops","PiercingWail"],"picked":"Backflip","floor":13},{"not_picked":["Venomology","Grand Finale"],"picked":"A Thousand Cuts","floor":16},{"not_picked":["Poisoned Stab","Crippling Poison"],"picked":"Backflip","floor":17},{"not_picked":["Flying Knee","Deflect"],"picked":"Cloak And Dagger","floor":18},{"not_picked":["Predator","Sucker Punch","Acrobatics"],"picked":"SKIP","floor":21},{"not_picked":["Deadly Poison","Slice"],"picked":"Infinite Blades","floor":22},{"not_picked":["Flying Knee","Flechettes","Phantasmal Killer"],"picked":"SKIP","floor":24},{"not_picked":["Slice+1","Bouncing Flask+1"],"picked":"Noxious Fumes","floor":27},{"not_picked":["Acrobatics","Eviscerate"],"picked":"Deflect","floor":29},{"not_picked":["Flying Knee+1","Acrobatics+1"],"picked":"Deflect","floor":30},{"not_picked":["Setup","Underhanded Strike+1","Poisoned Stab"],"picked":"SKIP","floor":35},{"not_picked":["Poisoned Stab+1","Skewer","Flying Knee"],"picked":"SKIP","floor":36},{"not_picked":["Backflip","Tactician"],"picked":"Cloak And Dagger+1","floor":39},{"not_picked":["Bullet Time","Underhanded Strike+1","Caltrops"],"picked":"SKIP","floor":40},{"not_picked":["Sucker Punch","Backflip","Setup"],"picked":"SKIP","floor":42},{"not_picked":["Outmaneuver","PiercingWail","Tactician"],"picked":"SKIP","floor":45}],"player_experience":267285,"relics_obtained":[{"floor":9,"key":"Juzu Bracelet"},{"floor":10,"key":"Letter Opener"},{"floor":12,"key":"MealTicket"},{"floor":26,"key":"Omamori"},{"floor":40,"key":"Toy Ornithopter"},{"floor":43,"key":"Centennial Puzzle"}],"event_choices":[{"damage_healed":0,"gold_gain":0,"player_choice":"Forge","damage_taken":0,"max_hp_gain":0,"max_hp_loss":0,"event_name":"Accursed Blacksmith","floor":2,"gold_loss":0,"cards_upgraded":["Cloak And Dagger"]},{"damage_healed":0,"gold_gain":0,"player_choice":"Bought 0 Potions","damage_taken":0,"max_hp_gain":0,"max_hp_loss":0,"event_name":"The Woman in Blue","floor":19,"gold_loss":0},{"cards_removed":["Strike_G"],"damage_healed":0,"gold_gain":0,"player_choice":"Gave Gold","damage_taken":0,"max_hp_gain":0,"max_hp_loss":0,"event_name":"Beggar","floor":20,"gold_loss":75},{"damage_healed":0,"gold_gain":0,"player_choice":"Smashed Altar","damage_taken":0,"max_hp_gain":0,"max_hp_loss":0,"event_name":"Forgotten Altar","floor":31,"gold_loss":0,"cards_obtained":["Decay"]},{"damage_healed":0,"gold_gain":0,"player_choice":"Upgraded","damage_taken":0,"max_hp_gain":0,"max_hp_loss":0,"event_name":"Upgrade Shrine","floor":38,"gold_loss":0,"cards_upgraded":["Cloak And Dagger"]}],"is_beta":false,"boss_relics":[{"not_picked":["Fusion Hammer","Runic Pyramid"],"picked":"Tiny House"},{"not_picked":["Ring of the Serpent","Cursed Key"],"picked":"Empty Cage"}],"items_purged_floors":[14,37],"is_endless":false,"potions_floor_spawned":[3,10,12,16,18,21,27,33,42,45],"killed_by":"Sphere and 2 Shapes","ascension_level":0}}