{"host":"gaqyve1328ta0etl","time":1613589036,"event":{"mods":["BaseMod","Colored Map","Colored Powertips","Duelist Mod","Googly Eyes","Hero for Fun","Minty Spire (QoL Compilation)","Shop Mod","StSLib","SuperFastMode","The Hierophant","The Runesmith"],"gold_per_floor":[139,154,171,15,28,28,28,28,83,95,180,192,224,247,259,373,385,410,422,434,459,471,483,505,517,529,541,308,319,344,179,179,281,281,295,295,306,77,90,90,90,107,107,107,137,97,114,114,114,114],"floor_reached":51,"language":"ENG","playtime":1530,"items_purged":["theDuelist:Sparks","theDuelist:BeaverWarrior","theDuelist:GiantSoldier","theDuelist:GiantSoldier"],"score":1114,"play_id":"27f60eec-9573-4768-b383-c52f4f549849","local_time":"20210217111036","is_ascension_mode":true,"campfire_choices":[{"data":"theDuelist:PsychicShockwave","floor":6,"key":"SMITH"},{"data":"theDuelist:Kuribohrn","floor":8,"key":"SMITH"},{"data":"theDuelist:SpiralSpearStrike+1","floor":15,"key":"SMITH"},{"data":"theDuelist:HappyLover","floor":23,"key":"SMITH"},{"data":"theDuelist:SpiralSpearStrike+2","floor":25,"key":"SMITH"},{"data":"theDuelist:GravityLash","floor":27,"key":"SMITH"},{"data":"theDuelist:ImperialOrder","floor":32,"key":"SMITH"},{"data":"theDuelist:MillenniumGolem","floor":40,"key":"SMITH"},{"data":"theDuelist:HammerShot","floor":44,"key":"SMITH"},{"data":"theDuelist:BattleFootballer","floor":49,"key":"SMITH"}],"circlet_count":0,"master_deck":["theDuelist:Tuningware","theDuelist:HappyLover+1","theDuelist:ImperialOrder+1","theDuelist:HammerShot+1","theDuelist:Kuribohrn+1","theDuelist:MagicalStone","theDuelist:PsychicShockwave+1","Finesse+1","theDuelist:FinalFlame","theDuelist:WormApocalypse","theDuelist:BloodSparks","theDuelist:SpiralSpearStrike","theDuelist:Mudora","theDuelist:DoubleTool","theDuelist:MillenniumGolem+1","theDuelist:GravityLash+1","theDuelist:LabyrinthWall+1","theDuelist:HappyLover","theDuelist:FusionWeapon","theDuelist:SpiralSpearStrike+3","theDuelist:DeltaMagnet","AscendersBane","theDuelist:ScrapFactory","theDuelist:BattleFootballer+1"],"relics":["theDuelist:MillenniumPuzzle","theDuelist:CardPoolRelic","theDuelist:CardPoolBasicRelic","theDuelist:BoosterPackPoolRelic","theDuelist:CardPoolAddRelic","theDuelist:CardPoolMinusRelic","theDuelist:CardPoolSaveRelic","theDuelist:CardPoolOptionsRelic","Nunchaku","MawBank","theDuelist:MillenniumPeriapt","Cursed Key","Blood Vial","Red Mask","theDuelist:GamblerChip","Centennial Puzzle"],"acts_visited":["Exordium","TheCity","TheBeyond"],"potions_floor_usage":[16,24,30,45],"damage_taken":[{"damage":6,"enemies":"Cultist","floor":1,"turns":6},{"damage":0,"enemies":"Small Slimes","floor":2,"turns":6},{"damage":0,"enemies":"Jaw Worm","floor":3,"turns":3},{"damage":2,"enemies":"3 Louse","floor":5,"turns":4},{"damage":13,"enemies":"Gremlin Gang","floor":13,"turns":4},{"damage":0,"enemies":"2 Fungi Beasts","floor":14,"turns":3},{"damage":12,"enemies":"Slime Boss","floor":16,"turns":7},{"damage":0,"enemies":"Chosen","floor":18,"turns":4},{"damage":0,"enemies":"Spheric Guardian","floor":21,"turns":3},{"damage":0,"enemies":"Snecko","floor":24,"turns":3},{"damage":12,"enemies":"Snake Plant","floor":29,"turns":3},{"damage":0,"enemies":"Masked Bandits","floor":30,"turns":1},{"damage":18,"enemies":"Collector","floor":33,"turns":5},{"damage":19,"enemies":"3 Darklings","floor":35,"turns":3},{"damage":0,"enemies":"Orb Walker","floor":37,"turns":2},{"damage":0,"enemies":"Spire Growth","floor":39,"turns":3},{"damage":9,"enemies":"Writhing Mass","floor":42,"turns":5},{"damage":0,"enemies":"Nemesis","floor":45,"turns":5},{"damage":1,"enemies":"Transient","floor":47,"turns":5},{"damage":5,"enemies":"Donu and Deca","floor":50,"turns":10}],"seed_played":"6137425160338979736","potions_obtained":[{"floor":2,"key":"theDuelist:FlamingBottle"},{"floor":13,"key":"Swift Potion"},{"floor":16,"key":"theDuelist:WaterBottle"},{"floor":21,"key":"theDuelist:StunPotion"},{"floor":29,"key":"theDuelist:MayhemPotion"},{"floor":42,"key":"ColorlessPotion"}],"is_trial":false,"path_per_floor":["M","M","M","$","M","R","?","R","T","?","T","?","M","M","R","B",null,"M","?","T","M","?","R","M","R","T","R","$","M","?","$","R","B",null,"M","?","M","$","M","R","?","M","T","R","E","$","M","?","R","B",null],"character_chosen":"THE_DUELIST","items_purchased":["theDuelist:Kuribohrn","Blood Vial","theDuelist:ImperialOrder","theDuelist:StarBlast","theDuelist:BattleFootballer"],"campfire_rested":0,"item_purchase_floors":[4,28,31,38,46],"current_hp_per_floor":[66,70,74,74,76,76,76,76,76,76,76,76,63,63,63,55,86,86,86,86,86,86,86,86,86,86,86,86,76,78,78,78,62,88,71,71,73,73,75,75,75,68,68,68,70,70,71,71,71,68],"gold":114,"neow_bonus":"RANDOM_COMMON_RELIC","is_daily":false,"chose_seed":false,"campfire_upgraded":10,"win_rate":0.0,"timestamp":1613589036,"path_taken":["M","?","M","$","M","R","?","R","T","?","?","?","M","?","R","BOSS","M","?","?","M","?","R","M","R","T","R","$","?","?","$","R","BOSS","M","?","M","$","M","R","?","M","T","R","E","$","M","?","R","BOSS"],"items_purchased_type":["Card","Relic","Card","Card","Card"],"build_version":"2020-12-22","purchased_purges":4,"victory":true,"max_hp_per_floor":[80,84,88,88,92,92,92,92,92,92,92,92,92,92,92,96,96,96,96,96,96,96,96,96,96,96,96,96,96,96,96,96,96,96,96,96,96,96,96,96,91,91,91,91,91,91,91,91,91,91],"card_choices":[{"not_picked":["theDuelist:Hinotama","theDuelist:MiracleFertilizer","theDuelist:CrystalBlessing","theDuelist:FuryFire"],"picked":"theDuelist:FusionWeapon","floor":1},{"not_picked":["theDuelist:LightningVortex","theDuelist:DeltaAttacker","theDuelist:CrystalRaigeki","theDuelist:Graverobber"],"picked":"theDuelist:Tuningware","floor":2},{"not_picked":["theDuelist:AfterTheStorm","theDuelist:SpiritHarp","theDuelist:CombinationAttack","theDuelist:SolarWindJammer"],"picked":"theDuelist:DoubleTool","floor":3},{"not_picked":["theDuelist:WhiteHowling","theDuelist:Reinforcements","theDuelist:PowerWall","theDuelist:MiraculousDescent"],"picked":"theDuelist:PsychicShockwave","floor":5},{"not_picked":["theDuelist:SangaEarth","theDuelist:BerserkerCrush"],"picked":"theDuelist:GravityLash","floor":13},{"not_picked":["theDuelist:Wiretap","theDuelist:SilentDoom+1","theDuelist:Hinotama+1","theDuelist:FuryFire+1"],"picked":"theDuelist:SpiralSpearStrike+1","floor":14},{"not_picked":["theDuelist:RainbowNeos","theDuelist:Eva","theDuelist:RainbowKuriboh","theDuelist:RainbowOverdragon"],"picked":"theDuelist:HappyLover","floor":16},{"not_picked":["theDuelist:ClearKuriboh","theDuelist:MudragonSwamp+1","theDuelist:EarthquakeGiant+1","theDuelist:SmashingGround"],"picked":"theDuelist:Mudora","floor":18},{"not_picked":["theDuelist:DestroyerGolem","theDuelist:LightningVortex","theDuelist:MudGolem","theDuelist:WingedKuriboh","theDuelist:GauntletWarrior"],"picked":"SKIP","floor":21},{"not_picked":["theDuelist:ClearKuriboh","theDuelist:DarklordSuperbia","theDuelist:EarthquakeGiant+1","theDuelist:FuryFire"],"picked":"theDuelist:HammerShot","floor":24},{"not_picked":["theDuelist:ClearKuriboh","theDuelist:Fissure+1","theDuelist:HammerShot+1","theDuelist:MudragonSwamp"],"picked":"theDuelist:MillenniumGolem","floor":29},{"not_picked":["theDuelist:MeteorDestruction","theDuelist:SpiritHarp","theDuelist:PowerKaishin","theDuelist:DoubleTool"],"picked":"theDuelist:WormApocalypse","floor":30},{"not_picked":["theDuelist:RainbowNeos","theDuelist:KamionTimelord","theDuelist:Eva","theDuelist:RainbowOverdragon"],"picked":"theDuelist:HappyLover","floor":33},{"not_picked":["theDuelist:HappyLover","theDuelist:BlueBloodedOni","theDuelist:GreyGreedOni","theDuelist:PurplePainOni","theDuelist:RainbowOverdragon"],"picked":"SKIP","floor":35},{"not_picked":["theDuelist:RainbowNeos","theDuelist:DestroyerGolem","theDuelist:GiantSoldierSteel","theDuelist:RainbowOverdragon"],"picked":"theDuelist:LabyrinthWall+1","floor":37},{"not_picked":["theDuelist:MeteorDestruction","theDuelist:ScrapFactory","theDuelist:RainbowNeos","theDuelist:EgoBoost","theDuelist:SilverApples+1"],"picked":"SKIP","floor":39},{"not_picked":["theDuelist:Wiretap","theDuelist:SpiralSpearStrike+1","theDuelist:MeteorDestruction+2","theDuelist:LegendarySword+2","theDuelist:InfernoFireBlast+1"],"picked":"SKIP","floor":42},{"not_picked":["theDuelist:MeteorDestruction+1","theDuelist:Hinotama","theDuelist:PowerKaishin","theDuelist:OnslaughtFireKings","theDuelist:BigFire"],"picked":"SKIP","floor":45},{"not_picked":["theDuelist:Wildfire","theDuelist:SevenCompleted","theDuelist:FeatherShot+1"],"picked":"SKIP","floor":47},{"not_picked":["Chrysalis","Deep Breath","Purity"],"picked":"Finesse+1","floor":48}],"player_experience":2208851,"relics_obtained":[{"floor":9,"key":"MawBank"},{"floor":11,"key":"theDuelist:MillenniumPeriapt"},{"floor":30,"key":"Red Mask"},{"floor":45,"key":"Centennial Puzzle"}],"event_choices":[{"cards_removed":["theDuelist:CastleWalls"],"damage_healed":0,"gold_gain":0,"player_choice":"Forget","damage_taken":0,"max_hp_gain":0,"max_hp_loss":0,"event_name":"Living Wall","floor":7,"gold_loss":0},{"damage_healed":0,"gold_gain":0,"player_choice":"Delta Electro","duelist":true,"damage_taken":0,"max_hp_gain":0,"max_hp_loss":0,"event_name":"Egyptian Village","floor":10,"gold_loss":0,"cards_obtained":["Delta Electromagnet Warrior"]},{"damage_healed":0,"gold_gain":0,"player_choice":"Leave","duelist":true,"damage_taken":0,"max_hp_gain":0,"max_hp_loss":0,"event_name":"Relic Duplicator","floor":12,"gold_loss":0},{"damage_healed":0,"gold_gain":0,"cards_transformed":["theDuelist:CastleWalls","theDuelist:BeaverWarrior"],"player_choice":"Became Test Subject","damage_taken":0,"max_hp_gain":0,"max_hp_loss":0,"event_name":"Drug Dealer","floor":19,"gold_loss":0,"cards_obtained":["theDuelist:SpiralSpearStrike","theDuelist:MagicalStone"]},{"damage_healed":0,"gold_gain":0,"player_choice":"Ignored","damage_taken":0,"max_hp_gain":0,"max_hp_loss":0,"event_name":"The Mausoleum","floor":22,"gold_loss":0},{"damage_healed":0,"gold_gain":0,"player_choice":"Fought Bandits","damage_taken":0,"max_hp_gain":0,"max_hp_loss":0,"event_name":"Masked Bandits","floor":30,"gold_loss":0},{"total_magic_score":94,"gold_gain":0,"duelist":true,"damage_taken":0,"relics_obtained":[],"points":4,"war_reward":4,"max_hp_gain":0,"max_hp_loss":0,"spent_points":{"magic":0,"greed":0,"war":4,"power":0,"hunger":0},"event_name":"Nameless Tomb","floor":36,"gold_loss":0,"cards_obtained":["theDuelist:Nameless:War:AssaultArmor"]},{"damage_healed":0,"gold_gain":0,"player_choice":"Max HP","damage_taken":0,"max_hp_gain":0,"max_hp_loss":5,"event_name":"Winding Halls","floor":41,"gold_loss":0},{"damage_healed":0,"gold_gain":0,"player_choice":"Memory 1","damage_taken":0,"max_hp_gain":0,"max_hp_loss":0,"event_name":"SensoryStone","floor":48,"gold_loss":0}],"is_beta":false,"boss_relics":[{"not_picked":["Black Star","Velvet Choker"],"picked":"Cursed Key"},{"not_picked":["Mark of Pain","Runic Cube"],"picked":"theDuelist:GamblerChip"}],"items_purged_floors":[4,28,31,38],"is_endless":false,"potions_floor_spawned":[2,13,16,18,21,29,42],"ascension_level":12}}