{"host":"xp5rvh2jwe2ejyfm","time":1613520456,"event":{"mods":["2.2 Compatiblity","Aspiration","BaseMod","Better Altar","Better Match","Better Note","Better Sensory Stone","Better Skull","BetterRewards","Colored Powertips","Conspire","Downfall","GifTheSpireLib","Gremlin Mod","GungeonMod","Hermit","Hubris","Jorbs\u0027s Wanderer Trilogy","Minty Spire (QoL Compilation)","Potionbrewer","Quick Restart","Replay The Spire","Robot Space Explorer","Shade Mod","Somnambulant","StSLib","The Bug Knight","The Clintock","The Construct","The Cursed","The Disciple","The Forsaken","The Hierophant","The Marked","The Necromancer","The Runesmith","The Servant 0.9.4","The Valiant","The Witch","TheFirefly","thorton"],"gold_per_floor":[118,17,17,29,44,79,97,97,97,97,115,132,150,163,163,258,258,271,271,281,102,116,151,7,20,20,20,20,31,63,74,74,176,176,190,203,215,60,73,99,99,119,144,176,176,187,10,20,20,20,20],"floor_reached":50,"language":"ENG","playtime":2074,"items_purged":[],"score":1027,"play_id":"8daddb4d-da42-4464-a955-f511f752675e","local_time":"20210216190736","is_ascension_mode":false,"campfire_choices":[{"floor":8,"key":"RECALL"},{"data":"TheCursedMod:AntiAging","floor":15,"key":"SMITH"},{"data":"TheCursedMod:CircleOfFlame","floor":32,"key":"SMITH"},{"floor":41,"key":"REST"},{"floor":49,"key":"REST"}],"circlet_count":0,"master_deck":["TheCursedMod:Strike_TheCursed","TheCursedMod:Strike_TheCursed","TheCursedMod:Strike_TheCursed","TheCursedMod:Strike_TheCursed","TheCursedMod:Defend_TheCursed","TheCursedMod:Defend_TheCursed","TheCursedMod:Defend_TheCursed","TheCursedMod:CursedWand","TheCursedMod:CleanUpWorkshop","TheCursedMod:Dregs","TheCursedMod:Stretching","AbeCurse","TheCursedMod:Hemoplague","TheCursedMod:Hemoplague","TheCursedMod:CircleOfFlame+1","TheCursedMod:WearCloak","TheCursedMod:CursedBlade+1","TheCursedMod:SpitefulStrike","TheCursedMod:WearCloak","TheCursedMod:CursedShiv","TheCursedMod:SpitefulStrike","TheCursedMod:RavingStaff","TheCursedMod:HellfireBreathing","TheCursedMod:VitalStrike","TheCursedMod:HellfireBreathing","TheCursedMod:SaltUponWound","TheCursedMod:AntiAging+1","TheCursedMod:NeowsMight","TheCursedMod:VitalStrike","TheCursedMod:SaltUponWound","TheCursedMod:VitalStrike+1","TheCursedMod:SpreadPlague+1","TheCursedMod:HellfireBreathing+1","TheCursedMod:CursedBlade","TheCursedMod:AbyssShockwave+1","TheCursedMod:AbyssShockwave","TheCursedMod:CursedShiv+1","TheCursedMod:DemonicPact","TheCursedMod:Stigma","TheCursedMod:TacticalStrike+1","TheCursedMod:CursedBoomerang+1","TheCursedMod:RavingStaff","TheCursedMod:ReleasedStrength","Parasite","TheCursedMod:CursedBlade","TheCursedMod:EmpowerCircles","TheCursedMod:CircleOfFlame","ReplayUltimateDefense","TheCursedMod:CursedBlade"],"relics":["TheCursedMod:BlackMagic101","Archangels Feather","Abe\u0027s Treasure","DollysMirror","Juzu Bracelet","thethorton:BottledFunds","Happy Flower","Snack Pack","Oddly Smooth Stone","theForsaken:ScaryMask","Replay:WaspNest","Fusion Hammer","DemoMod:MonsterBlood","Potion Belt","ReplayTheSpireMod:TigerMarble","Smiling Mask"],"acts_visited":["Exordium","TheCity","TheBeyond"],"potions_floor_usage":[6,20,23,23,23,30,30,31,31,39,50,50,50,50],"damage_taken":[{"damage":6,"enemies":"Cultist","floor":1,"turns":4},{"damage":0,"enemies":"Jaw Worm","floor":4,"turns":3},{"damage":6,"enemies":"conspire:RoseBush","floor":5,"turns":2},{"damage":18,"enemies":"Lagavulin","floor":6,"turns":5},{"damage":0,"enemies":"Looter","floor":7,"turns":2},{"damage":1,"enemies":"Lots of Slimes","floor":11,"turns":3},{"damage":5,"enemies":"Large Slime","floor":12,"turns":6},{"damage":21,"enemies":"Exordium Thugs","floor":13,"turns":4},{"damage":0,"enemies":"Exordium Wildlife","floor":14,"turns":3},{"damage":41,"enemies":"The Guardian","floor":16,"turns":8},{"damage":3,"enemies":"3 Byrds","floor":18,"turns":3},{"damage":15,"enemies":"2 Thieves","floor":20,"turns":5},{"damage":5,"enemies":"Shelled Parasite and Fungi","floor":22,"turns":3},{"damage":0,"enemies":"conspire:SneckoGhost","floor":23,"turns":3},{"damage":4,"enemies":"Cultist and Chosen","floor":25,"turns":3},{"damage":11,"enemies":"3 Cultists","floor":29,"turns":2},{"damage":32,"enemies":"Gremlin Leader","floor":30,"turns":4},{"damage":9,"enemies":"Snecko","floor":31,"turns":4},{"damage":33,"enemies":"Pondfish","floor":33,"turns":5},{"damage":7,"enemies":"3 Shapes","floor":35,"turns":2},{"damage":29,"enemies":"3 Darklings","floor":36,"turns":3},{"damage":16,"enemies":"4 Shapes","floor":37,"turns":2},{"damage":6,"enemies":"Maw","floor":39,"turns":4},{"damage":36,"enemies":"Nemesis","floor":40,"turns":3},{"damage":5,"enemies":"Writhing Mass","floor":42,"turns":3},{"damage":22,"enemies":"HollowMod:StalkingDevout","floor":44,"turns":4},{"damage":41,"enemies":"Sphere and 2 Shapes","floor":46,"turns":4},{"damage":0,"enemies":"Jaw Worm Horde","floor":48,"turns":2},{"damage":131,"enemies":"conspire:OrnateMirror","floor":50,"turns":7}],"seed_played":"-2075551730335193983","potions_obtained":[{"floor":4,"key":"Flashbang"},{"floor":5,"key":"SteroidPotion"},{"floor":12,"key":"SteroidPotion"},{"floor":18,"key":"sneckomod:MuddlingPotion"},{"floor":22,"key":"ColorlessPotion"},{"floor":23,"key":"Fire Potion"},{"floor":30,"key":"sneckomod:MuddlingPotion"},{"floor":33,"key":"Strength Potion"},{"floor":36,"key":"Block Potion"},{"floor":39,"key":"potionbrewer:InfectionPotion"},{"floor":44,"key":"Dexterity Potion"},{"floor":48,"key":"champ:CounterPotion"}],"is_trial":false,"path_per_floor":["M","$","?","M","M","E","M","R","T","?","M","M","M","M","R","B",null,"M","?","M","$","M","E","$","M","T","?","?","M","E","M","R","B",null,"M","M","M","$","M","E","R","M","T","E","?","M","$","M","R","B"],"character_chosen":"THE_CURSED","items_purchased":["TheCursedMod:Hemoplague","DollysMirror","TheCursedMod:CircleOfFlame","TheCursedMod:WearCloak","TheCursedMod:SpitefulStrike","TheCursedMod:WearCloak","Happy Flower","TheCursedMod:VitalStrike+1","Oddly Smooth Stone","DemoMod:MonsterBlood","ReplayUltimateDefense"],"campfire_rested":2,"item_purchase_floors":[0,0,0,0,2,2,21,21,24,38,47],"current_hp_per_floor":[47,47,47,59,61,57,63,63,63,67,74,70,54,62,62,34,78,78,78,69,69,82,90,90,88,88,88,88,82,63,69,69,57,99,97,75,75,82,102,75,107,106,106,87,87,68,68,88,109,0,0],"gold":20,"neow_bonus":"","is_daily":false,"chose_seed":false,"campfire_upgraded":2,"win_rate":0.0,"timestamp":1613520456,"path_taken":["M","$","?","?","M","E","M","R","T","?","M","M","M","M","R","BOSS","M","?","M","$","M","E","$","M","T","?","?","M","E","M","R","BOSS","M","M","M","$","M","E","R","M","T","E","?","M","$","M","R","BOSS"],"items_purchased_type":["Card","Relic","Card","Card","Card","Card","Relic","Card","Relic","Relic","Card"],"build_version":"2020-12-22","purchased_purges":0,"victory":false,"max_hp_per_floor":[75,75,75,75,75,75,75,75,75,75,75,75,75,75,75,78,78,81,81,84,84,87,90,90,90,90,90,90,93,93,96,96,99,99,99,102,102,109,109,109,109,109,109,109,109,109,109,109,109,112,112],"card_choices":[{"not_picked":["TheCursedMod:CircleOfCorruption","TheCursedMod:CursedShiv"],"picked":"TheCursedMod:CursedBlade","floor":1},{"not_picked":["TheCursedMod:Stigma","TheCursedMod:RavingStaff"],"picked":"TheCursedMod:CursedShiv","floor":4},{"not_picked":["TheCursedMod:Stigma","TheCursedMod:RavingStaff"],"picked":"TheCursedMod:SpitefulStrike","floor":5},{"not_picked":["TheCursedMod:FleshFromBone","TheCursedMod:ManaCirculation"],"picked":"TheCursedMod:RavingStaff","floor":6},{"not_picked":["TheCursedMod:Wield","TheCursedMod:VitalStrike"],"picked":"TheCursedMod:HellfireBreathing","floor":7},{"not_picked":["TheCursedMod:Stretching","TheCursedMod:SpreadPlague"],"picked":"TheCursedMod:VitalStrike","floor":11},{"not_picked":["TheCursedMod:VitalStrike","TheCursedMod:RapidMovement"],"picked":"TheCursedMod:HellfireBreathing","floor":12},{"not_picked":["TheCursedMod:CursedSpellbook","TheCursedMod:CursedMace"],"picked":"TheCursedMod:SaltUponWound","floor":13},{"not_picked":["TheCursedMod:FleshFromBone","TheCursedMod:ReleasedKnowledge"],"picked":"TheCursedMod:AntiAging","floor":14},{"not_picked":["TheCursedMod:UltimatePain","TheCursedMod:DemonicPact"],"picked":"TheCursedMod:NeowsMight","floor":16},{"not_picked":["TheCursedMod:CircleOfWindfury","TheCursedMod:FleshFromBone"],"picked":"TheCursedMod:VitalStrike","floor":18},{"not_picked":["TheCursedMod:SurpriseAttack","TheCursedMod:CursedArmor+1"],"picked":"TheCursedMod:SaltUponWound","floor":20},{"not_picked":["TheCursedMod:EmpowerCircles+1","TheCursedMod:TacticalStrike"],"picked":"TheCursedMod:SpreadPlague+1","floor":22},{"not_picked":["TheCursedMod:Wield","TheCursedMod:Evocation"],"picked":"TheCursedMod:HellfireBreathing","floor":23},{"not_picked":["TheCursedMod:CursedMace+1","TheCursedMod:VitalStrike"],"picked":"TheCursedMod:CursedBlade","floor":25},{"not_picked":["TheCursedMod:CursedMace","TheCursedMod:CursedRelics"],"picked":"TheCursedMod:AbyssShockwave+1","floor":29},{"not_picked":["TheCursedMod:Evocation+1","TheCursedMod:WearCloak"],"picked":"TheCursedMod:AbyssShockwave","floor":30},{"not_picked":["TheCursedMod:CursedSpellbook","TheCursedMod:SmokeScreen"],"picked":"TheCursedMod:CursedShiv+1","floor":31},{"not_picked":["TheCursedMod:StunningStrike","TheCursedMod:ShockAndAwe"],"picked":"TheCursedMod:DemonicPact","floor":33},{"not_picked":["TheCursedMod:CircleOfBlood","TheCursedMod:CursedStaff"],"picked":"TheCursedMod:Stigma","floor":35},{"not_picked":["TheCursedMod:CircleOfFocus","TheCursedMod:HellfireBreathing"],"picked":"TheCursedMod:TacticalStrike+1","floor":36},{"not_picked":["TheCursedMod:SmokeScreen","TheCursedMod:CursedMace"],"picked":"TheCursedMod:CursedBoomerang+1","floor":37},{"not_picked":["TheCursedMod:CircleOfBlood+1","TheCursedMod:Obscuration+1"],"picked":"TheCursedMod:RavingStaff","floor":39},{"not_picked":["TheCursedMod:SmokeScreen+1","TheCursedMod:CursedStaff"],"picked":"TheCursedMod:ReleasedStrength","floor":40},{"not_picked":["TheCursedMod:BloodBarrier+1","TheCursedMod:CircleOfBlood"],"picked":"TheCursedMod:CursedBlade","floor":42},{"not_picked":["TheCursedMod:FleshFromBone+1","TheCursedMod:CircleOfFocus"],"picked":"TheCursedMod:EmpowerCircles","floor":44},{"not_picked":["TheCursedMod:Evocation+1","TheCursedMod:CursedMace"],"picked":"TheCursedMod:CircleOfFlame","floor":46},{"not_picked":["TheCursedMod:ForbiddenAlchemy","TheCursedMod:RavingStaff"],"picked":"TheCursedMod:CursedBlade","floor":48}],"player_experience":516048,"relics_obtained":[{"floor":6,"key":"Juzu Bracelet"},{"floor":23,"key":"Snack Pack"},{"floor":26,"key":"theForsaken:ScaryMask"},{"floor":30,"key":"Replay:WaspNest"},{"floor":40,"key":"Potion Belt"},{"floor":43,"key":"ReplayTheSpireMod:TigerMarble"},{"floor":44,"key":"Smiling Mask"}],"event_choices":[{"damage_healed":0,"gold_gain":0,"player_choice":"Upgraded","damage_taken":0,"max_hp_gain":0,"max_hp_loss":0,"event_name":"Upgrade Shrine","floor":3,"gold_loss":0,"cards_upgraded":["TheCursedMod:CursedBlade"]},{"damage_healed":4,"gold_gain":0,"player_choice":"LEAVE ","damage_taken":0,"relics_obtained":[],"max_hp_gain":0,"max_hp_loss":0,"event_name":"betterSkull:BetterSkull","floor":10,"gold_loss":0,"cards_upgraded":[]},{"cards_removed":["TheCursedMod:Defend_TheCursed"],"damage_healed":0,"gold_gain":0,"player_choice":"Offered Basic","damage_taken":0,"max_hp_gain":0,"max_hp_loss":0,"event_name":"Bonfire Elementals","floor":19,"gold_loss":0},{"damage_healed":0,"gold_gain":0,"player_choice":"Forge","damage_taken":0,"max_hp_gain":0,"max_hp_loss":0,"event_name":"Accursed Blacksmith","floor":27,"gold_loss":0,"cards_upgraded":["TheCursedMod:HellfireBreathing"]},{"damage_healed":0,"gold_gain":0,"player_choice":"Ignored","damage_taken":0,"max_hp_gain":0,"max_hp_loss":0,"event_name":"betterNote:BetterNote","floor":28,"gold_loss":0,"cards_obtained":["hermit:Headshot"]},{"damage_healed":0,"gold_gain":0,"player_choice":"Leave","damage_taken":0,"max_hp_gain":0,"max_hp_loss":0,"event_name":"conspire:Investor","floor":45,"gold_loss":0}],"is_beta":false,"boss_relics":[{"not_picked":["Replay:Bronze Core","Ring of Chaos"],"picked":"thethorton:BottledFunds"},{"not_picked":["ReplayTheSpireMod:DimensionalGlitch","Honey Jar"],"picked":"Fusion Hammer"}],"items_purged_floors":[],"is_endless":false,"potions_floor_spawned":[4,5,12,18,22,23,30,33,36,39,44,48],"killed_by":"conspire:OrnateMirror","ascension_level":0}}