{"host":"65a95dzim48ko8ke","time":1613525356,"event":{"mods":["Act Like it!","BaseMod","Block Reminder","Colored Powertips","Curses Come First","DeckTracker","Hallownest","Minty Spire (QoL Compilation)","Permanent Neow","Quick Restart","Random Character Button","Rare Cards Sparkle","Relic Sorter","Spicy Shops","StSLib","Synergy Search","The Bug Knight","The IronCluck"],"gold_per_floor":[117,132,145,145,164,194,194,119,143,177,177,203,222,251,251,353,353,371,390,401,401,461,488,488,488,488,519,529,242,242,272,272,370,370,387,387,302,302,318,346,346,41,90,120,137,62,90,118,118,118,118,118,45,70,70,70],"floor_reached":55,"language":"ENG","playtime":5623,"items_purged":["Hallownest:pwrSporeShroom"],"score":1090,"play_id":"dc34ab52-bccf-46bf-8280-0068d224a86d","local_time":"20210217102916","is_ascension_mode":true,"campfire_choices":[{"data":"HollowMod:AwokenDreamNail","floor":7.0,"key":"SMITH"},{"data":"HollowMod:QuirrelsAssistance","floor":15.0,"key":"SMITH"},{"data":"HollowMod:ElderbugsWisdom","floor":24,"key":"SMITH"},{"data":"HollowMod:Weaversong","floor":30,"key":"SMITH"},{"data":"HollowMod:DashSlash","floor":32,"key":"SMITH"},{"data":"HollowMod:MidwifesHunger","floor":41,"key":"SMITH"},{"floor":49,"key":"RECALL"},{"data":"HollowMod:TaintedHusks","floor":52,"key":"SMITH"}],"circlet_count":0,"master_deck":["HollowMod:FocusHealStart","HollowMod:PogoStrike","HollowMod:DashSlash+1","HollowMod:DashSlash","HollowMod:DoubleDash","HollowMod:AwokenDreamNail+1","HollowMod:DreamGate","Hallownest:skillGreenpathMap","HollowMod:QuirrelsAssistance+1","HollowMod:ElderbugsWisdom+1","HollowMod:MonarchWings","HollowMod:MonarchWings","HollowMod:ZotesMagnificence","HollowMod:HornetsHelp+1","HollowMod:HornetsHelp+1","HollowMod:Weaversong+1","HollowMod:InfectedAttack","HollowMod:BrokenVessel","HollowMod:MonomonsArchive","HollowMod:MonarchWings+1","HollowMod:DoubleDash","HollowMod:BrokenVessel","HollowMod:SoulMaster","HollowMod:TaintedHusks+1","HollowMod:MothsMistake","HollowMod:DoubleDash","HollowMod:MidwifesHunger+1","HollowMod:CloakDash+1","HollowMod:DreamGate+1","Hallownest:skillKingdomsEdgeMap","HollowMod:MylasSalvation","HollowMod:DashSlash+1","HollowMod:CloakDash","HollowMod:NewJinnsSoul+1","HollowMod:MidwifesHunger+1","HollowMod:LuriensSpire+1","HollowMod:DashSlash","HollowMod:NewLittleFool+1","HollowMod:CloakDash+1","HollowMod:DoubleDash+1","HollowMod:CloakDash+1"],"relics":["Black Star","Prayer Wheel","Sozu","Orichalcum","Ancient Tea Set","StrikeDummy","Akabeko","Bronze Scales","Potion Belt","Vajra","Anchor","Kunai","Toy Ornithopter","Hallownest:DreamNailRelic","HollowMod:StagPassRelic","Smiling Mask","Mummified Hand","Bottled Tornado","Pandora\u0027s Box","Happy Flower","Gambling Chip","HollowMod:QueensCombRelic","WingedGreaves","Dream Catcher","Incense Burner","Mango","Strawberry","Whetstone","Toxic Egg 2","Question Card","Oddly Smooth Stone","Bird Faced Urn"],"acts_visited":["Exordium","Hallownest:Greenpath","Hallownest:CityofTears","TheEnding"],"potions_floor_usage":[23,27,31,33,33,50,50,50],"damage_taken":[{"damage":0.0,"enemies":"Hallownest:monsterHuskWarrior","floor":1.0,"turns":5.0},{"damage":0.0,"enemies":"Hallownest:monsterHuskGuard","floor":2.0,"turns":3.0},{"damage":0.0,"enemies":"Hallownest:2_Baldur","floor":3.0,"turns":3.0},{"damage":15.0,"enemies":"Hallownest:1_Ooma_and_2_Uuma","floor":5.0,"turns":13.0},{"damage":22.0,"enemies":"Hallownest:eliteMossKnight","floor":6.0,"turns":9.0},{"damage":2.0,"enemies":"Hallownest:eliteVengeflyKing","floor":10.0,"turns":6.0},{"damage":0.0,"enemies":"Hallownest:eliteCrystalGuardian","floor":12.0,"turns":5.0},{"damage":4.0,"enemies":"Hallownest:1_Baldur_1_Crawlid_1_Warrior","floor":13.0,"turns":7.0},{"damage":10.0,"enemies":"Hallownest:eliteMossKnight","floor":14.0,"turns":11.0},{"damage":17.0,"enemies":"Hallownest:BossFalseKnight","floor":16.0,"turns":11.0},{"damage":10.0,"enemies":"Hallownest:2_Mistakes","floor":18.0,"turns":6.0},{"damage":9.0,"enemies":"Hallownest:Flukemon_and_Top","floor":19.0,"turns":5.0},{"damage":4.0,"enemies":"Hallownest:Warrior_and_Youth","floor":20.0,"turns":7.0},{"damage":17.0,"enemies":"Hallownest:Glutton_and_Coward","floor":22.0,"turns":5.0},{"damage":22,"enemies":"Hallownest:eliteSoulWarrior","floor":23,"turns":5},{"damage":1,"enemies":"Hallownest:Nosk","floor":27,"turns":6},{"damage":8,"enemies":"Hallownest:2_Husk_Sentries","floor":28,"turns":6},{"damage":5,"enemies":"Hallownest:eliteSoulWarrior","floor":31,"turns":5},{"damage":34,"enemies":"Hallownest:BossMantisLord","floor":33,"turns":7},{"damage":7,"enemies":"Hallownest:3_Siblings","floor":35,"turns":6},{"damage":0,"enemies":"Hallownest:Shield_Heavy","floor":39,"turns":5},{"damage":35,"enemies":"Hallownest:StalkingDevout","floor":40,"turns":9},{"damage":4,"enemies":"Hallownest:eliteCollector","floor":44,"turns":7},{"damage":0,"enemies":"Hallownest:monsterPrimalAspid","floor":45,"turns":3},{"damage":17,"enemies":"Hallownest:StalkingDevout","floor":47,"turns":6},{"damage":10,"enemies":"Hallownest:eliteCollector","floor":48,"turns":6},{"damage":2,"enemies":"Hallownest:BossGreyPrinceZote","floor":50,"turns":8},{"damage":9,"enemies":"Shield and Spear","floor":54,"turns":6},{"damage":80,"enemies":"The Heart","floor":55,"turns":5}],"seed_played":"-580714701849493852","potions_obtained":[{"floor":5.0,"key":"DuplicationPotion"},{"floor":6.0,"key":"Strength Potion"},{"floor":12.0,"key":"GamblersBrew"},{"floor":13.0,"key":"SteroidPotion"},{"floor":14.0,"key":"Fire Potion"},{"floor":16.0,"key":"BlessingOfTheForge"},{"floor":20.0,"key":"SteroidPotion"},{"floor":23,"key":"Energy Potion"},{"floor":27,"key":"Fire Potion"},{"floor":28,"key":"EssenceOfSteel"},{"floor":31,"key":"SkillPotion"}],"is_trial":false,"path_per_floor":["M","M","M","?","M","E","R","?","T","E","?","E","M","E","R","B",null,"M","M","M","?","M","E","R","?","T","E","M","$","R","E","R","B",null,"M","?","?","?","M","E","R","$","T","E","M","?","E","E","R","B",null,"R","$","E","B"],"character_chosen":"THE_BUGKNIGHT","items_purchased":["Incense Burner","HollowMod:MidwifesHunger","Whetstone","HollowMod:CloakDash+1"],"campfire_rested":0,"item_purchase_floors":[29,42,42,53],"current_hp_per_floor":[75,75,75,75,60,44,44,44,44,48,48,53,59,64,64,53,75,65,56,58,58,43,32,32,32,32,49,48,48,48,61,61,35,64,57,53,53,53,64,46,46,46,46,52,64,69,59,65,65,74,76,76,76,67,0,0],"gold":70,"neow_bonus":"BOSS_RELIC","is_daily":false,"chose_seed":false,"campfire_upgraded":7,"win_rate":0.0,"timestamp":1613525356,"path_taken":["M","M","M","?","M","E","R","?","T","E","?","E","M","E","R","BOSS","M","M","?","?","?","E","R","?","T","E","M","?","R","E","R","BOSS","M","?","?","?","M","E","R","$","T","E","?","?","E","E","R","BOSS","R","$","E","BOSS"],"items_purchased_type":["Relic","Card","Relic","Card"],"build_version":"2020-12-22","purchased_purges":1,"victory":false,"max_hp_per_floor":[75,75,75,75,75,75,75,75,75,75,75,75,75,75,75,75,75,75,75,75,75,75,75,75,75,50,50,50,50,50,64,64,64,64,64,64,64,64,64,71,71,71,71,71,71,76,76,76,76,76,76,76,76,76,76,76],"card_choices":[{"not_picked":["HollowMod:HowlingWraiths","HollowMod:NewJinnsSoul"],"picked":"HollowMod:DashSlash","floor":1.0},{"not_picked":["HollowMod:ChannelNail","HollowMod:NewInfectedGuardian"],"picked":"HollowMod:DashSlash","floor":2.0},{"not_picked":["HollowMod:GoodIntentions","HollowMod:SoulStrike"],"picked":"HollowMod:DoubleDash","floor":3.0},{"not_picked":["HollowMod:SharpenedShadows","HollowMod:InfectedCysts"],"picked":"HollowMod:AwokenDreamNail","floor":5.0},{"not_picked":["HollowMod:Grubsong","HollowMod:SoulSplash"],"picked":"HollowMod:DreamGate","floor":6.0},{"not_picked":["HollowMod:BlackTendrils","HollowMod:FastStrike"],"picked":"HollowMod:QuirrelsAssistance","floor":10.0},{"not_picked":["HollowMod:DesolateDive","HollowMod:ChannelNail"],"picked":"HollowMod:ElderbugsWisdom","floor":12.0},{"not_picked":["HollowMod:LifebloodCocoon","HollowMod:ChannelNail"],"picked":"HollowMod:MonarchWings","floor":13.0},{"not_picked":["HollowMod:GoodIntentions","HollowMod:CoiledNail"],"picked":"HollowMod:MonarchWings","floor":14.0},{"not_picked":["HollowMod:Hiveblood","HollowMod:NewInfectedGuardian"],"picked":"HollowMod:ZotesMagnificence","floor":16.0},{"not_picked":["HollowMod:InfectedCysts","HollowMod:CornifersMapStart"],"picked":"HollowMod:MonarchWings+1","floor":18.0},{"not_picked":["HollowMod:DescendingDark+1","HollowMod:NewJinnsSoul"],"picked":"HollowMod:DoubleDash","floor":19.0},{"not_picked":["HollowMod:ShadowDash","HollowMod:GreatSlash"],"picked":"HollowMod:BrokenVessel","floor":20.0},{"not_picked":["HollowMod:HowlingWraiths","HollowMod:TaintedHusks"],"picked":"HollowMod:SoulMaster","floor":22.0},{"not_picked":["HollowMod:DescendingDark","HollowMod:SoulSplash"],"picked":"HollowMod:TaintedHusks","floor":23},{"not_picked":["HollowMod:CornifersMapStart","HollowMod:HowlingWraiths+1"],"picked":"HollowMod:MothsMistake","floor":27},{"not_picked":["HollowMod:HeavyBlow","HollowMod:InfectionAssault"],"picked":"HollowMod:DoubleDash","floor":28},{"not_picked":["HollowMod:SoulVessel","HollowMod:SharpenedNail","HollowMod:GrimmsGift"],"picked":"SKIP","floor":31},{"not_picked":["HollowMod:ElderbugsWisdom","HollowMod:SoulMaster"],"picked":"HollowMod:MidwifesHunger","floor":33},{"not_picked":["HollowMod:PureNailStrike+1","HollowMod:LifebloodCocoon"],"picked":"HollowMod:CloakDash+1","floor":35},{"not_picked":["HollowMod:ChannelNail+1","HollowMod:GrimmsGift"],"picked":"HollowMod:DreamGate+1","floor":35},{"not_picked":["HollowMod:SharpenedNail","HollowMod:Grubsong"],"picked":"HollowMod:DashSlash+1","floor":39},{"not_picked":["HollowMod:SoulVessel","HollowMod:DescendingDark"],"picked":"HollowMod:CloakDash","floor":39},{"not_picked":["HollowMod:DescendingDark+1","HollowMod:SoulSplash"],"picked":"HollowMod:NewJinnsSoul+1","floor":40},{"not_picked":["HollowMod:theNailsmith+1","HollowMod:ShadowDash+1"],"picked":"HollowMod:LuriensSpire+1","floor":44},{"not_picked":["HollowMod:BlackTendrils+1","HollowMod:SoulSplash+1"],"picked":"HollowMod:DashSlash","floor":45},{"not_picked":["HollowMod:CycloneSlash+1","HollowMod:InfectedAttack"],"picked":"HollowMod:NewLittleFool+1","floor":45},{"not_picked":["HollowMod:LifebloodCocoon+1","HollowMod:BrokenVessel+1"],"picked":"HollowMod:CloakDash+1","floor":47},{"not_picked":["HollowMod:SoulSplash+1","HollowMod:SoulMaster"],"picked":"HollowMod:DoubleDash+1","floor":48},{"not_picked":["HollowMod:WraithStrike+1","HollowMod:CoiledNail","HollowMod:VengefulVoid+1","HollowMod:SiblingsShadow+1"],"picked":"SKIP","floor":54}],"player_experience":423491,"relics_obtained":[{"floor":6.0,"key":"Potion Belt"},{"floor":6.0,"key":"Vajra"},{"floor":9.0,"key":"Anchor"},{"floor":10.0,"key":"Kunai"},{"floor":10.0,"key":"Toy Ornithopter"},{"floor":12.0,"key":"HollowMod:StagPassRelic"},{"floor":12.0,"key":"Smiling Mask"},{"floor":14.0,"key":"Mummified Hand"},{"floor":14.0,"key":"Bottled Tornado"},{"floor":23,"key":"Happy Flower"},{"floor":23,"key":"Gambling Chip"},{"floor":26,"key":"HollowMod:QueensCombRelic"},{"floor":27,"key":"WingedGreaves"},{"floor":27,"key":"Dream Catcher"},{"floor":31,"key":"Mango"},{"floor":31,"key":"Prayer Wheel"},{"floor":40,"key":"Orichalcum"},{"floor":40,"key":"Strawberry"},{"floor":44,"key":"Toxic Egg 2"},{"floor":44,"key":"Ancient Tea Set"},{"floor":47,"key":"StrikeDummy"},{"floor":47,"key":"Akabeko"},{"floor":48,"key":"Question Card"},{"floor":48,"key":"Bronze Scales"},{"floor":54,"key":"Oddly Smooth Stone"},{"floor":54,"key":"Bird Faced Urn"}],"event_choices":[],"is_beta":false,"boss_relics":[{"not_picked":["SacredBark","Calling Bell"],"picked":"Pandora\u0027s Box"},{"not_picked":["Empty Cage","Tiny House"],"picked":"Sozu"}],"items_purged_floors":[53],"is_endless":false,"potions_floor_spawned":[5,6,12,13,14,16,20,23,27,28,31,39,44,47,54],"killed_by":"The Heart","ascension_level":3}}