{"host":"zdcz0a6aak4rnx0s","time":1613602504,"event":{"mods":["AchievementEnabler","BaseMod","Colored Map","Colored Powertips","Minty Spire (QoL Compilation)","StSLib"],"gold_per_floor":[369,381,28,39,39,39,65,65,65,81,81,101,26,41,41,41,41],"floor_reached":16,"language":"ENG","playtime":1473,"items_purged":["Strike_R"],"score":194,"play_id":"300d84be-5a1e-40a6-aaf5-cbdc0d4af3e7","local_time":"20210217165504","is_ascension_mode":true,"campfire_choices":[{"data":"Searing Blow","floor":6,"key":"SMITH"},{"floor":8,"key":"REST"},{"floor":15,"key":"REST"}],"circlet_count":0,"master_deck":["AscendersBane","Strike_R","Strike_R","Strike_R","Defend_R","Defend_R+1","Defend_R","Defend_R","Bash","Seeing Red","Evolve","Apotheosis+1","Searing Blow+1","Cleave"],"relics":["Burning Blood","ClockworkSouvenir","Frozen Egg 2","War Paint","Boot"],"acts_visited":["Exordium"],"potions_floor_usage":[10,16],"damage_taken":[{"damage":9,"enemies":"Small Slimes","floor":1,"turns":4},{"damage":1,"enemies":"2 Louse","floor":2,"turns":2},{"damage":11,"enemies":"Jaw Worm","floor":4,"turns":4},{"damage":24,"enemies":"Lagavulin","floor":7,"turns":5},{"damage":0,"enemies":"2 Fungi Beasts","floor":10,"turns":3},{"damage":10,"enemies":"Large Slime","floor":12,"turns":4},{"damage":18,"enemies":"Blue Slaver","floor":14,"turns":4},{"damage":60,"enemies":"Hexaghost","floor":16,"turns":11}],"seed_played":"2394140958260288187","potions_obtained":[{"floor":1,"key":"AttackPotion"},{"floor":7,"key":"Fire Potion"},{"floor":12,"key":"Swift Potion"},{"floor":14,"key":"DistilledChaos"}],"is_trial":false,"path_per_floor":["M","M","$","M","?","R","E","R","T","M","?","M","$","M","R","B"],"character_chosen":"IRONCLAD","items_purchased":["Apotheosis","ClockworkSouvenir"],"campfire_rested":2,"item_purchase_floors":[3,3],"current_hp_per_floor":[65,68,68,63,56,56,38,58,58,64,53,49,49,37,57,0,0],"gold":41,"neow_bonus":"TWO_FIFTY_GOLD","is_daily":false,"chose_seed":false,"campfire_upgraded":1,"win_rate":0.0,"timestamp":1613602504,"path_taken":["M","M","$","M","?","R","E","R","T","M","?","M","$","M","R","BOSS"],"items_purchased_type":["Card","Relic"],"build_version":"2020-12-22","purchased_purges":1,"victory":false,"max_hp_per_floor":[68,68,68,68,68,68,68,68,68,68,68,68,68,68,68,68,68],"card_choices":[{"not_picked":["Clash","Heavy Blade"],"picked":"Seeing Red","floor":1},{"not_picked":["Headbutt","Seeing Red"],"picked":"Evolve","floor":2},{"not_picked":["Clash","Rupture"],"picked":"Searing Blow","floor":4},{"not_picked":["Perfected Strike","Shrug It Off","Flex"],"picked":"SKIP","floor":7},{"not_picked":["Dark Embrace+1","Iron Wave","Reckless Charge"],"picked":"SKIP","floor":10},{"not_picked":["Armaments","Iron Wave","Searing Blow"],"picked":"SKIP","floor":12},{"not_picked":["Inflame+1","Carnage"],"picked":"Cleave","floor":14}],"player_experience":1034668,"relics_obtained":[{"floor":7,"key":"Frozen Egg 2"},{"floor":9,"key":"War Paint"}],"event_choices":[{"cards_removed":["Strike_R"],"damage_healed":0,"gold_gain":0,"player_choice":"Card Removal","damage_taken":7,"max_hp_gain":0,"max_hp_loss":0,"event_name":"Golden Wing","floor":5,"gold_loss":0},{"damage_healed":0,"gold_gain":0,"player_choice":"Success","damage_taken":11,"relics_obtained":["Boot"],"max_hp_gain":0,"max_hp_loss":0,"event_name":"Scrap Ooze","floor":11,"gold_loss":0}],"is_beta":false,"boss_relics":[],"items_purged_floors":[13],"is_endless":false,"potions_floor_spawned":[1,7,12,14],"killed_by":"Hexaghost","ascension_level":18}}