{"host":"fhujvjnj99vjue08","time":1613602986,"event":{"mods":["2.2 Compatiblity","AchievementEnabler","Aspiration","Astrologer","BaseMod","Beaked The Cultist","BetterRewards","CatGirl Mod","Colored Map","Colored Powertips","Conjunction","Conspire","Custom Start","Downfall","Friendly Minions","GifTheSpireLib","Googly Eyes","Halation","Highlight Path","Hubris","Hyrulean Relics","Infinite Spire","Magitek Elite","Mimic Mod","Minty Spire (QoL Compilation)","Replay The Spire","Reworked Bosses","Shop Mod","StSLib","Strawberry Spire","Stuff the Spire","The Bug Knight","The Gatherer","The Jungle","The Servant 0.9.4","TheBandit","TheFirefly","egg","slay the spire mod where everything is the same but ironclad has a cowboy hat","thorton"],"gold_per_floor":[99,99,99,99,99,374,425,325,358,369,399,417,95,106,116,218,218,118,3,3,20,20,20,46,76,76,76,76,76],"floor_reached":27,"language":"ENG","playtime":5493,"items_purged":["StuffTheSpire:CuriosityCurse","Regret"],"score":260,"play_id":"2bdd531a-c487-4c10-b007-d98aeaaf11e2","local_time":"20210217230306","is_ascension_mode":false,"campfire_choices":[{"data":"bronze:Replicate","floor":1,"key":"SMITH"},{"data":"bronze:FineTuning","floor":8,"key":"SMITH"},{"floor":18,"key":"RECALL"},{"data":"bronze:Repulsor","floor":26,"key":"SMITH"}],"circlet_count":0,"master_deck":["bronze:Strike","bronze:Strike","bronze:Strike","bronze:Strike","bronze:Defend","bronze:Defend","bronze:Defend","bronze:Defend","bronze:Replicate+1","bronze:Goto","bronze:FineTuning+1","bronze:FineTuning","bronze:Branch","bronze:Boost","bronze:Iterate","bronze:Repulsor+1","bronze:BitShift","bronze:Branch+1","bronze:WildBeam","bronze:FollowUp","bronze:HardenedForm","bronze:Iterate","bronze:DelayedGuard+1","bronze:Optimize+1"],"relics":["bronze:BronzeCore","downfall:HeartsMalice","StuffTheSpire:OldFever","Regal Pillow","downfall:HeartBlessingBlue","StuffTheSpire:EmeraldSignet","strawberrySpire:Treaders","Honey Jar","downfall:HeartBlessingGreen","downfall:RedIOU","StuffTheSpire:Barrel","ReplayTheSpireMod:Ninjato"],"acts_visited":["Exordium","TheCity"],"potions_floor_usage":[13,16,19,19],"damage_taken":[{"damage":0,"enemies":"2 Louse","floor":2,"turns":1},{"damage":0,"enemies":"Jaw Worm","floor":4,"turns":1},{"damage":0,"enemies":"Replay:BlueRogue","floor":9,"turns":1},{"damage":7,"enemies":"Cultist","floor":10,"turns":4},{"damage":30,"enemies":"3 Sentries","floor":11,"turns":9},{"damage":13,"enemies":"Exordium Thugs","floor":12,"turns":4},{"damage":4,"enemies":"downfall:FleeingMerchant","floor":13,"turns":4},{"damage":0,"enemies":"Blue Slaver","floor":14,"turns":2},{"damage":0,"enemies":"2 Fungi Beasts","floor":15,"turns":2},{"damage":8,"enemies":"SI_SHIV_ARCHETYPE","floor":16,"turns":8},{"damage":18,"enemies":"downfall:FleeingMerchant","floor":19,"turns":4},{"damage":0,"enemies":"Chosen","floor":21,"turns":4},{"damage":35,"enemies":"Slavers","floor":25,"turns":7},{"damage":38,"enemies":"conspire:FuzzyDice","floor":27,"turns":4}],"seed_played":"-2110132761096734401","potions_obtained":[{"floor":11,"key":"Fire Potion"},{"floor":12,"key":"ColorlessPotion"},{"floor":14,"key":"SneckoOil"},{"floor":15,"key":"Swift Potion"},{"floor":16,"key":"DuplicationPotion"}],"is_trial":false,"path_per_floor":["R","M","?","M","?","?","T","R","E","M","E","M","$","M","M","B",null,"R","$","?","M","?","?","T","E","R","M"],"character_chosen":"THE_AUTOMATON","items_purchased":["strawberrySpire:Treaders","bronze:BitShift","bronze:Branch+1"],"campfire_rested":0,"item_purchase_floors":[13,13,13],"current_hp_per_floor":[70,70,70,70,70,70,70,80,80,73,43,30,26,28,28,24,80,80,62,62,62,62,62,62,37,37,0,0,0],"gold":76,"neow_bonus":"THREE_ENEMY_KILL","is_daily":false,"chose_seed":false,"campfire_upgraded":3,"win_rate":0.0,"timestamp":1613602986,"path_taken":["R","M","?","M","?","?","T","R","E","M","E","M","$","?","M","BOSS","R","$","?","M","?","?","T","E","R","?"],"items_purchased_type":["Relic","Card","Card"],"build_version":"2020-12-22","purchased_purges":2,"victory":false,"max_hp_per_floor":[70,70,70,70,70,70,70,80,80,80,80,80,80,80,80,80,80,80,80,80,80,80,80,80,80,80,80,80,80],"card_choices":[{"not_picked":["bronze:Shield","bronze:MaxOutput"],"picked":"bronze:FineTuning","floor":2},{"not_picked":["bronze:Deprecate","bronze:NullPointer"],"picked":"bronze:FineTuning","floor":4},{"not_picked":["bronze:Turbo","bronze:Virus"],"picked":"bronze:Branch","floor":9},{"not_picked":["bronze:BitShift","bronze:Overheat"],"picked":"bronze:Boost","floor":10},{"not_picked":["bronze:BuggyMess","bronze:WhirlingStrike"],"picked":"bronze:Iterate","floor":11},{"not_picked":["bronze:WildBeam","bronze:CutThrough","bronze:Shield"],"picked":"SKIP","floor":12},{"not_picked":["bronze:Assembly","bronze:Shield"],"picked":"bronze:Repulsor","floor":13},{"not_picked":["bronze:ForLoop","bronze:Return"],"picked":"bronze:WildBeam","floor":14},{"not_picked":["bronze:Frontload","bronze:WildBeam"],"picked":"bronze:FollowUp","floor":15},{"not_picked":["bronze:Virus","bronze:HyperBeam"],"picked":"bronze:HardenedForm","floor":16},{"not_picked":["bronze:OilSpill","bronze:Flail","bronze:DarkDash"],"picked":"bronze:Iterate","floor":19},{"not_picked":["bronze:Invalidate","bronze:DelayedSlice","bronze:WildBeam"],"picked":"bronze:DelayedGuard+1","floor":21},{"not_picked":["bronze:Philosophize","bronze:FineTuning+1","bronze:Fortify+1"],"picked":"bronze:Optimize+1","floor":25}],"player_experience":346096,"relics_obtained":[{"floor":9,"key":"Replay:Rubber Ducky"},{"floor":11,"key":"StuffTheSpire:EmeraldSignet"},{"floor":24,"key":"StuffTheSpire:Barrel"},{"floor":25,"key":"ReplayTheSpireMod:Ninjato"}],"event_choices":[{"damage_healed":0,"gold_gain":0,"player_choice":"Box","damage_taken":0,"relics_obtained":["Regal Pillow"],"max_hp_gain":0,"max_hp_loss":0,"event_name":"Big Fish","floor":5,"gold_loss":0,"cards_obtained":["Regret"]},{"damage_healed":0,"gold_gain":0,"player_choice":"Ignored","damage_taken":0,"max_hp_gain":0,"max_hp_loss":0,"event_name":"Vampires","floor":22,"gold_loss":0}],"is_beta":false,"boss_relics":[{"not_picked":["infinitespire:Cupcake","Runic Dome"],"picked":"Honey Jar"}],"items_purged_floors":[13,19],"is_endless":false,"potions_floor_spawned":[11,12,14,15,16],"killed_by":"conspire:FuzzyDice","ascension_level":0}}