{"host":"f9xhx7hoqq8tf21i","time":1613597568,"event":{"mods":["AchievementEnabler","BaseMod","Block Reminder","Colored Map","Colored Powertips","GifTheSpireLib","Key Reminder","Minty Spire (QoL Compilation)","Quick Restart","StSLib","Steal the Spire","Synergy Search","The Wild Card"],"gold_per_floor":[111,122,137,137,137,162,162,10,10,37,48,71,71,82,82,82,82],"floor_reached":16,"language":"ENG","playtime":609,"items_purged":["theWildCard:BasicStrike"],"score":135,"play_id":"fa893a8b-d7c9-40bf-97cb-f684f71e175e","local_time":"20210217213248","is_ascension_mode":false,"campfire_choices":[{"data":"theWildCard:Michael","floor":7,"key":"SMITH"},{"data":"theWildCard:Metatron","floor":15,"key":"SMITH"}],"circlet_count":0,"master_deck":["theWildCard:BasicStrike","theWildCard:BasicStrike","theWildCard:BasicStrike","theWildCard:BasicDefend+1","theWildCard:BasicDefend","theWildCard:BasicDefend","theWildCard:CallToAdventure","theWildCard:Arsene+1","theWildCard:SeveringSlash","theWildCard:StingingStrike","theWildCard:MagicalMight","theWildCard:Michael+1","theWildCard:Metatron+1","theWildCard:Lucifer","theWildCard:StingingStrike"],"relics":["theWildCard:VelvetContract","Akabeko","Mercury Hourglass","War Paint","Regal Pillow","Odd Mushroom","Happy Flower"],"acts_visited":["Exordium"],"potions_floor_usage":[10,16],"damage_taken":[{"damage":0,"enemies":"Jaw Worm","floor":1,"turns":3},{"damage":0,"enemies":"2 Louse","floor":2,"turns":2},{"damage":0,"enemies":"Small Slimes","floor":3,"turns":1},{"damage":20,"enemies":"Lagavulin","floor":6,"turns":7},{"damage":0,"enemies":"3 Sentries","floor":10,"turns":1},{"damage":0,"enemies":"Exordium Wildlife","floor":11,"turns":2},{"damage":0,"enemies":"The Mushroom Lair","floor":12,"turns":1},{"damage":0,"enemies":"Red Slaver","floor":14,"turns":1},{"damage":43,"enemies":"The Guardian","floor":16,"turns":10}],"seed_played":"6642029477611206796","potions_obtained":[{"floor":1,"key":"Explosive Potion"},{"floor":10,"key":"Weak Potion"},{"floor":14,"key":"SmokeBomb"}],"is_trial":false,"path_per_floor":["M","M","M","?","?","E","R","$","T","E","M","?","T","M","R","B"],"character_chosen":"THE_WILD_CARD","items_purchased":["theWildCard:Metatron"],"campfire_rested":0,"item_purchase_floors":[8],"current_hp_per_floor":[60,60,60,53,58,38,38,38,38,38,38,38,38,38,38,0,0],"gold":82,"neow_bonus":"RANDOM_COMMON_RELIC","is_daily":false,"chose_seed":false,"campfire_upgraded":2,"win_rate":0.0,"timestamp":1613597568,"path_taken":["M","M","M","?","?","E","R","?","T","E","M","?","?","M","R","BOSS"],"items_purchased_type":["Card"],"build_version":"2020-12-22","purchased_purges":1,"victory":false,"max_hp_per_floor":[60,60,60,60,65,65,65,65,65,65,65,65,65,65,65,65,65],"card_choices":[{"not_picked":["theWildCard:Attunement","theWildCard:ArcaneArts"],"picked":"theWildCard:SeveringSlash","floor":1},{"not_picked":["theWildCard:Patience","theWildCard:Unburden"],"picked":"theWildCard:StingingStrike","floor":2},{"not_picked":["theWildCard:Salvation","theWildCard:Sakuya"],"picked":"theWildCard:MagicalMight","floor":3},{"not_picked":["theWildCard:SacrificialStroke","theWildCard:ArcaneArts"],"picked":"theWildCard:Michael","floor":6},{"not_picked":["theWildCard:Odin","theWildCard:Satanael"],"picked":"theWildCard:Lucifer","floor":10},{"not_picked":["theWildCard:ArcaneArts","theWildCard:Scathach","theWildCard:Polydeuces"],"picked":"SKIP","floor":11},{"not_picked":["theWildCard:Unburden","theWildCard:CryOfAgony"],"picked":"theWildCard:StingingStrike","floor":14}],"player_experience":122664,"relics_obtained":[{"floor":6,"key":"Mercury Hourglass"},{"floor":9,"key":"War Paint"},{"floor":10,"key":"Regal Pillow"},{"floor":12,"key":"Odd Mushroom"},{"floor":13,"key":"Happy Flower"}],"event_choices":[{"cards_removed":["theWildCard:BasicDefend"],"damage_healed":0,"gold_gain":0,"player_choice":"Card Removal","damage_taken":7,"max_hp_gain":0,"max_hp_loss":0,"event_name":"Golden Wing","floor":4,"gold_loss":0},{"damage_healed":0,"gold_gain":0,"player_choice":"Donut","damage_taken":0,"max_hp_gain":5,"max_hp_loss":0,"event_name":"Big Fish","floor":5,"gold_loss":0},{"damage_healed":0,"gold_gain":0,"player_choice":"Fought Mushrooms","damage_taken":0,"max_hp_gain":0,"max_hp_loss":0,"event_name":"Mushrooms","floor":12,"gold_loss":0}],"is_beta":false,"boss_relics":[],"items_purged_floors":[8],"is_endless":false,"potions_floor_spawned":[1,10,14],"killed_by":"The Guardian","ascension_level":0}}