{"host":"pdq28s6637cpsst2","time":1613596481,"event":{"mods":["BaseMod","Colored Map","Colored Powertips","Highlight Path","Minty Spire (QoL Compilation)","Permanent Neow","Quick Restart","StSLib"],"gold_per_floor":[112,131,150,161,161,161,177,177,177,192,203,234,246,258,258],"floor_reached":14,"language":"ENG","playtime":959,"items_purged":[],"score":127,"play_id":"14ff325d-dd3d-4934-a824-c23a1f0ad253","local_time":"20210217161441","is_ascension_mode":true,"campfire_choices":[{"floor":6.0,"key":"REST"}],"circlet_count":0,"master_deck":["Strike_G","Strike_G","Strike_G+1","Strike_G","Strike_G","Defend_G","Defend_G+1","Defend_G","Defend_G","Defend_G","Survivor","Neutralize","The Bomb","Blade Dance","Escape Plan","PiercingWail","Dagger Spray","Flying Knee","Skewer"],"relics":["Ring of the Snake","InkBottle","Singing Bowl","MawBank"],"acts_visited":["Exordium"],"potions_floor_usage":[14,14],"damage_taken":[{"damage":3.0,"enemies":"2 Louse","floor":1.0,"turns":4.0},{"damage":4.0,"enemies":"Small Slimes","floor":2.0,"turns":4.0},{"damage":4.0,"enemies":"Cultist","floor":3.0,"turns":5.0},{"damage":11.0,"enemies":"Lots of Slimes","floor":4.0,"turns":3.0},{"damage":25.0,"enemies":"Exordium Thugs","floor":7.0,"turns":5.0},{"damage":0.0,"enemies":"Blue Slaver","floor":10.0,"turns":3.0},{"damage":3.0,"enemies":"Gremlin Gang","floor":11.0,"turns":4.0},{"damage":5.0,"enemies":"3 Sentries","floor":12.0,"turns":3.0},{"damage":22,"enemies":"Gremlin Nob","floor":14,"turns":3}],"seed_played":"-3121988369333730229","potions_obtained":[{"floor":1.0,"key":"AttackPotion"},{"floor":4.0,"key":"Explosive Potion"},{"floor":10.0,"key":"SkillPotion"},{"floor":13.0,"key":"LiquidBronze"},{"floor":13.0,"key":"Weak Potion"}],"is_trial":false,"path_per_floor":["M","M","M","M","?","R","M","?","T","M","M","E","?","E"],"character_chosen":"THE_SILENT","items_purchased":[],"campfire_rested":1,"item_purchase_floors":[],"current_hp_per_floor":[60,56,52,41,28,46,21,21,21,23,22,17,17,0,0],"gold":258,"neow_bonus":"RANDOM_COLORLESS_2","is_daily":false,"chose_seed":false,"campfire_upgraded":0,"win_rate":0.0,"timestamp":1613596481,"path_taken":["M","M","M","M","?","R","M","?","T","M","M","E","?","E"],"items_purchased_type":[],"build_version":"2020-12-22","purchased_purges":0,"victory":false,"max_hp_per_floor":[63,63,63,63,63,63,63,63,63,65,67,67,67,67,67],"card_choices":[{"not_picked":["Apotheosis","Metamorphosis"],"picked":"The Bomb","floor":0.0},{"not_picked":["PiercingWail","Leg Sweep"],"picked":"Blade Dance","floor":1.0},{"not_picked":["Bane","Sucker Punch"],"picked":"Escape Plan","floor":2.0},{"not_picked":["Underhanded Strike","Acrobatics"],"picked":"PiercingWail","floor":3.0},{"not_picked":["Slice","Poisoned Stab"],"picked":"Dagger Spray","floor":4.0},{"not_picked":["Poisoned Stab","Dodge and Roll"],"picked":"Flying Knee","floor":7.0},{"not_picked":["Sucker Punch","Acrobatics","Poisoned Stab"],"picked":"Singing Bowl","floor":10.0},{"not_picked":["Noxious Fumes","Prepared","Poisoned Stab"],"picked":"Singing Bowl","floor":11.0},{"not_picked":["Reflex","Deadly Poison"],"picked":"Skewer","floor":12.0}],"player_experience":250956,"relics_obtained":[{"floor":9.0,"key":"Singing Bowl"},{"floor":12.0,"key":"MawBank"}],"event_choices":[{"damage_healed":0.0,"max_hp_gain":0.0,"max_hp_loss":0.0,"gold_gain":0.0,"event_name":"Shining Light","player_choice":"Entered Light","floor":5.0,"gold_loss":0.0,"damage_taken":13.0,"cards_upgraded":["Strike_G","Defend_G"]},{"damage_healed":0.0,"max_hp_gain":0.0,"max_hp_loss":0.0,"gold_gain":0.0,"event_name":"Dead Adventurer","player_choice":"Searched \u00272\u0027 times","floor":8.0,"gold_loss":0.0,"damage_taken":0.0,"relics_obtained":["InkBottle"]},{"damage_healed":0.0,"max_hp_gain":0.0,"max_hp_loss":0.0,"gold_gain":0.0,"event_name":"Lab","player_choice":"Got Potions","floor":13.0,"gold_loss":0.0,"damage_taken":0.0}],"is_beta":false,"boss_relics":[],"items_purged_floors":[],"is_endless":false,"potions_floor_spawned":[1,4,10],"killed_by":"Gremlin Nob","ascension_level":7}}