{"host":"j0lq4v91luowxwha","time":1613571819,"event":{"mods":["BaseMod","Colored Powertips","Downfall","Hermit","Minty Spire (QoL Compilation)","Quick Restart","Replay The Spire","StSLib","SuperFastMode","The Cursed"],"gold_per_floor":[0,19,39,53,53,53,53,65,147,165,183,199,267,267,267,283,295,400,450,450,464,477,492,506,506,533,433,433,452,465,492,492,507,522,627,627,627,644,654,37,37,22,46,46,71,71,88,107,107,125,145,145],"floor_reached":53,"language":"ENG","playtime":5030,"items_purged":[],"score":711,"play_id":"a6ae44e7-040b-4b49-8200-3009643878b0","local_time":"20210217092339","is_ascension_mode":false,"campfire_choices":[{"data":"Guardian:ConstructionForm","floor":1,"key":"SMITH"},{"floor":14,"key":"REST"},{"data":"Guardian:Emergency","floor":20,"key":"SMITH"},{"data":"Guardian:CurlUp","floor":25,"key":"SMITH"},{"data":"Guardian:TwinSlam","floor":27,"key":"SMITH"},{"data":"Guardian:WalkerClaw","floor":32,"key":"SMITH"},{"floor":44,"key":"REST"},{"floor":46,"key":"REST"},{"floor":49,"key":"RECALL"}],"circlet_count":0,"master_deck":["Guardian:Strike_Guardian","Guardian:Strike_Guardian","Guardian:Defend_Guardian","Guardian:Defend_Guardian","Guardian:Defend_Guardian","Guardian:Defend_Guardian+1","Guardian:CurlUp+1","Guardian:TwinSlam+1","Guardian:ConstructionForm+1","Guardian:FloatingOrbs","Guardian:ShieldCharger","Guardian:EvasiveProtocol","Guardian:RollAttack","Guardian:Suspension+1","Guardian:FloatingOrbs","Guardian:TemporalStrike","Guardian:Emergency+1","Guardian:Recover","Guardian:PiercingHide","Guardian:WalkerClaw+1","Guardian:TemporalStrike","Guardian:TemporalShield","Guardian:ConstructionForm","Guardian:ShieldCharger","Guardian:SentryBeam+1","Guardian:SpikerProtocol","Guardian:Incinerate","expansioncontent:AwakenDeath","expansioncontent:AwakenDeath","expansioncontent:QuickStudy","Parasite","Guardian:SentryBeam+1","Guardian:SpikerProtocol+1"],"relics":["Guardian:ModeShifter","Replay:Ringing Soul","Anchor","Tiny House","downfall:HeartBlessingBlue","ReplayTheSpireMod:TigerMarble","Fusion Hammer","DollysMirror","ReplayTheSpireMod:Lightbulb","Boot","Singing Bowl"],"acts_visited":["Exordium","TheCity","TheBeyond"],"potions_floor_usage":[52],"damage_taken":[{"damage":4,"enemies":"Small Slimes","floor":2,"turns":6},{"damage":0,"enemies":"2 Louse","floor":3,"turns":4},{"damage":3,"enemies":"Jaw Worm","floor":4,"turns":5},{"damage":0,"enemies":"downfall:LooterAlt","floor":8,"turns":5},{"damage":4,"enemies":"Exordium Wildlife","floor":10,"turns":7},{"damage":6,"enemies":"2 Fungi Beasts","floor":11,"turns":5},{"damage":9,"enemies":"3 Louse","floor":12,"turns":2},{"damage":6,"enemies":"Large Slime","floor":16,"turns":6},{"damage":0,"enemies":"downfall:LooterAlt","floor":17,"turns":5},{"damage":38,"enemies":"DF_ARCHETYPE_STREAMLINE","floor":18,"turns":12},{"damage":0,"enemies":"Chosen","floor":21,"turns":6},{"damage":0,"enemies":"Spheric Guardian","floor":22,"turns":6},{"damage":15,"enemies":"Cultist and Chosen","floor":23,"turns":10},{"damage":0,"enemies":"Chosen and Byrds","floor":24,"turns":8},{"damage":10,"enemies":"Centurion and Healer","floor":29,"turns":8},{"damage":0,"enemies":"3 Cultists","floor":30,"turns":7},{"damage":14,"enemies":"Slavers","floor":31,"turns":6},{"damage":3,"enemies":"Snake Plant","floor":33,"turns":4},{"damage":0,"enemies":"Snecko","floor":34,"turns":5},{"damage":83,"enemies":"IC_MUSHROOM_ARCHETYPE","floor":35,"turns":11},{"damage":0,"enemies":"3 Shapes","floor":38,"turns":6},{"damage":16,"enemies":"3 Darklings","floor":39,"turns":6},{"damage":0,"enemies":"downfall:FleeingMerchant","floor":40,"turns":4},{"damage":0,"enemies":"downfall:FleeingMerchant","floor":42,"turns":4},{"damage":68,"enemies":"Reptomancer","floor":45,"turns":6},{"damage":5,"enemies":"Writhing Mass","floor":47,"turns":7},{"damage":0,"enemies":"Transient","floor":48,"turns":5},{"damage":5,"enemies":"4 Shapes","floor":50,"turns":6},{"damage":0,"enemies":"Sphere and 2 Shapes","floor":51,"turns":4},{"damage":60,"enemies":"WA_ARCHETYPE_DIVINITY","floor":52,"turns":10}],"seed_played":"-3471323153855760472","potions_obtained":[{"floor":2,"key":"SkillPotion"},{"floor":3,"key":"SneckoOil"},{"floor":10,"key":"Explosive Potion"},{"floor":13,"key":"SteroidPotion"},{"floor":17,"key":"PowerPotion"},{"floor":50,"key":"Regen Potion"}],"is_trial":false,"path_per_floor":["R","M","M","M","?","PTL","PTL","M","T","M","M","M","?","R","?","M","M","B",null,"R","M","M","M","M","R","T","R","?","M","M","E","R","M","M","B",null,"R","M","M","$","?","$","T","R","E","R","M","M","R","M","M","B",null],"character_chosen":"GUARDIAN","items_purchased":["expansioncontent:AwakenDeath","DollysMirror","expansioncontent:QuickStudy","ReplayTheSpireMod:Lightbulb"],"campfire_rested":3,"item_purchase_floors":[40,40,40,40],"current_hp_per_floor":[80,76,76,73,73,73,73,73,73,72,69,63,66,92,92,89,89,54,106,106,109,112,100,103,103,103,113,116,109,112,101,101,101,104,24,149,152,155,142,145,145,145,145,161,95,143,141,144,144,141,143,83],"gold":145,"neow_bonus":"THREE_RARE_CARDS","is_daily":false,"chose_seed":false,"campfire_upgraded":5,"win_rate":0.0,"timestamp":1613571819,"path_taken":["R","M","M","M","?","PTL","PTL","M","T","M","M","M","?","R","?","?","M","BOSS","R","M","M","M","M","R","T","R","?","M","M","E","R","M","M","BOSS","R","M","M","$","?","$","T","R","E","R","M","M","R","M","M","BOSS"],"items_purchased_type":["Card","Relic","Card","Relic"],"build_version":"2020-12-22","purchased_purges":0,"victory":true,"max_hp_per_floor":[80,80,80,80,80,80,80,80,80,83,86,89,92,92,92,95,95,98,106,106,109,112,115,118,118,118,128,131,134,137,140,140,143,146,149,149,152,155,158,161,161,161,161,161,163,163,166,169,169,171,173,173],"card_choices":[{"not_picked":["Guardian:RevengeProtocol","Guardian:SphericShield"],"picked":"Guardian:ConstructionForm","floor":0},{"not_picked":["Guardian:DonusPower","Guardian:ChargeCore"],"picked":"Guardian:Gem_White","floor":2},{"not_picked":["Guardian:Gem_Fragmented","Guardian:PiercingHide"],"picked":"Guardian:FloatingOrbs","floor":3},{"not_picked":["Guardian:PiercingHide","Guardian:Gem_Red","Guardian:ShieldCharger"],"picked":"SKIP","floor":4},{"not_picked":["Guardian:StasisStrike","Guardian:SentryBeam"],"picked":"Guardian:ShieldCharger","floor":8},{"not_picked":["Guardian:MultiBeam","Guardian:Gem_Green"],"picked":"Guardian:EvasiveProtocol","floor":10},{"not_picked":["Guardian:PrimingBeam","Guardian:CrystalBeam"],"picked":"Guardian:RollAttack","floor":11},{"not_picked":["Guardian:Gem_Lightblue","Guardian:TemporalStrike"],"picked":"Guardian:Suspension","floor":12},{"not_picked":["Guardian:DonusPower","Guardian:CrystalBeam"],"picked":"Guardian:FloatingOrbs","floor":13},{"not_picked":["Guardian:VentSteam","Guardian:CrystalBeam"],"picked":"Guardian:TemporalStrike","floor":13},{"not_picked":["Guardian:ShieldCharger","Guardian:TimeBomb"],"picked":"Guardian:Emergency","floor":16},{"not_picked":["Guardian:PrismaticBarrier","Guardian:Reroute","Guardian:GuardianWhirl"],"picked":"SKIP","floor":17},{"not_picked":["Guardian:TimeSifter","Guardian:AncientConstruct"],"picked":"Guardian:Gem_Orange","floor":18},{"not_picked":["Guardian:ChargeCore","Guardian:RollAttack"],"picked":"Guardian:Recover","floor":19},{"not_picked":["Guardian:Planning","Guardian:Repulse"],"picked":"Guardian:PiercingHide","floor":21},{"not_picked":["Guardian:EvasiveProtocol","Guardian:Suspension"],"picked":"Guardian:Gem_Green","floor":22},{"not_picked":["Guardian:PrimingBeam","Guardian:Planning"],"picked":"Guardian:Gem_Synthetic","floor":23},{"not_picked":["Guardian:CrystalBeam+1","Guardian:Preprogram"],"picked":"Guardian:Gem_Cyan","floor":24},{"not_picked":["Guardian:VentSteam","Guardian:GuardianWhirl"],"picked":"Guardian:WalkerClaw","floor":29},{"not_picked":["Guardian:Planning","Guardian:RollAttack+1"],"picked":"Guardian:TemporalStrike","floor":30},{"not_picked":["Guardian:ConstructionForm","Guardian:ChargeCore"],"picked":"Guardian:Gem_Red","floor":31},{"not_picked":["Guardian:PolyBeam","Guardian:BronzeOrb"],"picked":"Guardian:TemporalShield","floor":33},{"not_picked":["Guardian:TemporalShield","Guardian:RefractedBeam+1"],"picked":"Guardian:Gem_Purple","floor":34},{"not_picked":["Guardian:BaubleBeam","Guardian:HyperBeam_Guardian"],"picked":"Guardian:ConstructionForm","floor":35},{"not_picked":["Guardian:Gem_Crimson","Guardian:Repulse+1"],"picked":"Guardian:SentryBeam+1","floor":38},{"not_picked":["Guardian:SentryBeam+1","Guardian:DecasProtection"],"picked":"Guardian:SpikerProtocol","floor":39},{"not_picked":["Guardian:RefractedBeam+1","Guardian:Gem_Cyan"],"picked":"Guardian:Incinerate","floor":40},{"not_picked":["Guardian:Gem_Fragmented","Guardian:RefractedBeam+1","Guardian:PolyBeam"],"picked":"SKIP","floor":42},{"not_picked":["Guardian:Planning","Guardian:PrismaticBarrier+1","Guardian:Harden"],"picked":"Singing Bowl","floor":45},{"not_picked":["Guardian:Suspension","Guardian:RefractedBeam+1"],"picked":"Guardian:SentryBeam+1","floor":47},{"not_picked":["Guardian:StasisField","Guardian:ChargeCore+1"],"picked":"Guardian:SpikerProtocol+1","floor":48},{"not_picked":["Guardian:Harden","Guardian:Gem_Red","Guardian:PiercingHide"],"picked":"Singing Bowl","floor":50},{"not_picked":["Guardian:Gem_Purple","Guardian:Gem_Blue","Guardian:ShieldCharger"],"picked":"Singing Bowl","floor":51}],"player_experience":225679,"relics_obtained":[{"floor":9,"key":"Replay:Ringing Soul"},{"floor":13,"key":"Anchor"},{"floor":31,"key":"ReplayTheSpireMod:TigerMarble"},{"floor":43,"key":"Boot"},{"floor":45,"key":"Singing Bowl"}],"event_choices":[{"damage_healed":0,"gold_gain":0,"player_choice":"Grow","damage_taken":0,"max_hp_gain":0,"max_hp_loss":0,"event_name":"Living Wall","floor":15,"gold_loss":0,"cards_upgraded":["Guardian:Suspension"]}],"is_beta":false,"boss_relics":[{"not_picked":["Kintsugi","ReplayTheSpireMod:DimensionalGlitch"],"picked":"Tiny House"},{"not_picked":["Guardian:StasisSlotReductionRelic","ChewingGum"],"picked":"Fusion Hammer"}],"items_purged_floors":[],"is_endless":false,"potions_floor_spawned":[2,3,10,16,17,23,30,33,34,45,50,51],"ascension_level":0}}