{"host":"pqs17sqrgflf4eqa","time":1613601731,"event":{"mods":["AchievementEnabler","BaseMod","Bestiary","Better Altar","Better Match","Better Skull","Block Reminder","Bossed Relics","Colored Map","Colored Powertips","Curses Come First","Dark Map","DeckTracker","Defective Defect","Displayed Cursed Tome","Emptier Cage","Googly Eyes","Highlight Path","Minty Spire (QoL Compilation)","Quick Restart","Slay-I","StSLib","SuperFastMode","Synergy Search","Thieving Mod","Transform Curses","everything is the same but u backflip on backflip","slay the spire mod where everything is the same but ironclad has a cowboy hat"],"gold_per_floor":[113,124,44,57,57,57,91,91,91,104,123,48,75,75,75,198,198,222,222,25,45,45,85,105,146,171,171,171],"floor_reached":27,"language":"ENG","playtime":607,"items_purged":["Defend_P"],"score":404,"play_id":"3a8bacc8-0b35-4adf-bfef-63d7e30be500","local_time":"20210217174211","is_ascension_mode":true,"campfire_choices":[{"data":"Eruption","floor":6,"key":"SMITH"},{"data":"ForeignInfluence","floor":8,"key":"SMITH"},{"data":"Crescendo","floor":15,"key":"SMITH"}],"circlet_count":0,"master_deck":["Strike_P","Strike_P","Strike_P","Strike_P","Defend_P","Defend_P","Defend_P","Eruption+1","Vigilance","WindmillStrike","Prostrate","Crescendo+1","ForeignInfluence+1","Halt","CutThroughFate","SandsOfTime","WheelKick","EmptyBody","Tantrum","Brilliance","Devotion","Consecrate","DevaForm","InnerPeace","Worship","ForeignInfluence+1","Fasting2","ThirdEye","ClearTheMind","Perseverance+1"],"relics":["PureWater","Prayer Wheel","Question Card","Pen Nib","Sundial","Bag of Preparation","Golden Idol","Philosopher\u0027s Stone","MutagenicStrength","Akabeko","Ice Cream","Potion Belt"],"acts_visited":["Exordium","TheCity"],"potions_floor_usage":[16,27],"damage_taken":[{"damage":0,"enemies":"2 Louse","floor":1,"turns":3},{"damage":0,"enemies":"Cultist","floor":2,"turns":3},{"damage":4,"enemies":"Jaw Worm","floor":4,"turns":2},{"damage":40,"enemies":"3 Sentries","floor":7,"turns":8},{"damage":0,"enemies":"Large Slime","floor":10,"turns":3},{"damage":1,"enemies":"2 Fungi Beasts","floor":11,"turns":3},{"damage":0,"enemies":"Gremlin Nob","floor":13,"turns":2},{"damage":12,"enemies":"Hexaghost","floor":16,"turns":5},{"damage":0,"enemies":"Chosen","floor":18,"turns":3},{"damage":0,"enemies":"Spheric Guardian","floor":21,"turns":2},{"damage":24,"enemies":"Book of Stabbing","floor":23,"turns":3},{"damage":0,"enemies":"Chosen and Byrds","floor":24,"turns":2},{"damage":21,"enemies":"Gremlin Leader","floor":25,"turns":4},{"damage":16,"enemies":"Centurion and Healer","floor":27,"turns":2}],"seed_played":"5118778248514026402","potions_obtained":[{"floor":4,"key":"Strength Potion"},{"floor":7,"key":"Dexterity Potion"},{"floor":11,"key":"Block Potion"},{"floor":18,"key":"Block Potion"},{"floor":22,"key":"StancePotion"}],"is_trial":false,"path_per_floor":["M","M","?","M","?","R","E","R","T","M","M","$","E","?","R","B",null,"M","?","$","M","?","E","M","E","T","M"],"character_chosen":"WATCHER","items_purchased":["DevaForm","InnerPeace"],"campfire_rested":0,"item_purchase_floors":[20,20],"current_hp_per_floor":[65,65,65,61,61,61,21,21,21,21,20,20,20,20,20,8,52,52,52,52,52,52,28,28,7,7,0,0],"gold":171,"neow_bonus":"ONE_RARE_RELIC","is_daily":false,"chose_seed":false,"campfire_upgraded":3,"win_rate":0.0,"timestamp":1613601731,"path_taken":["M","M","?","?","?","R","E","R","T","?","M","$","E","?","R","BOSS","M","?","$","M","?","E","M","E","T","?"],"items_purchased_type":["Card","Card"],"build_version":"2020-12-22","purchased_purges":1,"victory":false,"max_hp_per_floor":[72,72,72,72,72,72,72,72,72,72,72,72,72,67,67,67,67,67,67,67,67,67,67,67,67,67,67,67],"card_choices":[{"not_picked":["SashWhip","FlurryOfBlows"],"picked":"WindmillStrike","floor":1},{"not_picked":["CutThroughFate","FollowUp"],"picked":"Prostrate","floor":1},{"not_picked":["FlyingSleeves","FollowUp"],"picked":"Crescendo","floor":2},{"not_picked":["EmptyBody","BattleHymn"],"picked":"ForeignInfluence","floor":2},{"not_picked":["Evaluate","Omniscience","Swivel"],"picked":"Halt","floor":4},{"not_picked":["Evaluate","WaveOfTheHand","ThirdEye"],"picked":"CutThroughFate","floor":4},{"not_picked":["LessonLearned","Vengeance","Consecrate"],"picked":"WheelKick","floor":7},{"not_picked":["WheelKick","FlurryOfBlows","BowlingBash"],"picked":"EmptyBody","floor":10},{"not_picked":["FollowUp","JustLucky","ForeignInfluence"],"picked":"Tantrum","floor":10},{"not_picked":["EmptyBody","CutThroughFate","CrushJoints","JustLucky"],"picked":"SKIP","floor":11},{"not_picked":["Tantrum","BowlingBash","CrushJoints","Prostrate"],"picked":"SKIP","floor":11},{"not_picked":["FlurryOfBlows","Crescendo","MentalFortress"],"picked":"Brilliance","floor":13},{"not_picked":["Blasphemy","Alpha","Wish"],"picked":"Devotion","floor":16},{"not_picked":["EmptyBody","Pray","FlyingSleeves"],"picked":"Consecrate","floor":18},{"not_picked":["Prostrate","ClearTheMind","Wallop","SashWhip"],"picked":"SKIP","floor":18},{"not_picked":["Meditate","MasterReality","Perseverance"],"picked":"Worship","floor":21},{"not_picked":["BattleHymn","Swivel","PathToVictory"],"picked":"ForeignInfluence+1","floor":21},{"not_picked":["BattleHymn","ThirdEye","DeceiveReality"],"picked":"Fasting2","floor":23},{"not_picked":["Swivel","Collect","Crescendo+1"],"picked":"ThirdEye","floor":24},{"not_picked":["Protect","Consecrate+1","CutThroughFate"],"picked":"ClearTheMind","floor":24},{"not_picked":["PathToVictory","BattleHymn","Wireheading"],"picked":"Perseverance+1","floor":25}],"player_experience":225926,"relics_obtained":[{"floor":7,"key":"Pen Nib"},{"floor":9,"key":"Sundial"},{"floor":13,"key":"Bag of Preparation"},{"floor":23,"key":"Akabeko"},{"floor":25,"key":"Ice Cream"},{"floor":26,"key":"Potion Belt"}],"event_choices":[{"damage_healed":0,"gold_gain":0,"player_choice":"Paid Gold","damage_taken":0,"relics_obtained":["Question Card"],"max_hp_gain":0,"max_hp_loss":0,"event_name":"WeMeetAgain","floor":3,"gold_loss":80},{"damage_healed":0,"gold_gain":0,"cards_transformed":["Injury"],"player_choice":"Transformed","damage_taken":0,"max_hp_gain":0,"max_hp_loss":0,"event_name":"Transmorgrifier","floor":5,"gold_loss":0,"cards_obtained":["SandsOfTime"]},{"damage_healed":0,"gold_gain":0,"player_choice":"Lose Max HP","damage_taken":0,"relics_obtained":["Golden Idol"],"max_hp_gain":0,"max_hp_loss":5,"event_name":"Golden Idol","floor":14,"gold_loss":0},{"damage_healed":0,"gold_gain":0,"player_choice":"Inject Mutagens","damage_taken":0,"relics_obtained":["MutagenicStrength"],"max_hp_gain":0,"max_hp_loss":0,"event_name":"Drug Dealer","floor":19,"gold_loss":0},{"damage_healed":0,"gold_gain":0,"player_choice":"Got Potions","damage_taken":0,"max_hp_gain":0,"max_hp_loss":0,"event_name":"Lab","floor":22,"gold_loss":0}],"is_beta":false,"boss_relics":[{"not_picked":["Astrolabe","Runic Dome"],"picked":"Philosopher\u0027s Stone"}],"items_purged_floors":[12],"is_endless":false,"potions_floor_spawned":[4,7,11,13,18,23],"killed_by":"Centurion and Healer","ascension_level":6}}