{"host":"szp1d6dso4pv7ddl","time":1613533662,"event":{"mods":["AchievementEnabler","Alarm Clock","BaseMod","Bestiary","Block Reminder","Colored Map","Colored Powertips","Curses Come First","Dark Map","Displayed Cursed Tome","Highlight Path","Minty Spire (QoL Compilation)","Permanent Neow","Quick Restart","Relic Sorter","Relic Stats","StSLib","Synergy Search"],"gold_per_floor":[111,111,186,204,204,204,236,246,297,330,342,358,68,80,80,154,154,172,189,189,205,205,205,224,254,254,254,254,254],"floor_reached":28,"language":"ENG","playtime":1845,"items_purged":["Strike_G"],"score":500,"play_id":"14366db1-3657-4782-b669-5857760f4b4e","local_time":"20210216194742","is_ascension_mode":true,"campfire_choices":[{"data":"Neutralize","floor":6.0,"key":"SMITH"},{"data":"Crippling Poison","floor":15.0,"key":"SMITH"},{"data":"Storm of Steel","floor":23.0,"key":"SMITH"}],"circlet_count":0,"master_deck":["AscendersBane","Strike_G","Strike_G","Defend_G","Defend_G","Defend_G","Defend_G","Defend_G","Survivor","Neutralize+1","Crippling Poison+1","Dagger Spray","Blade Dance","Storm of Steel+1","PiercingWail","Flechettes","Crippling Poison+1","Dagger Spray","Backflip","Corpse Explosion+1","Setup","Setup","Grand Finale","Prepared","Backflip","Dodge and Roll"],"relics":["Ring of the Snake","Anchor","The Specimen","Art of War","Potion Belt","Ninja Scroll","Lee\u0027s Waffle","Snecko Eye","Dream Catcher","Pantograph","Letter Opener"],"acts_visited":["Exordium","TheCity"],"potions_floor_usage":[28,28],"damage_taken":[{"damage":4.0,"enemies":"Small Slimes","floor":1.0,"turns":5.0},{"damage":2.0,"enemies":"Jaw Worm","floor":4.0,"turns":4.0},{"damage":21.0,"enemies":"3 Sentries","floor":7.0,"turns":8.0},{"damage":0.0,"enemies":"Cultist","floor":8.0,"turns":3.0},{"damage":10.0,"enemies":"Lagavulin","floor":10.0,"turns":3.0},{"damage":0.0,"enemies":"Looter","floor":11.0,"turns":3.0},{"damage":0.0,"enemies":"Exordium Wildlife","floor":12.0,"turns":3.0},{"damage":0.0,"enemies":"Blue Slaver","floor":14.0,"turns":3.0},{"damage":10.0,"enemies":"The Guardian","floor":16.0,"turns":14.0},{"damage":8.0,"enemies":"Shell Parasite","floor":18.0,"turns":5.0},{"damage":6.0,"enemies":"Spheric Guardian","floor":19.0,"turns":4.0},{"damage":3.0,"enemies":"Snecko","floor":21.0,"turns":3.0},{"damage":0.0,"enemies":"Chosen and Byrds","floor":24.0,"turns":3.0},{"damage":31.0,"enemies":"Gremlin Leader","floor":25.0,"turns":4.0},{"damage":25,"enemies":"Book of Stabbing","floor":28,"turns":5}],"seed_played":"4971247497040160902","potions_obtained":[{"floor":1.0,"key":"FearPotion"},{"floor":4.0,"key":"ColorlessPotion"},{"floor":7.0,"key":"DuplicationPotion"},{"floor":10.0,"key":"SteroidPotion"},{"floor":16.0,"key":"SpeedPotion"},{"floor":19.0,"key":"Dexterity Potion"}],"is_trial":false,"path_per_floor":["M","?","?","M","T","R","E","M","T","E","M","M","$","M","R","B",null,"M","M","?","M","?","R","M","E","T","T","E"],"character_chosen":"THE_SILENT","items_purchased":["Lee\u0027s Waffle","Dagger Spray"],"campfire_rested":0,"item_purchase_floors":[13,13],"current_hp_per_floor":[55,55,44,42,42,42,21,21,21,11,11,11,73,73,73,63,71,63,57,57,54,54,54,54,23,23,23,0,0],"gold":254,"neow_bonus":"RANDOM_COMMON_RELIC","is_daily":false,"chose_seed":false,"campfire_upgraded":3,"win_rate":0.0,"timestamp":1613533662,"path_taken":["M","?","?","M","?","R","E","M","T","E","M","M","$","M","R","BOSS","M","M","?","?","?","R","M","E","T","?","E"],"items_purchased_type":["Relic","Card"],"build_version":"2020-12-22","purchased_purges":1,"victory":false,"max_hp_per_floor":[66,66,66,66,66,66,66,66,66,66,66,66,73,73,73,73,73,73,73,73,73,73,73,73,73,73,73,73,73],"relic_stats":{"Lee\u0027s Waffle":62,"Dream Catcher":0,"counters":[15,70],"Pantograph":0,"Snecko Eye":[48,47,46,32],"Art of War":[5],"Letter Opener":[15],"obtain_stats":[{"Potion Belt":9,"Anchor":0,"Lee\u0027s Waffle":13,"Dream Catcher":25,"The Specimen":5,"Ninja Scroll":10,"Pantograph":26,"Snecko Eye":17,"Art of War":7,"Letter Opener":27,"Ring of the Snake":0},{"Potion Belt":4,"Anchor":0,"Lee\u0027s Waffle":7,"Dream Catcher":14,"The Specimen":2,"Ninja Scroll":5,"Pantograph":14,"Snecko Eye":9,"Art of War":3,"Letter Opener":14,"Ring of the Snake":0},{"Potion Belt":20,"Anchor":0,"Lee\u0027s Waffle":29,"Dream Catcher":65,"The Specimen":9,"Ninja Scroll":23,"Pantograph":65,"Snecko Eye":46,"Art of War":17,"Letter Opener":65,"Ring of the Snake":0}],"Ring of the Snake":[18]},"card_choices":[{"not_picked":["Distraction","Deflect"],"picked":"Crippling Poison","floor":1.0},{"not_picked":["Poisoned Stab","Blur"],"picked":"Dagger Spray","floor":4.0},{"not_picked":["Sucker Punch","Dagger Throw"],"picked":"Blade Dance","floor":7.0},{"not_picked":["Heel Hook","Dagger Spray"],"picked":"Storm of Steel","floor":8.0},{"not_picked":["Dagger Spray","Blade Dance"],"picked":"PiercingWail","floor":10.0},{"not_picked":["Poisoned Stab","Accuracy"],"picked":"Flechettes","floor":11.0},{"not_picked":["Deflect","Dagger Spray"],"picked":"Crippling Poison","floor":12.0},{"not_picked":["Expertise","Blade Dance"],"picked":"Backflip","floor":14.0},{"not_picked":["Adrenaline","Glass Knife"],"picked":"Corpse Explosion","floor":16.0},{"not_picked":["Well Laid Plans+1","Sucker Punch","Deflect"],"picked":"SKIP","floor":18.0},{"not_picked":["Underhanded Strike","Backstab+1"],"picked":"Setup","floor":19.0},{"not_picked":["Blade Dance","Underhanded Strike"],"picked":"Setup","floor":21.0},{"not_picked":["Concentrate","Caltrops"],"picked":"Backflip","floor":24.0},{"not_picked":["Blur","Bane"],"picked":"Dodge and Roll","floor":25.0}],"player_experience":1592539,"relics_obtained":[{"floor":5.0,"key":"The Specimen"},{"floor":7.0,"key":"Art of War"},{"floor":9.0,"key":"Potion Belt"},{"floor":10.0,"key":"Ninja Scroll"},{"floor":25.0,"key":"Dream Catcher"},{"floor":26.0,"key":"Pantograph"},{"floor":27.0,"key":"Letter Opener"}],"event_choices":[{"damage_healed":0.0,"max_hp_gain":0.0,"max_hp_loss":0.0,"gold_gain":0.0,"event_name":"Living Wall","player_choice":"Grow","floor":2.0,"gold_loss":0.0,"damage_taken":0.0,"cards_upgraded":["Crippling Poison"]},{"damage_healed":0.0,"max_hp_gain":0.0,"max_hp_loss":0.0,"gold_gain":75.0,"event_name":"World of Goop","player_choice":"Gather Gold","floor":3.0,"gold_loss":0.0,"damage_taken":11.0},{"damage_healed":0.0,"max_hp_gain":0.0,"max_hp_loss":0.0,"gold_gain":0.0,"event_name":"Upgrade Shrine","player_choice":"Upgraded","floor":20.0,"gold_loss":0.0,"damage_taken":0.0,"cards_upgraded":["Corpse Explosion"]},{"damage_healed":0.0,"max_hp_gain":0.0,"max_hp_loss":0.0,"gold_gain":0.0,"cards_transformed":["Strike_G","Strike_G"],"event_name":"Drug Dealer","player_choice":"Became Test Subject","floor":22.0,"gold_loss":0.0,"damage_taken":0.0,"cards_obtained":["Grand Finale","Prepared"]}],"is_beta":false,"boss_relics":[{"not_picked":["Fusion Hammer","Philosopher\u0027s Stone"],"picked":"Snecko Eye"}],"items_purged_floors":[13],"is_endless":false,"potions_floor_spawned":[1,4,7,10,16,19],"killed_by":"Book of Stabbing","ascension_level":20}}