{"host":"c8qonrr5ytpjhapa","time":1613530197,"event":{"mods":["2.2 Compatiblity","Act Like it!","BaseMod","Better Third Choice","BetterRewards","Colored Powertips","Downfall","GifTheSpireLib","Hermit","Infinite Spire","Minty Spire (QoL Compilation)","Quick Restart","Rare Cards Sparkle","Robot Space Explorer","Shop Mod","Spicy Shops","StSLib","The Alterego","The Hayseed","The Hierophant","The Necromancer","The Poker Player"],"gold_per_floor":[99,109,109,109,125,125,151,51,51,64,89,103,119,119,133,133,133,133],"floor_reached":16,"language":"ENG","playtime":1507,"items_purged":[],"score":127,"play_id":"d7a8eba4-9535-4694-bba6-905fee43bc96","local_time":"20210216214957","is_ascension_mode":false,"campfire_choices":[{"data":"Guardian:TwinSlam","floor":1.0,"key":"SMITH"},{"data":"Guardian:TemporalShield","floor":8.0,"key":"SMITH"}],"circlet_count":0,"master_deck":["Guardian:Strike_Guardian","Guardian:Strike_Guardian","Guardian:Strike_Guardian","Guardian:Defend_Guardian","Guardian:Defend_Guardian","Guardian:Defend_Guardian","Guardian:Defend_Guardian","Guardian:CurlUp","Guardian:TwinSlam+1","Guardian:PrismaticBarrier","Guardian:TemporalShield+1","infinitespire:SevenWalls","Guardian:Reroute","Guardian:Planning","Guardian:Gem_Purple","Guardian:Gem_Crimson","Guardian:Gem_Yellow","Guardian:FloatingOrbs"],"relics":["Guardian:ModeShifter","Ginger","Prayer Wheel","downfall:HeartBlessingBlue","Potion Belt","Blue Candle"],"acts_visited":["Exordium"],"potions_floor_usage":[],"damage_taken":[{"damage":5.0,"enemies":"Small Slimes","floor":2.0,"turns":4.0},{"damage":0.0,"enemies":"2 Louse","floor":5.0,"turns":2.0},{"damage":1.0,"enemies":"Jaw Worm","floor":10.0,"turns":3.0},{"damage":4.0,"enemies":"3 Sentries","floor":11.0,"turns":9.0},{"damage":0.0,"enemies":"downfall:LooterAlt","floor":12.0,"turns":3.0},{"damage":2.0,"enemies":"Blue Slaver","floor":13.0,"turns":3.0},{"damage":15.0,"enemies":"Exordium Thugs","floor":15.0,"turns":5.0},{"damage":18,"enemies":"WA_ARCHETYPE_RETAIN","floor":16,"turns":6}],"seed_played":"5673320847089487962","potions_obtained":[{"floor":2.0,"key":"SneckoOil"},{"floor":11.0,"key":"SpeedPotion"}],"is_trial":false,"path_per_floor":["R","M","?","?","M","?","T","R","?","M","E","M","M","?","M","B"],"character_chosen":"GUARDIAN","items_purchased":[],"campfire_rested":0,"item_purchase_floors":[],"current_hp_per_floor":[88,83,83,77,77,77,77,87,64,63,59,59,57,52,37,19,19,19],"gold":133,"neow_bonus":"TEN_PERCENT_HP_BONUS","is_daily":false,"chose_seed":false,"campfire_upgraded":2,"win_rate":0.0,"timestamp":1613530197,"path_taken":["R","M","?","?","M","?","T","R","?","M","E","M","M","?","M","BOSS"],"items_purchased_type":[],"build_version":"2020-12-22","purchased_purges":0,"victory":false,"max_hp_per_floor":[88,88,88,88,88,88,88,98,98,98,98,98,98,98,98,98,98,98],"card_choices":[{"not_picked":["Guardian:Gem_Blue","Guardian:Gem_Lightblue"],"picked":"Guardian:PrismaticBarrier","floor":2.0},{"not_picked":["Guardian:VentSteam","Guardian:ShieldCharger"],"picked":"Guardian:TemporalShield","floor":5.0},{"not_picked":["Guardian:Suspension","Guardian:WalkerClaw","Guardian:TimeCapacitor"],"picked":"SKIP","floor":5.0},{"not_picked":["infinitespire:Fortify","infinitespire:DeathsTouch"],"picked":"infinitespire:SevenWalls","floor":9.0},{"not_picked":["Guardian:Planning","Guardian:SphericShield"],"picked":"Guardian:Reroute","floor":10.0},{"not_picked":["Guardian:CrystalBeam","Guardian:Gem_Red"],"picked":"Guardian:Planning","floor":10.0},{"not_picked":["Guardian:PiercingHide","Guardian:Emergency"],"picked":"Guardian:Gem_Purple","floor":11.0},{"not_picked":["Guardian:EvasiveProtocol","Guardian:RollAttack"],"picked":"Guardian:Gem_Crimson","floor":12.0},{"not_picked":["Guardian:Gem_Red","Guardian:RollAttack"],"picked":"Guardian:Gem_Yellow","floor":12.0},{"not_picked":["Guardian:CrystalBeam","Guardian:PiercingHide"],"picked":"Guardian:FloatingOrbs","floor":13.0},{"not_picked":["Guardian:PiercingHide","Guardian:Clone","Guardian:Preprogram"],"picked":"SKIP","floor":13.0},{"not_picked":["Guardian:Emergency","Guardian:TimeCapacitor","Guardian:Repulse"],"picked":"SKIP","floor":15.0},{"not_picked":["Guardian:PiercingHide","Guardian:GuardianWhirl","Guardian:Planning"],"picked":"SKIP","floor":15.0}],"player_experience":117031,"relics_obtained":[{"floor":11.0,"key":"Potion Belt"}],"event_choices":[{"damage_healed":0.0,"max_hp_gain":0.0,"max_hp_loss":0.0,"gold_gain":1.0,"event_name":"betterThird:BetterScrap","player_choice":"Relic Relic ","floor":4.0,"gold_loss":0.0,"damage_taken":6.0,"cards_obtained":["Pummel"]}],"is_beta":false,"boss_relics":[],"items_purged_floors":[],"is_endless":false,"potions_floor_spawned":[2,11],"killed_by":"WA_ARCHETYPE_RETAIN","ascension_level":0}}