{"host":"2fgwwnzqc97k7iys","time":1613528411,"event":{"mods":["BaseMod","Colored Map","Minty Spire (QoL Compilation)","Quick Restart","Relic Stats"],"gold_per_floor":[114,125,141,141,162,202,225,54,54,54,68,68,82,112,112,112,112],"floor_reached":16,"language":"ENG","playtime":684,"items_purged":["Strike_B"],"score":156,"play_id":"881e30e3-0f66-4ddb-ada1-69de23997f35","local_time":"20210216202011","is_ascension_mode":true,"campfire_choices":[{"data":"Genetic Algorithm","floor":12,"key":"SMITH"},{"data":"Seek","floor":15,"key":"SMITH"}],"circlet_count":0,"master_deck":["AscendersBane","Strike_B","Strike_B","Defend_B","Defend_B","Defend_B","Defend_B","Zap","Dualcast","Core Surge","Turbo","Ball Lightning","Genetic Algorithm+1","Seek+1","Go for the Eyes","Conserve Battery","Cold Snap","Conserve Battery"],"relics":["Cracked Core","Golden Idol","Pen Nib","Gremlin Horn","Odd Mushroom"],"acts_visited":["Exordium"],"potions_floor_usage":[16,16],"damage_taken":[{"damage":3,"enemies":"2 Louse","floor":1,"turns":2},{"damage":0,"enemies":"Cultist","floor":2,"turns":3},{"damage":2,"enemies":"Jaw Worm","floor":3,"turns":2},{"damage":0,"enemies":"Large Slime","floor":5,"turns":4},{"damage":29,"enemies":"3 Sentries","floor":6,"turns":7},{"damage":10,"enemies":"Red Slaver","floor":7,"turns":3},{"damage":7,"enemies":"Exordium Thugs","floor":11,"turns":4},{"damage":0,"enemies":"2 Fungi Beasts","floor":13,"turns":3},{"damage":0,"enemies":"The Mushroom Lair","floor":14,"turns":4},{"damage":17,"enemies":"Slime Boss","floor":16,"turns":3}],"seed_played":"-2378327140866799508","potions_obtained":[{"floor":3,"key":"Strength Potion"},{"floor":11,"key":"GamblersBrew"},{"floor":13,"key":"Dexterity Potion"}],"is_trial":false,"path_per_floor":["M","M","M","?","M","E","M","$","T","?","M","R","M","?","R","B"],"character_chosen":"DEFECT","items_purchased":["Conserve Battery","Cold Snap"],"campfire_rested":0,"item_purchase_floors":[8,8],"current_hp_per_floor":[65,65,63,63,63,34,24,24,24,24,17,17,17,17,17,0,0],"gold":112,"neow_bonus":"ONE_RANDOM_RARE_CARD","is_daily":false,"chose_seed":false,"campfire_upgraded":2,"win_rate":0.0,"timestamp":1613528411,"path_taken":["M","M","M","?","M","E","M","$","T","?","M","R","?","?","R","BOSS"],"items_purchased_type":["Card","Card"],"build_version":"2020-12-22","purchased_purges":1,"victory":false,"max_hp_per_floor":[75,75,75,69,69,69,69,69,69,69,69,69,69,69,69,69,69],"relic_stats":{"Gremlin Horn":[4,4],"counters":[10,35],"Golden Idol":29,"Pen Nib":[2],"obtain_stats":[{"Gremlin Horn":9,"Golden Idol":4,"Pen Nib":6,"Odd Mushroom":14,"Cracked Core":0},{"Gremlin Horn":6,"Golden Idol":3,"Pen Nib":5,"Odd Mushroom":9,"Cracked Core":0},{"Gremlin Horn":21,"Golden Idol":7,"Pen Nib":18,"Odd Mushroom":32,"Cracked Core":0}]},"card_choices":[{"not_picked":["Rebound","Scrape"],"picked":"Turbo","floor":1},{"not_picked":["Aggregate","Skim"],"picked":"Ball Lightning","floor":2},{"not_picked":["Blizzard","Barrage","Aggregate"],"picked":"SKIP","floor":3},{"not_picked":["Tempest","Reprogram"],"picked":"Genetic Algorithm","floor":5},{"not_picked":["All For One","Redo"],"picked":"Seek","floor":6},{"not_picked":["Force Field","Hologram"],"picked":"Go for the Eyes","floor":7},{"not_picked":["Hologram","Recycle"],"picked":"Conserve Battery","floor":11},{"not_picked":["BootSequence","Go for the Eyes","FTL"],"picked":"SKIP","floor":13}],"player_experience":598844,"relics_obtained":[{"floor":6,"key":"Pen Nib"},{"floor":9,"key":"Gremlin Horn"},{"floor":14,"key":"Odd Mushroom"}],"event_choices":[{"damage_healed":0,"gold_gain":0,"player_choice":"Lose Max HP","damage_taken":0,"relics_obtained":["Golden Idol"],"max_hp_gain":0,"max_hp_loss":6,"event_name":"Golden Idol","floor":4,"gold_loss":0},{"cards_removed":["Strike_B"],"damage_healed":0,"gold_gain":0,"player_choice":"Offered Basic","damage_taken":0,"max_hp_gain":0,"max_hp_loss":0,"event_name":"Bonfire Elementals","floor":10,"gold_loss":0},{"damage_healed":0,"gold_gain":0,"player_choice":"Fought Mushrooms","damage_taken":0,"max_hp_gain":0,"max_hp_loss":0,"event_name":"Mushrooms","floor":14,"gold_loss":0}],"is_beta":false,"boss_relics":[],"items_purged_floors":[8],"is_endless":false,"potions_floor_spawned":[3,11,13],"killed_by":"Slime Boss","ascension_level":10}}