{"host":"en4narc5947t7k9n","time":1613537834,"event":{"mods":["AchievementEnabler","BaseMod","Colored Map","Minty Spire (QoL Compilation)","SuperFastMode"],"gold_per_floor":[117,133,208,208,208,240,240,240,240,260,260,260,287,300,300,403,403,414,414,431,41,52,81,81,81,81],"floor_reached":25,"language":"KOR","playtime":1626,"items_purged":[],"score":279,"play_id":"1f83e97e-5068-4521-ab5b-c4b6f1b6462a","local_time":"20210217135714","is_ascension_mode":false,"campfire_choices":[{"data":"Bloodletting","floor":7,"key":"SMITH"},{"data":"Feel No Pain","floor":11,"key":"SMITH"},{"data":"Anger","floor":15,"key":"SMITH"},{"data":"Madness","floor":24,"key":"SMITH"}],"circlet_count":0,"master_deck":["Strike_R","Strike_R","Strike_R","Strike_R","Defend_R","Defend_R","Defend_R","Defend_R","Bash","Inflame","Bloodletting+1","Feel No Pain+1","Clash","Cleave","Anger+1","Reaper","Anger","Panacea","Armaments+1","Madness+1","Disarm","Havoc+1"],"relics":["Black Blood","NeowsBlessing","Sundial","Oddly Smooth Stone","Matryoshka","Omamori","Bag of Preparation","Mango","Gambling Chip","Pear"],"acts_visited":["Exordium","TheCity"],"potions_floor_usage":[13,22],"damage_taken":[{"damage":0,"enemies":"Cultist","floor":1,"turns":1},{"damage":0,"enemies":"Small Slimes","floor":2,"turns":1},{"damage":0,"enemies":"Lagavulin","floor":6,"turns":2},{"damage":8,"enemies":"Jaw Worm","floor":10,"turns":2},{"damage":19,"enemies":"3 Sentries","floor":13,"turns":11},{"damage":3,"enemies":"Blue Slaver","floor":14,"turns":1},{"damage":69,"enemies":"The Guardian","floor":16,"turns":10},{"damage":37,"enemies":"Spheric Guardian","floor":18,"turns":6},{"damage":13,"enemies":"Chosen","floor":20,"turns":4},{"damage":33,"enemies":"Centurion and Healer","floor":22,"turns":4},{"damage":41,"enemies":"Book of Stabbing","floor":23,"turns":7},{"damage":64,"enemies":"Slavers","floor":25,"turns":5}],"seed_played":"4160650394198105820","potions_obtained":[{"floor":6,"key":"Regen Potion"},{"floor":16,"key":"AttackPotion"},{"floor":18,"key":"Ancient Potion"}],"is_trial":false,"path_per_floor":["M","M","?","?","T","E","R","?","T","M","R","?","E","M","R","B",null,"M","?","M","$","M","E","R","E"],"character_chosen":"IRONCLAD","items_purchased":["Gambling Chip","Madness"],"campfire_rested":0,"item_purchase_floors":[21,21],"current_hp_per_floor":[80,80,69,62,62,68,68,65,65,63,63,63,79,82,82,19,94,69,57,62,62,56,44,44,0,0],"gold":81,"neow_bonus":"THREE_ENEMY_KILL","is_daily":false,"chose_seed":false,"campfire_upgraded":4,"win_rate":0.0,"timestamp":1613537834,"path_taken":["M","?","?","?","?","E","R","?","T","M","R","?","E","M","R","BOSS","M","?","M","$","?","E","R","E"],"items_purchased_type":["Relic","Card"],"build_version":"2020-12-22","purchased_purges":0,"victory":false,"max_hp_per_floor":[80,80,80,80,80,80,80,80,80,80,80,80,94,94,94,94,94,94,94,94,94,94,104,104,104,104],"card_choices":[{"not_picked":["Clash","Anger"],"picked":"Inflame","floor":1},{"not_picked":["Pommel Strike","Metallicize"],"picked":"Bloodletting","floor":2},{"not_picked":["Metallicize","Shrug It Off"],"picked":"Feel No Pain","floor":6},{"not_picked":["Headbutt","Havoc"],"picked":"Clash","floor":10},{"not_picked":["Perfected Strike","Wild Strike"],"picked":"Cleave","floor":13},{"not_picked":["Cleave","Reckless Charge"],"picked":"Anger","floor":14},{"not_picked":["Demon Form","Impervious"],"picked":"Reaper","floor":16},{"not_picked":["Clash","Wild Strike"],"picked":"Anger","floor":18},{"not_picked":["True Grit","Thunderclap"],"picked":"Armaments+1","floor":20},{"not_picked":["Armaments","Reckless Charge"],"picked":"Disarm","floor":22},{"not_picked":["Bloodletting","Clash"],"picked":"Havoc+1","floor":23}],"player_experience":23195,"relics_obtained":[{"floor":5,"key":"Sundial"},{"floor":6,"key":"Oddly Smooth Stone"},{"floor":9,"key":"Omamori"},{"floor":9,"key":"Bag of Preparation"},{"floor":13,"key":"Mango"},{"floor":23,"key":"Pear"}],"event_choices":[{"damage_healed":0,"gold_gain":75,"player_choice":"Gather Gold","damage_taken":11,"max_hp_gain":0,"max_hp_loss":0,"event_name":"World of Goop","floor":3,"gold_loss":0},{"cards_removed":["Strike_R"],"damage_healed":0,"gold_gain":0,"player_choice":"Card Removal","damage_taken":7,"max_hp_gain":0,"max_hp_loss":0,"event_name":"Golden Wing","floor":4,"gold_loss":0},{"damage_healed":0,"gold_gain":0,"player_choice":"Success","damage_taken":3,"relics_obtained":["Matryoshka"],"max_hp_gain":0,"max_hp_loss":0,"event_name":"Scrap Ooze","floor":8,"gold_loss":0},{"damage_healed":0,"gold_gain":0,"player_choice":"Ignored","damage_taken":0,"max_hp_gain":0,"max_hp_loss":0,"event_name":"Liars Game","floor":12,"gold_loss":0},{"damage_healed":0,"gold_gain":0,"player_choice":"CARD ","damage_taken":12,"max_hp_gain":0,"max_hp_loss":0,"event_name":"Knowing Skull","floor":19,"potions_obtained":[],"gold_loss":0,"cards_obtained":["Panacea"]}],"is_beta":false,"boss_relics":[{"not_picked":["SacredBark","SlaversCollar"],"picked":"Black Blood"}],"items_purged_floors":[],"is_endless":false,"potions_floor_spawned":[6,16,18],"killed_by":"Slavers","ascension_level":0}}