{"host":"syfsfjmzue8y1a6l","time":1613548217,"event":{"mods":["AchievementEnabler","BaseMod","Colored Map","DeckTracker","Minty Spire (QoL Compilation)","Permanent Neow","SuperFastMode"],"gold_per_floor":[117,117,129,142,161,161,193,193,193,219,219,246,256,271,299,299,395,395,409,420,221,239,239,256,55,66,66,66,91,106,106,120,120,221,221,231,231,245,195,205,233,104,104,129,129,139,151,151,170,170,170,170,170,15,46,46,46],"floor_reached":56,"language":"KOR","playtime":9115,"items_purged":["Strike_R","Defend_R","Strike_R","Defend_R"],"score":723,"play_id":"b4cda55d-9f0b-4c8a-a06e-86909b100609","local_time":"20210217165017","is_ascension_mode":false,"campfire_choices":[{"data":"Whirlwind","floor":8,"key":"SMITH"},{"data":"Flex","floor":11,"key":"SMITH"},{"data":"Battle Trance","floor":16,"key":"SMITH"},{"data":"Heavy Blade","floor":28,"key":"SMITH"},{"data":"Heavy Blade","floor":31,"key":"SMITH"},{"data":"Battle Trance","floor":33,"key":"SMITH"},{"data":"Inflame","floor":43,"key":"SMITH"},{"floor":45,"key":"RECALL"},{"data":"Flex","floor":48,"key":"SMITH"},{"data":"Bash","floor":50,"key":"SMITH"},{"data":"Pummel","floor":53,"key":"SMITH"}],"circlet_count":0,"master_deck":["Bash+1","Whirlwind+1","Flex+1","Pummel+1","Seeing Red+1","Battle Trance+1","Battle Trance+1","Flex+1","Reaper","Inflame+1","Impervious+1","Bludgeon+1","Heavy Blade+1","Heavy Blade+1","Anger+1","Inflame+1"],"relics":["Burning Blood","CaptainsWheel","Smiling Mask","Potion Belt","Happy Flower","Astrolabe","Orrery","InkBottle","Toolbox","Pear","Thread and Needle","Mark of Pain","Ancient Tea Set","Art of War","Vajra","Calipers"],"acts_visited":["Exordium","TheCity","TheBeyond","TheEnding"],"potions_floor_usage":[12,15,17,32,34,34,34,46,47,51,51,56,56,56],"damage_taken":[{"damage":3.0,"enemies":"2 Louse","floor":1.0,"turns":4.0},{"damage":1,"enemies":"Jaw Worm","floor":3,"turns":4},{"damage":2,"enemies":"Small Slimes","floor":4,"turns":4},{"damage":0,"enemies":"3 Louse","floor":5,"turns":1},{"damage":9,"enemies":"Gremlin Nob","floor":7,"turns":4},{"damage":8,"enemies":"Lagavulin","floor":12,"turns":5},{"damage":2,"enemies":"2 Fungi Beasts","floor":13,"turns":3},{"damage":6,"enemies":"Exordium Wildlife","floor":14,"turns":2},{"damage":13,"enemies":"3 Sentries","floor":15,"turns":3},{"damage":56,"enemies":"The Guardian","floor":17,"turns":9},{"damage":5,"enemies":"Spheric Guardian","floor":19,"turns":3},{"damage":10,"enemies":"Shell Parasite","floor":20,"turns":2},{"damage":0,"enemies":"Centurion and Healer","floor":22,"turns":2},{"damage":7,"enemies":"Sentry and Sphere","floor":24,"turns":4},{"damage":0,"enemies":"3 Cultists","floor":26,"turns":1},{"damage":23,"enemies":"Book of Stabbing","floor":29,"turns":4},{"damage":0,"enemies":"Snake Plant","floor":30,"turns":2},{"damage":5,"enemies":"Centurion and Healer","floor":32,"turns":3},{"damage":10,"enemies":"Automaton","floor":34,"turns":4},{"damage":11,"enemies":"Orb Walker","floor":36,"turns":2},{"damage":0,"enemies":"3 Darklings","floor":38,"turns":1},{"damage":0,"enemies":"Transient","floor":40,"turns":5},{"damage":58,"enemies":"Nemesis","floor":41,"turns":3},{"damage":0,"enemies":"4 Shapes","floor":46,"turns":3},{"damage":6,"enemies":"Writhing Mass","floor":47,"turns":2},{"damage":21,"enemies":"Maw","floor":49,"turns":4},{"damage":78,"enemies":"Donu and Deca","floor":51,"turns":7},{"damage":16,"enemies":"Shield and Spear","floor":55,"turns":3},{"damage":116,"enemies":"The Heart","floor":56,"turns":6}],"seed_played":"2548669756142155766","potions_obtained":[{"floor":1.0,"key":"Ancient Potion"},{"floor":4,"key":"Explosive Potion"},{"floor":12,"key":"LiquidMemories"},{"floor":14,"key":"SkillPotion"},{"floor":17,"key":"FearPotion"},{"floor":19,"key":"Block Potion"},{"floor":24,"key":"DuplicationPotion"},{"floor":26,"key":"Energy Potion"},{"floor":32,"key":"DistilledChaos"},{"floor":36,"key":"ColorlessPotion"},{"floor":38,"key":"Block Potion"},{"floor":40,"key":"Energy Potion"},{"floor":49,"key":"SteroidPotion"},{"floor":55,"key":"Strength Potion"}],"is_trial":false,"path_per_floor":["M","?","M","M","M","M","E","R","?","T","R","E","M","M","E","R","B",null,"M","M","$","M","?","M","$","M","T","R","E","M","R","M","R","B",null,"M","?","M","$","M","E","$","R","T","R","M","M","R","M","R","B",null,"R","$","E","B"],"character_chosen":"IRONCLAD","items_purchased":["Orrery","Toolbox","Inflame","Vajra"],"campfire_rested":0,"item_purchase_floors":[21,25,42,54],"current_hp_per_floor":[59,52,57,61,67,67,64,64,64,64,64,62,66,66,59,59,9,80,80,76,76,80,80,79,79,80,90,90,73,81,81,82,82,86,90,85,85,90,90,90,38,38,38,38,38,86,90,90,75,75,31,90,90,90,86,0,0],"gold":46,"neow_bonus":"ONE_RARE_RELIC","is_daily":false,"chose_seed":false,"campfire_upgraded":10,"win_rate":0.0,"timestamp":1613548217,"path_taken":["M","?","M","M","M","M","E","R","?","T","R","E","M","M","E","R","BOSS","M","M","$","M","?","M","$","M","T","R","E","M","R","M","R","BOSS","M","?","M","$","M","E","$","R","T","R","M","M","R","M","R","BOSS","R","$","E","BOSS"],"items_purchased_type":["Relic","Relic","Card","Relic"],"build_version":"2020-12-22","purchased_purges":4,"victory":false,"max_hp_per_floor":[80,80,80,80,80,80,80,80,80,80,80,80,80,80,80,80,80,80,80,80,80,80,80,80,80,80,90,90,90,90,90,90,90,90,90,90,90,90,90,90,90,90,90,90,90,90,90,90,90,90,90,90,90,90,90,90,90],"card_choices":[{"not_picked":["Twin Strike","Body Slam"],"picked":"Whirlwind","floor":1.0},{"not_picked":["True Grit","Cleave"],"picked":"Flex","floor":3},{"not_picked":["Shockwave","Perfected Strike"],"picked":"Pummel","floor":4},{"not_picked":["Heavy Blade","Uppercut"],"picked":"Seeing Red","floor":5},{"not_picked":["Rage","Pommel Strike"],"picked":"Battle Trance","floor":7},{"not_picked":["Rupture","Sword Boomerang","Clothesline"],"picked":"SKIP","floor":12},{"not_picked":["Fire Breathing","Offering"],"picked":"Battle Trance","floor":13},{"not_picked":["Feel No Pain","Rampage"],"picked":"Flex","floor":14},{"not_picked":["Body Slam","Reckless Charge","Dropkick"],"picked":"SKIP","floor":15},{"not_picked":["Feed","Bludgeon"],"picked":"Reaper","floor":17},{"not_picked":["Clothesline","Shockwave","Fire Breathing"],"picked":"SKIP","floor":19},{"not_picked":["Thunderclap","Body Slam","Wild Strike"],"picked":"SKIP","floor":20},{"not_picked":["Pommel Strike","Dark Embrace"],"picked":"Heavy Blade","floor":21},{"not_picked":["Carnage+1","Thunderclap"],"picked":"Heavy Blade","floor":21},{"not_picked":["Armaments+1","Power Through","Uppercut+1"],"picked":"SKIP","floor":22},{"not_picked":["Reckless Charge","Power Through","True Grit"],"picked":"SKIP","floor":24},{"not_picked":["Flame Barrier","Warcry"],"picked":"Anger+1","floor":26},{"not_picked":["Berserk","Wild Strike+1","Rampage+1"],"picked":"SKIP","floor":29},{"not_picked":["Anger","Power Through","Clothesline"],"picked":"SKIP","floor":30},{"not_picked":["Pommel Strike","Whirlwind","True Grit"],"picked":"SKIP","floor":32},{"not_picked":["Sword Boomerang","Second Wind","Cleave+1"],"picked":"SKIP","floor":36},{"not_picked":["Perfected Strike+1","Shrug It Off+1","Iron Wave+1"],"picked":"SKIP","floor":38},{"not_picked":["Cleave+1","Reckless Charge+1","Flame Barrier+1"],"picked":"SKIP","floor":40},{"not_picked":["Pommel Strike+1","Wild Strike+1","Reckless Charge"],"picked":"SKIP","floor":41},{"not_picked":["Heavy Blade+1","Thunderclap+1","Iron Wave"],"picked":"SKIP","floor":46},{"not_picked":["Cleave","Anger+1","Wild Strike+1"],"picked":"SKIP","floor":47},{"not_picked":["Armaments+1","Metallicize","Body Slam+1"],"picked":"SKIP","floor":49},{"not_picked":["Headbutt","Dropkick","Burning Pact"],"picked":"SKIP","floor":55}],"player_experience":106003,"relics_obtained":[{"floor":7,"key":"Smiling Mask"},{"floor":12,"key":"Potion Belt"},{"floor":15,"key":"Happy Flower"},{"floor":27,"key":"Pear"},{"floor":29,"key":"Thread and Needle"},{"floor":41,"key":"Ancient Tea Set"},{"floor":44,"key":"Art of War"},{"floor":55,"key":"Calipers"}],"event_choices":[{"cards_removed":["Strike_R"],"damage_healed":0.0,"max_hp_gain":0.0,"max_hp_loss":0.0,"gold_gain":0.0,"event_name":"Golden Wing","player_choice":"Card Removal","floor":2.0,"gold_loss":0.0,"damage_taken":7.0},{"damage_healed":0,"gold_gain":0,"player_choice":"Grow","damage_taken":0,"max_hp_gain":0,"max_hp_loss":0,"event_name":"Living Wall","floor":9,"gold_loss":0,"cards_upgraded":["Seeing Red"]},{"damage_healed":0,"gold_gain":0,"player_choice":"Opened","damage_taken":0,"relics_obtained":["InkBottle"],"max_hp_gain":0,"max_hp_loss":0,"event_name":"The Mausoleum","floor":23,"gold_loss":0},{"cards_removed":["Defend_R"],"damage_healed":0,"gold_gain":0,"player_choice":"Offered Basic","damage_taken":0,"max_hp_gain":0,"max_hp_loss":0,"event_name":"Bonfire Elementals","floor":37,"gold_loss":0}],"is_beta":false,"boss_relics":[{"not_picked":["Fusion Hammer","Cursed Key"],"picked":"Astrolabe"},{"not_picked":["Runic Dome","Velvet Choker"],"picked":"Mark of Pain"}],"items_purged_floors":[21,25,39,42],"is_endless":false,"potions_floor_spawned":[1,4,12,14,17,19,24,26,30,32,36,38,40,49,55],"killed_by":"The Heart","ascension_level":0}}