{"host":"9d9dhukr2jywmy0f","time":1613537074,"event":{"mods":["2.2 Compatiblity","Alarm Clock","BaseMod","Bestiary","Block Reminder","Colored Map","Colored Powertips","Curses Come First","DeckTracker","Highlight Path","Key Reminder","Minty Spire (QoL Compilation)","Quick Restart","Rare Cards Sparkle","Relic Sorter","Relic Stats","Reliquary","StSLib","SuperFastMode","Synergy Search","Unceasing Turn Reminder","Unknown Chances"],"gold_per_floor":[115,40,40,40,90,130,151,171,197,220,220,263,98,126,126,216,216,234,255,155,169,194,194,225,246,246,246,270,289,289,308,308,404,404,418,436,451,482,506,506,539,539,565,605,605,605,628,224,224,224,224,224,224,74,118,118],"floor_reached":57,"language":"ZHS","playtime":5044,"items_purged":["Strike_R","Limit Break","Whirlwind","Bash"],"score":3338,"play_id":"d638abf7-3a45-4c7a-9dfd-2b5fcc15ab17","local_time":"20210217124434","is_ascension_mode":true,"campfire_choices":[{"data":"Fire Breathing","floor":11.0,"key":"SMITH"},{"data":"Armaments","floor":15.0,"key":"SMITH"},{"data":"Entrench","floor":23.0,"key":"SMITH"},{"floor":27.0,"key":"REST"},{"data":"Barricade","floor":30.0,"key":"SMITH"},{"data":"Battle Trance","floor":32.0,"key":"SMITH"},{"data":"Battle Trance","floor":40.0,"key":"SMITH"},{"data":"Impervious","floor":42.0,"key":"SMITH"},{"floor":46.0,"key":"RECALL"},{"data":"Dark Embrace","floor":49.0,"key":"SMITH"},{"data":"Burning Pact","floor":53.0,"key":"SMITH"}],"circlet_count":0,"master_deck":["AscendersBane","Battle Trance+1","Fire Breathing+1","Ghostly Armor","Armaments+1","Fire Breathing+1","Body Slam","Barricade+1","Metallicize","Dark Embrace+1","Battle Trance+1","Entrench+1","Reckless Charge","Power Through","Burning Pact+1","Body Slam","Burning Pact","Entrench+1","Impervious+1","Feed","Disarm+1","Intimidate+1","Warcry+1"],"relics":["Burning Blood","NeowsBlessing","Golden Idol","Calipers","DollysMirror","Odd Mushroom","Pandora\u0027s Box","Ancient Tea Set","White Beast Statue","reliquary:RedPaperclip","Unceasing Top","Orichalcum","Du-Vu Doll","InkBottle","reliquary:RoseTintedGlasses"],"acts_visited":["Exordium","TheCity","TheBeyond","TheEnding"],"potions_floor_usage":[55,56,56,56,56],"damage_taken":[{"damage":0.0,"enemies":"2 Louse","floor":1.0,"turns":1.0},{"damage":0.0,"enemies":"Lagavulin","floor":6.0,"turns":1.0},{"damage":0.0,"enemies":"Jaw Worm","floor":7.0,"turns":1.0},{"damage":8.0,"enemies":"Small Slimes","floor":8.0,"turns":4.0},{"damage":6.0,"enemies":"3 Louse","floor":10.0,"turns":4.0},{"damage":5.0,"enemies":"3 Sentries","floor":12.0,"turns":4.0},{"damage":9.0,"enemies":"The Mushroom Lair","floor":14.0,"turns":5.0},{"damage":50.0,"enemies":"Hexaghost","floor":16.0,"turns":10.0},{"damage":15.0,"enemies":"Chosen","floor":18.0,"turns":4.0},{"damage":1.0,"enemies":"3 Byrds","floor":19.0,"turns":2.0},{"damage":10.0,"enemies":"Centurion and Healer","floor":21.0,"turns":4.0},{"damage":30.0,"enemies":"3 Cultists","floor":22.0,"turns":4.0},{"damage":0.0,"enemies":"Gremlin Leader","floor":24.0,"turns":5.0},{"damage":21.0,"enemies":"Shelled Parasite and Fungi","floor":25.0,"turns":8.0},{"damage":0.0,"enemies":"Snake Plant","floor":28.0,"turns":3.0},{"damage":14.0,"enemies":"Snecko","floor":29.0,"turns":8.0},{"damage":0.0,"enemies":"Sentry and Sphere","floor":31.0,"turns":6.0},{"damage":0.0,"enemies":"Collector","floor":33.0,"turns":7.0},{"damage":0.0,"enemies":"3 Shapes","floor":35.0,"turns":7.0},{"damage":16.0,"enemies":"Orb Walker","floor":36.0,"turns":4.0},{"damage":0.0,"enemies":"3 Darklings","floor":37.0,"turns":10.0},{"damage":0.0,"enemies":"Mind Bloom Boss Battle","floor":38.0,"turns":12.0},{"damage":0.0,"enemies":"Writhing Mass","floor":39.0,"turns":10.0},{"damage":0.0,"enemies":"Nemesis","floor":41.0,"turns":57.0},{"damage":0.0,"enemies":"Giant Head","floor":44.0,"turns":9.0},{"damage":0.0,"enemies":"Maw","floor":47.0,"turns":7.0},{"damage":0.0,"enemies":"Donu and Deca","floor":50.0,"turns":6.0},{"damage":0.0,"enemies":"Time Eater","floor":51.0,"turns":17.0},{"damage":0,"enemies":"Shield and Spear","floor":55,"turns":6},{"damage":2,"enemies":"The Heart","floor":56,"turns":8}],"seed_played":"3491117005602501232","potions_obtained":[{"floor":6.0,"key":"Weak Potion"},{"floor":7.0,"key":"ElixirPotion"},{"floor":12.0,"key":"LiquidBronze"},{"floor":21.0,"key":"Weak Potion"},{"floor":22.0,"key":"ElixirPotion"},{"floor":25.0,"key":"PowerPotion"},{"floor":28.0,"key":"Fruit Juice"},{"floor":29.0,"key":"ColorlessPotion"},{"floor":31.0,"key":"BloodPotion"},{"floor":33.0,"key":"ColorlessPotion"},{"floor":36.0,"key":"FearPotion"},{"floor":38.0,"key":"EntropicBrew"},{"floor":39.0,"key":"SneckoOil"},{"floor":41.0,"key":"Dexterity Potion"},{"floor":44.0,"key":"Block Potion"},{"floor":55,"key":"GamblersBrew"}],"is_trial":false,"path_per_floor":["M","$","?","?","?","E","M","M","T","M","R","E","$","?","R","B",null,"M","M","$","M","M","R","E","M","T","R","M","M","R","M","R","B",null,"M","M","M","?","M","R","E","R","T","E","?","R","M","$","R","B","B",null,"R","$","E","B",null],"character_chosen":"IRONCLAD","items_purchased":["DollysMirror","InkBottle"],"campfire_rested":1,"item_purchase_floors":[13,48],"current_hp_per_floor":[74,74,79,72,72,72,72,70,70,70,70,71,71,68,68,24,60,51,56,56,52,28,28,34,19,19,40,51,43,43,49,49,55,72,81,84,88,92,95,95,98,98,98,102,97,97,101,101,101,105,109,109,109,109,112,112],"gold":118,"neow_bonus":"THREE_ENEMY_KILL","is_daily":false,"chose_seed":false,"campfire_upgraded":9,"win_rate":0.0,"timestamp":1613537074,"path_taken":["M","$","?","?","?","E","M","?","T","M","R","E","$","?","R","BOSS","M","M","$","M","M","R","E","M","T","R","M","M","R","M","R","BOSS","M","M","M","?","M","R","E","R","T","E","?","R","M","$","R","BOSS","BOSS","R","$","E","BOSS"],"items_purchased_type":["Relic","Relic"],"build_version":"2020-12-22","purchased_purges":4,"victory":true,"max_hp_per_floor":[75,75,80,72,72,72,72,72,72,72,72,72,72,72,72,72,72,72,72,72,72,72,72,72,72,72,72,77,77,77,77,77,77,77,81,84,88,92,95,95,98,98,98,102,97,97,101,101,101,105,109,109,109,109,112,112],"relic_stats":{"counters":[30,234],"Golden Idol":223,"Pandora\u0027s Box":["Metallicize","Limit Break","Dark Embrace","Battle Trance","Entrench","Reckless Charge","Whirlwind","Power Through"],"Orichalcum":[0],"obtain_stats":[{"Calipers":12,"NeowsBlessing":0,"Happy Flower":9,"Golden Idol":4,"Odd Mushroom":14,"Orichalcum":41,"Ancient Tea Set":24,"Burning Blood":0,"White Beast Statue":26,"keyreminder:keyreminder":43,"Du-Vu Doll":44,"reliquary:RedPaperclip":34,"DollysMirror":13,"Tiny Chest":6,"Pandora\u0027s Box":17,"reliquary:RoseTintedGlasses":55,"Unceasing Top":38,"InkBottle":48},{"Calipers":6,"NeowsBlessing":0,"Happy Flower":4,"Golden Idol":1,"Odd Mushroom":7,"Orichalcum":24,"Ancient Tea Set":13,"Burning Blood":0,"White Beast Statue":14,"keyreminder:keyreminder":24,"Du-Vu Doll":25,"reliquary:RedPaperclip":18,"DollysMirror":6,"Tiny Chest":2,"Pandora\u0027s Box":8,"reliquary:RoseTintedGlasses":29,"Unceasing Top":22,"InkBottle":26},{"Calipers":15,"NeowsBlessing":0,"Happy Flower":7,"Golden Idol":1,"Odd Mushroom":20,"Orichalcum":181,"Ancient Tea Set":49,"Burning Blood":0,"White Beast Statue":57,"keyreminder:keyreminder":181,"Du-Vu Doll":190,"reliquary:RedPaperclip":81,"DollysMirror":15,"Tiny Chest":2,"Pandora\u0027s Box":30,"reliquary:RoseTintedGlasses":226,"Unceasing Top":114,"InkBottle":197}],"Burning Blood":101,"Unceasing Top":[0],"InkBottle":[11]},"card_choices":[{"not_picked":["Headbutt","Twin Strike"],"picked":"Battle Trance","floor":1.0},{"not_picked":["Thunderclap","Pummel"],"picked":"Fire Breathing","floor":6.0},{"not_picked":["Dropkick","Warcry"],"picked":"Ghostly Armor","floor":7.0},{"not_picked":["Heavy Blade","Thunderclap","Warcry"],"picked":"SKIP","floor":8.0},{"not_picked":["Sword Boomerang","Double Tap","Twin Strike"],"picked":"SKIP","floor":10.0},{"not_picked":["Evolve","Headbutt"],"picked":"Armaments","floor":12.0},{"not_picked":["Thunderclap","True Grit"],"picked":"Body Slam","floor":14.0},{"not_picked":["Corruption","Berserk"],"picked":"Barricade","floor":16.0},{"not_picked":["Havoc","Carnage"],"picked":"Burning Pact","floor":18.0},{"not_picked":["Perfected Strike","Anger+1","Clothesline+1"],"picked":"SKIP","floor":19.0},{"not_picked":["Sword Boomerang","Clash"],"picked":"Body Slam","floor":21.0},{"not_picked":["Flex+1","Pommel Strike","Infernal Blade"],"picked":"SKIP","floor":22.0},{"not_picked":["Heavy Blade","Warcry"],"picked":"Burning Pact","floor":24.0},{"not_picked":["Heavy Blade","Sword Boomerang+1"],"picked":"Entrench+1","floor":25.0},{"not_picked":["Seeing Red","Havoc"],"picked":"Impervious","floor":28.0},{"not_picked":["Anger+1","Sword Boomerang","Pommel Strike"],"picked":"SKIP","floor":29.0},{"not_picked":["Clothesline","Hemokinesis","Heavy Blade"],"picked":"SKIP","floor":31.0},{"not_picked":["Barricade","Reaper"],"picked":"Feed","floor":33.0},{"not_picked":["Armaments","Heavy Blade","Burning Pact"],"picked":"SKIP","floor":35.0},{"not_picked":["Iron Wave","Armaments"],"picked":"Disarm+1","floor":36.0},{"not_picked":["Rage+1","Combust"],"picked":"Intimidate+1","floor":37.0},{"not_picked":["Heavy Blade+1","Flame Barrier+1","Burning Pact"],"picked":"SKIP","floor":39.0},{"not_picked":["Anger+1","Armaments","Inflame"],"picked":"SKIP","floor":41.0},{"not_picked":["Warcry","Twin Strike","Headbutt"],"picked":"SKIP","floor":44.0},{"not_picked":["Shockwave","Armaments"],"picked":"Warcry+1","floor":47.0},{"not_picked":["Reaper","Armaments","Heavy Blade+1"],"picked":"SKIP","floor":55}],"player_experience":902812,"relics_obtained":[{"floor":6.0,"key":"Tiny Chest"},{"floor":9.0,"key":"Happy Flower"},{"floor":12.0,"key":"Calipers"},{"floor":14.0,"key":"Odd Mushroom"},{"floor":24.0,"key":"Ancient Tea Set"},{"floor":26.0,"key":"White Beast Statue"},{"floor":38.0,"key":"Unceasing Top"},{"floor":41.0,"key":"Orichalcum"},{"floor":44.0,"key":"Du-Vu Doll"},{"floor":55,"key":"reliquary:RoseTintedGlasses"}],"event_choices":[{"damage_healed":0.0,"max_hp_gain":5.0,"max_hp_loss":0.0,"gold_gain":0.0,"event_name":"Big Fish","player_choice":"Donut","floor":3.0,"gold_loss":0.0,"damage_taken":0.0},{"damage_healed":0.0,"max_hp_gain":0.0,"max_hp_loss":8.0,"gold_gain":0.0,"event_name":"Golden Idol","player_choice":"Lose Max HP","floor":4.0,"gold_loss":0.0,"damage_taken":0.0,"relics_obtained":["Golden Idol"]},{"damage_healed":0.0,"max_hp_gain":0.0,"max_hp_loss":0.0,"gold_gain":50.0,"event_name":"Golden Shrine","player_choice":"Pray","floor":5.0,"gold_loss":0.0,"damage_taken":0.0},{"damage_healed":0.0,"max_hp_gain":0.0,"max_hp_loss":0.0,"gold_gain":0.0,"event_name":"Mushrooms","player_choice":"Fought Mushrooms","floor":14.0,"gold_loss":0.0,"damage_taken":0.0},{"damage_healed":0.0,"max_hp_gain":0.0,"max_hp_loss":0.0,"gold_gain":0.0,"event_name":"MindBloom","player_choice":"Fight","floor":38.0,"gold_loss":0.0,"damage_taken":0.0},{"damage_healed":0.0,"max_hp_gain":0.0,"max_hp_loss":5.0,"gold_gain":0.0,"event_name":"Winding Halls","player_choice":"Max HP","floor":45.0,"gold_loss":0.0,"damage_taken":0.0}],"is_beta":false,"boss_relics":[{"not_picked":["Black Blood","Tiny House"],"picked":"Pandora\u0027s Box"},{"not_picked":["Empty Cage","Philosopher\u0027s Stone"],"picked":"reliquary:RedPaperclip"}],"items_purged_floors":[2,20,48,54],"is_endless":false,"potions_floor_spawned":[6,7,12,21,22,25,28,29,31,33,35,36,37,38,39,41,44,47,55],"ascension_level":20}}