{"host":"vyjryxuuuxkt43k4","time":1613548793,"event":{"mods":["AchievementEnabler","BaseMod","Colored Map","DeckTracker","Keyboard Shortcuts","Minty Spire (QoL Compilation)","Permanent Neow","Quick Restart","StSLib","SuperFastMode","everything is the same but u backflip on backflip"],"gold_per_floor":[112,131,142,142,161,161,161,161,161,179,205,205,223,251,251,328,328,342,342,342],"floor_reached":19,"language":"KOR","playtime":879,"items_purged":[],"score":358,"play_id":"d7b3bc93-ba01-4e1d-b04b-6c153a33ea04","local_time":"20210217165953","is_ascension_mode":true,"campfire_choices":[{"data":"Forethought","floor":6.0,"key":"SMITH"},{"data":"Seeing Red","floor":8.0,"key":"SMITH"},{"data":"Perfected Strike","floor":12.0,"key":"SMITH"},{"data":"Burning Pact","floor":15.0,"key":"SMITH"}],"circlet_count":0,"master_deck":["AscendersBane","Strike_R+1","Strike_R","Strike_R","Strike_R+1","Strike_R","Defend_R","Defend_R","Defend_R","Defend_R","Bash","Forethought+1","Perfected Strike+1","Seeing Red+1","Twin Strike","Shrug It Off","Burning Pact+1","Flame Barrier","Offering","Perfected Strike"],"relics":["Burning Blood","Tiny Chest","Pantograph","WingedGreaves","SacredBark"],"acts_visited":["Exordium","TheCity"],"potions_floor_usage":[19],"damage_taken":[{"damage":1.0,"enemies":"Cultist","floor":1.0,"turns":3.0},{"damage":9.0,"enemies":"Jaw Worm","floor":2.0,"turns":4.0},{"damage":1.0,"enemies":"Small Slimes","floor":3.0,"turns":4.0},{"damage":16.0,"enemies":"Exordium Thugs","floor":5.0,"turns":4.0},{"damage":11.0,"enemies":"Looter","floor":10.0,"turns":3.0},{"damage":31.0,"enemies":"3 Sentries","floor":11.0,"turns":12.0},{"damage":8.0,"enemies":"2 Fungi Beasts","floor":13.0,"turns":3.0},{"damage":20.0,"enemies":"Lagavulin","floor":14.0,"turns":5.0},{"damage":43.0,"enemies":"The Guardian","floor":16.0,"turns":12.0},{"damage":40,"enemies":"3 Byrds","floor":18,"turns":5},{"damage":32,"enemies":"Masked Bandits","floor":19,"turns":3}],"seed_played":"6667037292713575437","potions_obtained":[{"floor":2.0,"key":"SteroidPotion"},{"floor":10.0,"key":"ColorlessPotion"},{"floor":13.0,"key":"ColorlessPotion"},{"floor":16.0,"key":"Ancient Potion"}],"is_trial":false,"path_per_floor":["M","M","M","?","M","R","?","R","T","M","E","R","M","E","R","B",null,"M","?"],"character_chosen":"IRONCLAD","items_purchased":[],"campfire_rested":0,"item_purchase_floors":[],"current_hp_per_floor":[73,70,75,52,42,42,67,67,67,62,37,37,35,21,21,9,59,25,0,0],"gold":342,"neow_bonus":"RANDOM_COLORLESS","is_daily":false,"chose_seed":false,"campfire_upgraded":4,"win_rate":0.0,"timestamp":1613548793,"path_taken":["M","?","M","?","M","R","?","R","T","M","E","R","M","E","R","BOSS","M","?"],"items_purchased_type":[],"build_version":"2020-12-22","purchased_purges":0,"victory":false,"max_hp_per_floor":[75,75,75,75,75,75,75,75,75,75,75,75,75,75,75,75,75,75,75,75],"card_choices":[{"not_picked":["Purity","Jack Of All Trades"],"picked":"Forethought","floor":0.0},{"not_picked":["Pommel Strike","Armaments"],"picked":"Perfected Strike","floor":1.0},{"not_picked":["Warcry","Dark Embrace"],"picked":"Seeing Red","floor":2.0},{"not_picked":["Twin Strike","Flex","Anger"],"picked":"SKIP","floor":3.0},{"not_picked":["Flex","Anger"],"picked":"Twin Strike","floor":3.0},{"not_picked":["Heavy Blade","Flex"],"picked":"Shrug It Off","floor":5.0},{"not_picked":["Spot Weakness","Uppercut"],"picked":"Burning Pact","floor":10.0},{"not_picked":["Feel No Pain","Immolate"],"picked":"Flame Barrier","floor":11.0},{"not_picked":["Inflame","Anger","Headbutt"],"picked":"SKIP","floor":13.0},{"not_picked":["Havoc","Cleave","Hemokinesis"],"picked":"SKIP","floor":14.0},{"not_picked":["Fiend Fire","Corruption"],"picked":"Offering","floor":16.0},{"not_picked":["Bloodletting","Blood for Blood"],"picked":"Perfected Strike","floor":18}],"player_experience":1014943,"relics_obtained":[{"floor":9.0,"key":"Tiny Chest"},{"floor":11.0,"key":"Pantograph"},{"floor":14.0,"key":"WingedGreaves"}],"event_choices":[{"damage_healed":0.0,"max_hp_gain":0.0,"max_hp_loss":0.0,"gold_gain":0.0,"event_name":"Shining Light","player_choice":"Entered Light","floor":4.0,"gold_loss":0.0,"damage_taken":23.0,"cards_upgraded":["Strike_R","Strike_R"]},{"damage_healed":25.0,"max_hp_gain":0.0,"max_hp_loss":0.0,"gold_gain":0.0,"event_name":"Big Fish","player_choice":"Banana","floor":7.0,"gold_loss":0.0,"damage_taken":0.0},{"damage_healed":0,"gold_gain":0,"player_choice":"Fought Bandits","damage_taken":0,"max_hp_gain":0,"max_hp_loss":0,"event_name":"Masked Bandits","floor":19,"gold_loss":0}],"is_beta":false,"boss_relics":[{"not_picked":["Black Star","Fusion Hammer"],"picked":"SacredBark"}],"items_purged_floors":[],"is_endless":false,"potions_floor_spawned":[2,10,13,16],"killed_by":"Masked Bandits","ascension_level":20}}