{"host":"8d3fefv2347kqkpz","time":1613594283,"event":{"mods":["AchievementEnabler","Aspiration","BaseMod","Better Vampires","BetterRewards","Colored Map","Colored Powertips","Downfall","Emptier Cage","Highlight Path","Marked Mod","Minty Spire (QoL Compilation)","Permanent Neow","Quick Restart","Rare Cards Sparkle","Relic Stats","Say the Spire","Spicy Shops","StSLib","Waifu the Spire"],"gold_per_floor":[113,113,54,67,26,55,55,88,88,88,101,118,129,159,159,257,257,270,270,33,50,50,50,63,63,89,117,134,162,162,172,172,275,275,290,307,318,318,144,162,181,181,228,228,228,240,240,7,7,7,7,7,7,41,41,41],"floor_reached":55,"language":"ZHS","playtime":1755,"items_purged":["Strike_R","Defend_R","Strike_R","Strike_R","Strike_R","Defend_R","Sword Boomerang"],"score":752,"play_id":"42a05e0b-8ea6-4f25-b7a4-6e1a40263c52","local_time":"20210218043803","is_ascension_mode":false,"campfire_choices":[{"floor":7.0,"key":"REST"},{"floor":15,"key":"REST"},{"data":"Limit Break","floor":23,"key":"SMITH"},{"data":"Inflame","floor":25,"key":"SMITH"},{"floor":30,"key":"RECALL"},{"data":"Shockwave","floor":32,"key":"SMITH"},{"data":"Limit Break","floor":42,"key":"SMITH"},{"data":"Inflame","floor":44,"key":"SMITH"},{"data":"Power Through","floor":49,"key":"SMITH"},{"data":"Metallicize","floor":52,"key":"SMITH"}],"circlet_count":0,"master_deck":["Defend_R","Defend_R","Inflame+1","Whirlwind","Fire Breathing","Inflame+1","Shockwave+1","Evolve","Sword Boomerang+1","Reaper+1","Metallicize+1","Limit Break+1","Limit Break+1","Disarm+1","Limit Break+1","Burning Pact","Power Through+1","Battle Trance"],"relics":["Burning Blood","Membership Card","WingedGreaves","Vajra","Ice Cream","Molten Egg 2","Turnip","PreservedInsect","Runic Dome","Enchiridion","Oddly Smooth Stone","Potion Belt","Orichalcum","Mark of Pain","Brimstone","Akabeko"],"acts_visited":["Exordium","TheCity","TheBeyond","TheEnding"],"potions_floor_usage":[55],"damage_taken":[{"damage":9.0,"enemies":"Small Slimes","floor":1.0,"turns":3.0},{"damage":6.0,"enemies":"Jaw Worm","floor":4.0,"turns":3.0},{"damage":27.0,"enemies":"3 Sentries","floor":6.0,"turns":3.0},{"damage":16.0,"enemies":"Lagavulin","floor":8.0,"turns":5.0},{"damage":1.0,"enemies":"2 Louse","floor":11.0,"turns":2.0},{"damage":0.0,"enemies":"Lots of Slimes","floor":12.0,"turns":1.0},{"damage":11,"enemies":"2 Fungi Beasts","floor":13,"turns":4},{"damage":15,"enemies":"Gremlin Nob","floor":14,"turns":4},{"damage":0,"enemies":"Slime Boss","floor":16,"turns":7},{"damage":19,"enemies":"Shell Parasite","floor":18,"turns":5},{"damage":11,"enemies":"2 Thieves","floor":21,"turns":2},{"damage":15,"enemies":"Snake Plant","floor":24,"turns":4},{"damage":16,"enemies":"Gremlin Leader","floor":27,"turns":5},{"damage":15,"enemies":"3 Cultists","floor":28,"turns":4},{"damage":43,"enemies":"Slavers","floor":29,"turns":4},{"damage":15,"enemies":"Shelled Parasite and Fungi","floor":31,"turns":4},{"damage":24,"enemies":"Automaton","floor":33,"turns":6},{"damage":4,"enemies":"Orb Walker","floor":35,"turns":3},{"damage":11,"enemies":"3 Shapes","floor":36,"turns":3},{"damage":49,"enemies":"Spire Growth","floor":37,"turns":5},{"damage":0,"enemies":"Maw","floor":40,"turns":4},{"damage":5,"enemies":"Jaw Worm Horde","floor":41,"turns":2},{"damage":19,"enemies":"Spire Growth","floor":46,"turns":3},{"damage":42,"enemies":"Donu and Deca","floor":50,"turns":4},{"damage":96,"enemies":"Shield and Spear","floor":54,"turns":4},{"damage":80,"enemies":"The Heart","floor":55,"turns":3}],"seed_played":"5663316379484675407","potions_obtained":[{"floor":8.0,"key":"FairyPotion"},{"floor":11.0,"key":"ElixirPotion"},{"floor":12.0,"key":"Strength Potion"},{"floor":13,"key":"Swift Potion"},{"floor":14,"key":"PowerPotion"},{"floor":29,"key":"FearPotion"},{"floor":31,"key":"DuplicationPotion"}],"is_trial":false,"path_per_floor":["M","?","$","M","$","E","R","E","T","?","M","M","M","E","R","B",null,"M","?","$","M","?","R","M","R","T","E","M","E","R","M","R","B",null,"M","M","M","?","$","M","M","R","T","R","?","M","?","$","R","B",null,"R","$","E","B"],"character_chosen":"IRONCLAD","items_purchased":["Membership Card","Inflame","Whirlwind","Vajra","Inflame","Sword Boomerang","Shockwave","Oddly Smooth Stone","Brimstone","Burning Pact","Power Through"],"campfire_rested":2,"item_purchase_floors":[0,0,0,0,3,3,5,20,39,48,48],"current_hp_per_floor":[41,41,41,41,41,20,44,34,34,27,32,38,33,32,56,80,80,67,51,51,46,46,46,47,47,47,57,71,64,64,67,67,72,80,80,75,56,56,56,80,80,80,80,80,80,80,80,80,80,44,80,80,80,78,0,0],"gold":41,"neow_bonus":"","is_daily":false,"chose_seed":false,"campfire_upgraded":7,"win_rate":0.0,"timestamp":1613594283,"path_taken":["M","?","$","M","$","E","R","E","T","?","M","M","M","E","R","BOSS","M","?","$","M","?","R","M","R","T","E","M","E","R","M","R","BOSS","M","M","M","?","$","?","M","R","T","R","?","?","?","$","R","BOSS","R","$","E","BOSS"],"items_purchased_type":["Relic","Card","Card","Relic","Card","Card","Card","Relic","Relic","Card","Card"],"build_version":"2020-12-22","purchased_purges":7,"victory":false,"max_hp_per_floor":[80,80,80,80,80,80,80,80,80,80,80,80,80,80,80,80,80,80,80,80,80,80,80,80,80,80,80,80,80,80,80,80,80,80,80,80,80,80,80,80,80,80,80,80,80,80,80,80,80,80,80,80,80,80,80,80],"relic_stats":{"counters":[26,97],"Turnip":[13],"PreservedInsect":151,"Orichalcum":[54],"obtain_stats":[{"Ice Cream":6,"Potion Belt":26,"Vajra":0,"Enchiridion":19,"Oddly Smooth Stone":20,"Thread and Needle":0,"PreservedInsect":14,"Orichalcum":29,"Burning Blood":0,"Akabeko":43,"Runic Dome":17,"Brimstone":39,"Molten Egg 2":8,"WingedGreaves":0,"Turnip":10,"Mark of Pain":34,"Membership Card":0},{"Ice Cream":3,"Potion Belt":12,"Vajra":0,"Enchiridion":10,"Oddly Smooth Stone":10,"Thread and Needle":0,"PreservedInsect":8,"Orichalcum":15,"Burning Blood":0,"Akabeko":22,"Runic Dome":9,"Brimstone":20,"Molten Egg 2":4,"WingedGreaves":0,"Turnip":4,"Mark of Pain":17,"Membership Card":0},{"Ice Cream":9,"Potion Belt":43,"Vajra":0,"Enchiridion":37,"Oddly Smooth Stone":37,"Thread and Needle":0,"PreservedInsect":25,"Orichalcum":56,"Burning Blood":0,"Akabeko":83,"Runic Dome":32,"Brimstone":77,"Molten Egg 2":14,"WingedGreaves":0,"Turnip":14,"Mark of Pain":66,"Membership Card":0}],"Burning Blood":124},"card_choices":[{"not_picked":["Thunderclap","True Grit","Twin Strike"],"picked":"SKIP","floor":1.0},{"not_picked":["Headbutt","Twin Strike","Perfected Strike"],"picked":"SKIP","floor":4.0},{"not_picked":["Dark Embrace","Pummel","Perfected Strike"],"picked":"SKIP","floor":6.0},{"not_picked":["Combust","Thunderclap+1"],"picked":"Evolve","floor":8.0},{"not_picked":["Evolve","Wild Strike+1","Feel No Pain"],"picked":"SKIP","floor":11.0},{"not_picked":["Ghostly Armor","Second Wind"],"picked":"Sword Boomerang+1","floor":12.0},{"not_picked":["Warcry","Spot Weakness"],"picked":"Reaper+1","floor":13},{"not_picked":["Headbutt+1","Ghostly Armor"],"picked":"Metallicize","floor":14},{"not_picked":["Fiend Fire+1","Impervious"],"picked":"Limit Break","floor":16},{"not_picked":["Clothesline+1","Anger+1","Intimidate+1"],"picked":"SKIP","floor":18},{"not_picked":["Twin Strike+1","Burning Pact+1","Armaments"],"picked":"SKIP","floor":21},{"not_picked":["Spot Weakness","Warcry","Second Wind"],"picked":"SKIP","floor":24},{"not_picked":["Infernal Blade","Twin Strike+1","Headbutt+1"],"picked":"SKIP","floor":27},{"not_picked":["Blood for Blood+1","Pommel Strike+1","Heavy Blade+1"],"picked":"SKIP","floor":28},{"not_picked":["Cleave+1","Sword Boomerang+1","Clothesline+1"],"picked":"SKIP","floor":29},{"not_picked":["Sword Boomerang+1","Fire Breathing+1","Bludgeon+1"],"picked":"SKIP","floor":31},{"not_picked":["Impervious","Demon Form"],"picked":"Limit Break","floor":33},{"not_picked":["Anger+1","Cleave+1","Seeing Red+1"],"picked":"SKIP","floor":35},{"not_picked":["Ghostly Armor","Body Slam+1"],"picked":"Disarm+1","floor":36},{"not_picked":["Perfected Strike+1","Havoc+1","Iron Wave+1"],"picked":"SKIP","floor":37},{"not_picked":["Hemokinesis+1","Uppercut+1","Heavy Blade+1"],"picked":"SKIP","floor":40},{"not_picked":["Pummel+1","Anger+1","Dropkick+1"],"picked":"SKIP","floor":41},{"not_picked":["Twin Strike+1","Exhume","Sword Boomerang+1"],"picked":"SKIP","floor":46},{"not_picked":["Rampage+1","Battle Trance","Flex"],"picked":"SKIP","floor":54},{"not_picked":["Rampage+1","Flex"],"picked":"Battle Trance","floor":54}],"player_experience":458177,"relics_obtained":[{"floor":6.0,"key":"Ice Cream"},{"floor":8.0,"key":"Molten Egg 2"},{"floor":14,"key":"PreservedInsect"},{"floor":19,"key":"Enchiridion"},{"floor":26,"key":"Potion Belt"},{"floor":29,"key":"Orichalcum"},{"floor":43,"key":"Akabeko"}],"event_choices":[{"damage_healed":0.0,"max_hp_gain":0.0,"max_hp_loss":0.0,"gold_gain":0.0,"cards_transformed":["Bash"],"event_name":"Living Wall","player_choice":"Change","floor":2.0,"gold_loss":0.0,"damage_taken":0.0,"cards_obtained":["Fire Breathing"]},{"damage_healed":0.0,"max_hp_gain":0.0,"max_hp_loss":0.0,"gold_gain":0.0,"event_name":"Scrap Ooze","player_choice":"Success","floor":10.0,"gold_loss":0.0,"damage_taken":7.0,"relics_obtained":["Turnip"]},{"damage_healed":0,"gold_gain":0,"player_choice":"Obtained Book","damage_taken":16,"max_hp_gain":0,"max_hp_loss":0,"event_name":"Cursed Tome","floor":19,"gold_loss":0},{"damage_healed":0,"gold_gain":0,"player_choice":"Ignored","damage_taken":0,"max_hp_gain":0,"max_hp_loss":0,"event_name":"Vampires","floor":22,"gold_loss":0},{"damage_healed":0,"gold_gain":0,"player_choice":"Copied","damage_taken":0,"max_hp_gain":0,"max_hp_loss":0,"event_name":"Duplicator","floor":38,"gold_loss":0,"cards_obtained":["Limit Break"]},{"cards_removed":["Strike_R"],"damage_healed":0,"gold_gain":0,"player_choice":"Purged","damage_taken":0,"max_hp_gain":0,"max_hp_loss":0,"event_name":"Purifier","floor":45,"gold_loss":0},{"damage_healed":0,"gold_gain":0,"player_choice":"Memory 1","damage_taken":0,"max_hp_gain":0,"max_hp_loss":0,"event_name":"SensoryStone","floor":47,"gold_loss":0}],"is_beta":false,"boss_relics":[{"not_picked":["Cursed Key","Calling Bell"],"picked":"Runic Dome"},{"not_picked":["aspiration:WatcherSkillbook","Black Blood"],"picked":"Mark of Pain"}],"items_purged_floors":[0,0,0,20,20,39,48],"is_endless":false,"potions_floor_spawned":[8,11,12,13,14,18,21,29,31,36,40,41],"killed_by":"The Heart","ascension_level":0}}