{"host":"CottonTail234","time":1613521778,"event":{"mods":["BaseMod","Colored Map","Minty Spire (QoL Compilation)","StSLib"],"gold_per_floor":[112,126,51,64,64,64,75,86,86,112,12,12,66,89,89,183,183,208,233,49,72,90,90,5,5,32,70,90,90,115,135,135,135,135],"floor_reached":33,"language":"ENG","playtime":1862,"items_purged":["Injury","Strike_P"],"score":461,"play_id":"3d894b15-e9e3-4997-b8ce-f4eea54108a6","local_time":"20210216172938","is_ascension_mode":true,"campfire_choices":[{"data":"LessonLearned","floor":6.0,"key":"SMITH"},{"floor":15.0,"key":"REST"},{"floor":23,"key":"REST"},{"floor":25,"key":"DIG"},{"floor":32,"key":"REST"}],"circlet_count":0,"master_deck":["AscendersBane","Strike_P+1","Strike_P+1","Strike_P+1","Defend_P+1","Defend_P+1","Defend_P+1","Eruption+1","Vigilance+1","LessonLearned+1","TalkToTheHand+1","FlurryOfBlows","ThirdEye","CrushJoints+1","ClearTheMind","FlurryOfBlows+1","Blasphemy+1","Wireheading+1","ForeignInfluence+1","SpiritShield","ForeignInfluence+1","Consecrate","TalkToTheHand+1","Wallop","Indignation+1","TalkToTheHand","Crescendo","LikeWater","Protect","ThirdEye+1"],"relics":["PureWater","Mercury Hourglass","Dream Catcher","Golden Idol","SlaversCollar","DollysMirror","Shovel","Pocketwatch","PreservedInsect","Strawberry"],"acts_visited":["Exordium","TheCity"],"potions_floor_usage":[22,22,33],"damage_taken":[{"damage":5.0,"enemies":"Small Slimes","floor":1.0,"turns":7.0},{"damage":0.0,"enemies":"Cultist","floor":2.0,"turns":4.0},{"damage":8.0,"enemies":"2 Louse","floor":4.0,"turns":3.0},{"damage":11.0,"enemies":"Blue Slaver","floor":7.0,"turns":3.0},{"damage":0.0,"enemies":"Large Slime","floor":8.0,"turns":5.0},{"damage":20.0,"enemies":"3 Sentries","floor":10.0,"turns":6.0},{"damage":0.0,"enemies":"2 Fungi Beasts","floor":14.0,"turns":3.0},{"damage":34.0,"enemies":"The Guardian","floor":16.0,"turns":8.0},{"damage":0.0,"enemies":"Chosen","floor":18.0,"turns":3.0},{"damage":0.0,"enemies":"Shell Parasite","floor":19.0,"turns":4.0},{"damage":10,"enemies":"Shelled Parasite and Fungi","floor":21,"turns":7},{"damage":9,"enemies":"Snecko","floor":22,"turns":5},{"damage":20,"enemies":"Book of Stabbing","floor":27,"turns":4},{"damage":0,"enemies":"Cultist and Chosen","floor":28,"turns":4},{"damage":0,"enemies":"Centurion and Healer","floor":30,"turns":3},{"damage":4,"enemies":"Snecko","floor":31,"turns":6},{"damage":100008,"enemies":"Champ","floor":33,"turns":10}],"seed_played":"7893036258376307109","potions_obtained":[{"floor":4.0,"key":"Energy Potion"},{"floor":10.0,"key":"Dexterity Potion"},{"floor":16.0,"key":"Swift Potion"},{"floor":19.0,"key":"EssenceOfSteel"},{"floor":27,"key":"ColorlessPotion"}],"is_trial":false,"path_per_floor":["M","M","$","M","?","R","M","M","T","E","$","?","?","M","R","B",null,"M","M","$","M","M","R","?","R","T","E","M","?","M","M","R","B"],"character_chosen":"WATCHER","items_purchased":["DollysMirror","Wallop"],"campfire_rested":3,"item_purchase_floors":[20,20],"current_hp_per_floor":[56,56,56,48,48,48,37,37,37,17,17,17,17,17,35,1,48,48,48,48,38,29,47,47,47,47,34,34,34,34,30,51,0,0],"gold":135,"neow_bonus":"THREE_RARE_CARDS","is_daily":false,"chose_seed":false,"campfire_upgraded":1,"win_rate":0.0,"timestamp":1613521778,"path_taken":["M","M","$","M","?","R","M","?","T","E","?","?","?","M","R","BOSS","M","M","$","M","M","R","?","R","T","E","M","?","M","M","R","BOSS"],"items_purchased_type":["Relic","Card"],"build_version":"2020-12-18","purchased_purges":2,"victory":false,"max_hp_per_floor":[68,68,68,68,68,68,68,68,68,68,68,63,63,63,63,63,63,63,63,63,63,63,63,63,63,63,70,70,70,70,70,70,70,70],"card_choices":[{"not_picked":["Alpha","DeusExMachina"],"picked":"LessonLearned","floor":0.0},{"not_picked":["ThirdEye","WaveOfTheHand"],"picked":"TalkToTheHand","floor":1.0},{"not_picked":["Halt","Prostrate"],"picked":"FlurryOfBlows","floor":2.0},{"not_picked":["SandsOfTime","Prostrate"],"picked":"ThirdEye","floor":4.0},{"not_picked":["FlurryOfBlows","Evaluate"],"picked":"ClearTheMind","floor":7.0},{"not_picked":["EmptyFist","Protect"],"picked":"FlurryOfBlows","floor":8.0},{"not_picked":["WaveOfTheHand","CrushJoints"],"picked":"Blasphemy","floor":10.0},{"not_picked":["Evaluate","PathToVictory"],"picked":"Wireheading","floor":14.0},{"not_picked":["Ragnarok","Vengeance"],"picked":"ForeignInfluence","floor":15.0},{"not_picked":["Blasphemy","Judgement"],"picked":"SpiritShield","floor":16.0},{"not_picked":["Consecrate+1","Protect"],"picked":"ForeignInfluence+1","floor":18.0},{"not_picked":["SandsOfTime","Prostrate"],"picked":"Consecrate","floor":19.0},{"not_picked":["ReachHeaven","Protect"],"picked":"Indignation","floor":21},{"not_picked":["PathToVictory","Prostrate","EmptyMind"],"picked":"SKIP","floor":22},{"not_picked":["ReachHeaven","SandsOfTime"],"picked":"TalkToTheHand","floor":23},{"not_picked":["WaveOfTheHand","Wish"],"picked":"Crescendo","floor":27},{"not_picked":["ClearTheMind","ThirdEye"],"picked":"LikeWater","floor":28},{"not_picked":["Prostrate","BowlingBash"],"picked":"Protect","floor":30},{"not_picked":["Halt","PathToVictory+1"],"picked":"ThirdEye+1","floor":31}],"player_experience":2190897,"relics_obtained":[{"floor":9.0,"key":"Mercury Hourglass"},{"floor":10.0,"key":"Dream Catcher"},{"floor":25,"key":"Pocketwatch"},{"floor":26,"key":"PreservedInsect"},{"floor":27,"key":"Strawberry"}],"event_choices":[{"damage_healed":0.0,"max_hp_gain":0.0,"max_hp_loss":0.0,"gold_gain":0.0,"cards_transformed":["Defend_P"],"event_name":"Transmorgrifier","player_choice":"Transformed","floor":5.0,"gold_loss":0.0,"damage_taken":0.0,"cards_obtained":["CrushJoints"]},{"damage_healed":0.0,"max_hp_gain":0.0,"max_hp_loss":5.0,"gold_gain":0.0,"event_name":"Golden Idol","player_choice":"Lose Max HP","floor":12.0,"gold_loss":0.0,"damage_taken":0.0,"relics_obtained":["Golden Idol"]},{"damage_healed":0.0,"max_hp_gain":0.0,"max_hp_loss":0.0,"gold_gain":54.0,"event_name":"Golden Wing","player_choice":"Gained Gold","floor":13.0,"gold_loss":0.0,"damage_taken":0.0},{"damage_healed":0,"gold_gain":0,"player_choice":"Obtained Relic","damage_taken":0,"relics_obtained":["Shovel"],"max_hp_gain":0,"max_hp_loss":0,"event_name":"Addict","floor":24,"gold_loss":85},{"damage_healed":0,"gold_gain":0,"player_choice":"Simplicity","damage_taken":0,"max_hp_gain":0,"max_hp_loss":0,"event_name":"Back to Basics","floor":29,"gold_loss":0,"cards_upgraded":["Defend_P","Defend_P","Defend_P"]}],"is_beta":true,"boss_relics":[{"not_picked":["Snecko Eye","Ectoplasm"],"picked":"SlaversCollar"}],"items_purged_floors":[3,11],"is_endless":false,"potions_floor_spawned":[4,10,16,19,21,27],"killed_by":"Champ","ascension_level":14}}