{"host":"m8y8nvvez5gwh4s7","time":1613526126,"event":{"mods":["AchievementEnabler","BaseMod","Bestiary","Colored Map","Colored Powertips","Minty Spire (QoL Compilation)","Rare Cards Sparkle","Relic Stats","StSLib","Together in Spire"],"gold_per_floor":[119,119,134,150,161,188,207,207,207,239,257,269,269,283,283,386,386,402,327,344,354,354,365,400,52,52,68,68,84,118,134,134,230,230,240,260,276,128,0,0,18,28,28,63,78,78,78,109,109,109],"floor_reached":51,"language":"ENG","playtime":3991,"items_purged":[],"score":492,"play_id":"775dc579-653f-4bee-b080-ef1982f44f10","local_time":"20210216194206","is_ascension_mode":false,"campfire_choices":[{"floor":8.0,"key":"REST"},{"data":"Barricade","floor":13.0,"key":"SMITH"},{"data":"Offering","floor":15.0,"key":"SMITH"},{"data":"Demon Form","floor":28.0,"key":"SMITH"},{"data":"Double Tap","floor":32.0,"key":"SMITH"},{"data":"Bludgeon","floor":40.0,"key":"SMITH"},{"data":"Apotheosis","floor":46,"key":"SMITH"},{"data":"Rage","floor":49,"key":"SMITH"}],"circlet_count":0,"master_deck":["Strike_R+1","Strike_R+1","Strike_R+1","Defend_R+1","Defend_R+1","Defend_R+1","Defend_R+1","Bash","Barricade+1","Uppercut","Power Through","Headbutt","Pommel Strike","Offering+1","Rage+1","Heavy Blade","Sword Boomerang","Double Tap+1","Reaper","Cleave","Shrug It Off+1","Spot Weakness","Flex+1","Demon Form+1","Apotheosis+1","Flex+1","Power Through+1","Armaments","Flame Barrier+1","Bludgeon+1","Twin Strike+1","Twin Strike+1","Cleave","Parasite","Bloodletting+1","Sever Soul+1","Uppercut+1","Disarm","Headbutt+1"],"relics":["Burning Blood","Ancient Tea Set","Orichalcum","Vajra","Runic Dome","InkBottle","Lantern","Kunai","PreservedInsect","Runic Pyramid","Blood Vial","Red Mask","Mercury Hourglass","Bottled Flame","MealTicket"],"acts_visited":[],"potions_floor_usage":[45,50,50],"damage_taken":[{"damage":6.0,"enemies":"Jaw Worm","floor":1.0,"turns":2.0},{"damage":0.0,"enemies":"Cultist","floor":3.0,"turns":2.0},{"damage":2.0,"enemies":"2 Louse","floor":4.0,"turns":2.0},{"damage":16.0,"enemies":"Large Slime","floor":5.0,"turns":4.0},{"damage":22.0,"enemies":"3 Sentries","floor":6.0,"turns":4.0},{"damage":9.0,"enemies":"2 Fungi Beasts","floor":7.0,"turns":2.0},{"damage":6.0,"enemies":"Lagavulin","floor":10.0,"turns":3.0},{"damage":6.0,"enemies":"3 Louse","floor":11.0,"turns":1.0},{"damage":6.0,"enemies":"Blue Slaver","floor":12.0,"turns":2.0},{"damage":6.0,"enemies":"Looter","floor":14.0,"turns":1.0},{"damage":29.0,"enemies":"Hexaghost","floor":16.0,"turns":4.0},{"damage":6.0,"enemies":"Spheric Guardian","floor":18.0,"turns":2.0},{"damage":10.0,"enemies":"Shell Parasite","floor":20.0,"turns":2.0},{"damage":6.0,"enemies":"Chosen and Byrds","floor":21.0,"turns":2.0},{"damage":6.0,"enemies":"Cultist and Chosen","floor":23.0,"turns":2.0},{"damage":6.0,"enemies":"Book of Stabbing","floor":24.0,"turns":2.0},{"damage":2.0,"enemies":"Snecko","floor":27.0,"turns":3.0},{"damage":0.0,"enemies":"Snake Plant","floor":29.0,"turns":2.0},{"damage":9.0,"enemies":"Slavers","floor":30.0,"turns":4.0},{"damage":10.0,"enemies":"Centurion and Healer","floor":31.0,"turns":3.0},{"damage":22.0,"enemies":"Collector","floor":33.0,"turns":4.0},{"damage":10.0,"enemies":"Orb Walker","floor":35.0,"turns":3.0},{"damage":10.0,"enemies":"3 Shapes","floor":36.0,"turns":3.0},{"damage":6.0,"enemies":"3 Darklings","floor":37.0,"turns":2.0},{"damage":6.0,"enemies":"Writhing Mass","floor":41.0,"turns":4.0},{"damage":6.0,"enemies":"Spire Growth","floor":42.0,"turns":2.0},{"damage":16,"enemies":"Reptomancer","floor":44,"turns":5},{"damage":12,"enemies":"Maw","floor":45,"turns":4},{"damage":10,"enemies":"Giant Head","floor":48,"turns":4},{"damage":41,"enemies":"Awakened One","floor":50,"turns":5}],"seed_played":"2948686251190653257","potions_obtained":[{"floor":3.0,"key":"AttackPotion"},{"floor":4.0,"key":"Weak Potion"},{"floor":6.0,"key":"ColorlessPotion"},{"floor":7.0,"key":"BloodPotion"},{"floor":11.0,"key":"Swift Potion"},{"floor":12.0,"key":"SpeedPotion"},{"floor":29.0,"key":"DistilledChaos"},{"floor":30.0,"key":"CultistPotion"},{"floor":31.0,"key":"Ancient Potion"},{"floor":35.0,"key":"Ancient Potion"},{"floor":37.0,"key":"FairyPotion"},{"floor":41.0,"key":"LiquidMemories"},{"floor":45,"key":"AttackPotion"}],"is_trial":false,"path_per_floor":["M","?","M","M","M","E","M","R","T","E","M","M","R","M","R","B",null,"M","?","M","M","?","M","E","$","T","M","R","M","E","M","R","B",null,"M","M","M","$","?","R","M","M","T","E","M","R","?","E","R","B",null],"character_chosen":"IRONCLAD","items_purchased":["Apotheosis","Lantern","Blood Vial"],"campfire_rested":1,"item_purchase_floors":[25,25,38],"current_hp_per_floor":[80,80,80,80,70,54,67,80,80,80,80,80,80,80,80,57,80,80,80,76,76,76,76,80,80,80,80,80,80,77,73,73,70,80,76,72,72,72,72,72,74,76,76,70,66,66,66,80,80,45],"gold":109,"neow_bonus":"ONE_RANDOM_RARE_CARD","is_daily":false,"chose_seed":false,"campfire_upgraded":7,"win_rate":0.0,"timestamp":1613526126,"path_taken":["M","?","M","?","M","E","M","R","T","E","M","?","R","M","R","BOSS","M","?","M","M","?","M","E","$","T","M","R","M","E","M","R","BOSS","M","M","M","$","?","R","M","M","T","E","M","R","?","E","R","BOSS"],"items_purchased_type":["Card","Relic","Relic"],"build_version":"2020-12-22","purchased_purges":0,"victory":true,"max_hp_per_floor":[80,80,80,80,80,80,80,80,80,80,80,80,80,80,80,80,80,80,80,80,80,80,80,80,80,80,80,80,80,80,80,80,80,80,80,80,80,80,80,80,80,80,80,80,80,80,80,80,80,80],"relic_stats":{"Blood Vial":6,"counters":[4,18],"MealTicket":0,"PreservedInsect":184,"Kunai":[5],"Orichalcum":[30],"obtain_stats":[{"Lantern":0,"Vajra":0,"PreservedInsect":0,"Orichalcum":0,"Ancient Tea Set":0,"Burning Blood":0,"Mercury Hourglass":0,"Blood Vial":0,"Runic Dome":0,"Bottled Flame":44,"MealTicket":48,"Red Mask":0,"Kunai":0,"InkBottle":0,"Runic Pyramid":0},{"Lantern":0,"Vajra":0,"PreservedInsect":0,"Orichalcum":0,"Ancient Tea Set":0,"Burning Blood":0,"Mercury Hourglass":0,"Blood Vial":0,"Runic Dome":0,"Bottled Flame":1,"MealTicket":3,"Red Mask":0,"Kunai":0,"InkBottle":0,"Runic Pyramid":0},{"Lantern":0,"Vajra":0,"PreservedInsect":0,"Orichalcum":0,"Ancient Tea Set":0,"Burning Blood":0,"Mercury Hourglass":0,"Blood Vial":0,"Runic Dome":0,"Bottled Flame":5,"MealTicket":13,"Red Mask":0,"Kunai":0,"InkBottle":0,"Runic Pyramid":0}],"Burning Blood":24,"InkBottle":[6],"Mercury Hourglass":[84]},"card_choices":[{"not_picked":["Shrug It Off","Perfected Strike"],"picked":"Uppercut","floor":1.0},{"not_picked":["Fire Breathing","Disarm"],"picked":"Power Through","floor":3.0},{"not_picked":["Warcry","Dark Embrace"],"picked":"Headbutt","floor":4.0},{"not_picked":["Body Slam","Warcry"],"picked":"Pommel Strike","floor":5.0},{"not_picked":["Uppercut","Sever Soul"],"picked":"Offering","floor":6.0},{"not_picked":["Sever Soul","Metallicize"],"picked":"Rage","floor":7.0},{"not_picked":["Anger","Shrug It Off"],"picked":"Heavy Blade","floor":10.0},{"not_picked":["Body Slam","Clash"],"picked":"Sword Boomerang","floor":11.0},{"not_picked":["Iron Wave","Body Slam"],"picked":"Double Tap","floor":12.0},{"not_picked":["Body Slam","Searing Blow"],"picked":"Pommel Strike","floor":14.0},{"not_picked":["Barricade","Limit Break"],"picked":"Reaper","floor":16.0},{"not_picked":["Dark Embrace","Shrug It Off"],"picked":"Cleave","floor":18.0},{"not_picked":["Iron Wave","Clash"],"picked":"Shrug It Off+1","floor":20.0},{"not_picked":["Combust","Fire Breathing"],"picked":"Spot Weakness","floor":21.0},{"not_picked":["Infernal Blade","Anger+1"],"picked":"Flex+1","floor":23.0},{"not_picked":["Infernal Blade","Headbutt"],"picked":"Demon Form","floor":24.0},{"not_picked":["Clash","Sword Boomerang+1"],"picked":"Flex+1","floor":27.0},{"not_picked":["Warcry","True Grit"],"picked":"Power Through+1","floor":29.0},{"not_picked":["Clothesline","Anger"],"picked":"Armaments","floor":30.0},{"not_picked":["Pommel Strike","Carnage"],"picked":"Flame Barrier+1","floor":31.0},{"not_picked":["Double Tap","Limit Break"],"picked":"Bludgeon","floor":33.0},{"not_picked":["Armaments+1","Metallicize"],"picked":"Twin Strike+1","floor":35.0},{"not_picked":["Wild Strike+1","Flame Barrier+1"],"picked":"Twin Strike+1","floor":36.0},{"not_picked":["Thunderclap","Sword Boomerang"],"picked":"Cleave","floor":37.0},{"not_picked":["Rupture","Whirlwind"],"picked":"Bloodletting+1","floor":41.0},{"not_picked":["Berserk","Clash+1"],"picked":"Sever Soul+1","floor":42.0},{"not_picked":["Shrug It Off","Second Wind"],"picked":"Uppercut+1","floor":44},{"not_picked":["Fire Breathing+1","Power Through"],"picked":"Disarm","floor":45},{"not_picked":["Warcry","Dark Embrace+1"],"picked":"Headbutt+1","floor":48}],"player_experience":20295,"relics_obtained":[{"floor":6.0,"key":"Ancient Tea Set"},{"floor":9.0,"key":"Orichalcum"},{"floor":10.0,"key":"Vajra"},{"floor":24.0,"key":"InkBottle"},{"floor":26.0,"key":"Kunai"},{"floor":30.0,"key":"PreservedInsect"},{"floor":43.0,"key":"Mercury Hourglass"},{"floor":44,"key":"Bottled Flame"},{"floor":48,"key":"MealTicket"}],"event_choices":[{"cards_removed":["Strike_R"],"damage_healed":0.0,"max_hp_gain":0.0,"max_hp_loss":0.0,"gold_gain":0.0,"event_name":"Purifier","player_choice":"Purged","floor":2.0,"gold_loss":0.0,"damage_taken":0.0},{"cards_removed":["Strike_R"],"damage_healed":0.0,"max_hp_gain":0.0,"max_hp_loss":0.0,"gold_gain":0.0,"event_name":"Beggar","player_choice":"Gave Gold","floor":19.0,"gold_loss":75.0,"damage_taken":0.0},{"damage_healed":0.0,"max_hp_gain":0.0,"max_hp_loss":0.0,"gold_gain":0.0,"event_name":"Back to Basics","player_choice":"Simplicity","floor":22.0,"gold_loss":0.0,"damage_taken":0.0,"cards_upgraded":["Strike_R","Strike_R","Strike_R","Defend_R","Defend_R","Defend_R","Defend_R"]},{"damage_healed":0.0,"max_hp_gain":0.0,"max_hp_loss":0.0,"gold_gain":0.0,"event_name":"Tomb of Lord Red Mask","player_choice":"Paid","floor":39.0,"gold_loss":128.0,"damage_taken":0.0,"relics_obtained":["Red Mask"]},{"cards_removed":["Pommel Strike"],"damage_healed":0,"gold_gain":0,"player_choice":"Removed Attack","damage_taken":0,"max_hp_gain":0,"max_hp_loss":0,"event_name":"Falling","floor":47,"gold_loss":0}],"is_beta":false,"boss_relics":[{"not_picked":["Tiny House","Philosopher\u0027s Stone"],"picked":"Runic Dome"},{"not_picked":["Runic Cube","SlaversCollar"],"picked":"Runic Pyramid"}],"items_purged_floors":[],"is_endless":false,"potions_floor_spawned":[3,4,6,7,11,12,29,30,31,35,37,41,45,48],"ascension_level":0}}