{"host":"x4i48uok34n1rpsm","time":1613558169,"event":{"mods":["Aspiration","BaseMod","Better Third Choice","Colored Map","Highlight Path","Minty Spire (QoL Compilation)","Permanent Neow","Replay The Spire","StSLib","The Mystic"],"gold_per_floor":[119,119,135,146,166,196,196,222,222,222,222,9,22,55,55,159,159,170,193,181,35,46,73,92,92,92,126,137,164,243,265,265,375,375,399,408,408,283,342,376,376,415,415,438,463,287,310,327,327,327,327,327,35,62,62],"floor_reached":56,"language":"ENG","playtime":5489,"items_purged":["Burn","mysticmod:Defend_Mystic","ReplayTheSpireMod:Splinters","mysticmod:Defend_Mystic"],"score":1522,"play_id":"31fcfb8a-dbf6-4223-85e2-21066417d972","local_time":"20210217123609","is_ascension_mode":true,"campfire_choices":[{"data":"mysticmod:Daze","floor":7.0,"key":"SMITH"},{"floor":10.0,"key":"REST"},{"floor":15.0,"key":"DIG"},{"data":"mysticmod:SuddenClarity","floor":25.0,"key":"SMITH"},{"floor":32.0,"key":"REST"},{"floor":49,"key":"RECALL"},{"data":"mysticmod:Flurry","floor":52,"key":"SMITH"}],"circlet_count":0,"master_deck":["mysticmod:Strike_Mystic","mysticmod:Strike_Mystic","mysticmod:Strike_Mystic","mysticmod:Strike_Mystic","mysticmod:Defend_Mystic","mysticmod:Defend_Mystic","mysticmod:ArcaneDodge","mysticmod:ShockingGrasp","mysticmod:Probe","mysticmod:RapidCaster","mysticmod:Daze+1","mysticmod:Discipline","mysticmod:MightyMagic+1","mysticmod:SpellCombat+1","mysticmod:MightyMagic","mysticmod:HeavyStrike","mysticmod:SpellRecall","mysticmod:PureInstinct","mysticmod:SuddenClarity+1","mysticmod:DiviningBlow","mysticmod:SuddenClarity+1","mysticmod:PunishingArmor+1","mysticmod:Alacrity+1","mysticmod:Lunge+1","mysticmod:Flurry+1","Panacea+1","mysticmod:CureLightWounds+1","mysticmod:TomeOfSpells+1","mysticmod:PreparedCaster+1","mysticmod:BladedDash","mysticmod:FloatingDisk+1"],"relics":["mysticmod:SpellBook","aspiration:DSix","Thread and Needle","Nunchaku","Blue Candle","Vajra","Black Star","Tiny Chest","Toxic Egg 2","Replay:Towering Pillar of Hats","InkBottle","Mercury Hourglass","CeramicFish","Strawberry","Singing Bowl","Replay:Bronze Core","aspiration:FetidBarrel","aspiration:HatOfInfinitePower","aspiration:Lifesprig","aspiration:SeaSaltIceCream","SlaversCollar","Question Card","PreservedInsect","Blood Vial","Centennial Puzzle","Divine Protection","Boot","ClockworkSouvenir","Toy Ornithopter"],"acts_visited":["Exordium","TheCity","TheBeyond","TheEnding"],"potions_floor_usage":[50],"damage_taken":[{"damage":2.0,"enemies":"Jaw Worm","floor":1.0,"turns":4.0},{"damage":3.0,"enemies":"Small Slimes","floor":3.0,"turns":3.0},{"damage":3.0,"enemies":"Cultist","floor":4.0,"turns":3.0},{"damage":9.0,"enemies":"Lots of Slimes","floor":5.0,"turns":5.0},{"damage":16.0,"enemies":"3 Sentries","floor":6.0,"turns":9.0},{"damage":34.0,"enemies":"Gremlin Nob","floor":8.0,"turns":6.0},{"damage":0.0,"enemies":"2 Fungi Beasts","floor":13.0,"turns":4.0},{"damage":8.0,"enemies":"Replay:BlueRogue","floor":14.0,"turns":6.0},{"damage":0.0,"enemies":"Hexaghost","floor":16.0,"turns":9.0},{"damage":6.0,"enemies":"3 Byrds","floor":18.0,"turns":6.0},{"damage":6.0,"enemies":"2 Thieves","floor":20.0,"turns":4.0},{"damage":17.0,"enemies":"Snecko","floor":22.0,"turns":6.0},{"damage":13.0,"enemies":"Replay:Snechameleon","floor":23.0,"turns":9.0},{"damage":9.0,"enemies":"Centurion and Healer","floor":24.0,"turns":7.0},{"damage":0.0,"enemies":"Gremlin Leader","floor":27.0,"turns":9.0},{"damage":2.0,"enemies":"3 Cultists","floor":28.0,"turns":5.0},{"damage":11.0,"enemies":"Book of Stabbing","floor":29.0,"turns":6.0},{"damage":1.0,"enemies":"Snecko","floor":31.0,"turns":4.0},{"damage":33.0,"enemies":"Collector","floor":33.0,"turns":10.0},{"damage":0.0,"enemies":"Orb Walker","floor":35.0,"turns":2.0},{"damage":0.0,"enemies":"Mind Bloom Boss Battle","floor":39.0,"turns":5.0},{"damage":0.0,"enemies":"Nemesis","floor":40.0,"turns":7.0},{"damage":0.0,"enemies":"Giant Head","floor":42.0,"turns":6.0},{"damage":0.0,"enemies":"3 Darklings","floor":44.0,"turns":4.0},{"damage":18.0,"enemies":"Reptomancer","floor":45.0,"turns":4.0},{"damage":0.0,"enemies":"Spire Growth","floor":47.0,"turns":2.0},{"damage":0,"enemies":"Jaw Worm Horde","floor":48,"turns":4},{"damage":39,"enemies":"Time Eater","floor":50,"turns":12},{"damage":18,"enemies":"Shield and Spear","floor":54,"turns":3},{"damage":29,"enemies":"The Heart","floor":55,"turns":9}],"seed_played":"-8398414254639115790","potions_obtained":[{"floor":1.0,"key":"mysticmod:EssenceOfMagic"},{"floor":4.0,"key":"SpeedPotion"},{"floor":14.0,"key":"Elixir"},{"floor":16.0,"key":"ColorlessPotion"},{"floor":22.0,"key":"Strength Potion"},{"floor":23.0,"key":"LiquidBronze"},{"floor":24.0,"key":"Fire Potion"},{"floor":28.0,"key":"Elixir"},{"floor":29.0,"key":"Block Potion"},{"floor":30.0,"key":"CultistPotion"},{"floor":35.0,"key":"Reflective Coating"},{"floor":45.0,"key":"Swift Potion"}],"is_trial":false,"path_per_floor":["M","?","M","M","M","E","R","E","T","R","?","$","M","E","R_BF","B",null,"M","T","M","$","M","E","M","R","T","E","M","E","?","M","R","B",null,"M","?","T","$","?","E","?","E","T","M","E","$","M","M","R","B",null,"R","$","E","B",null],"character_chosen":"MYSTIC_CLASS","items_purchased":["mysticmod:SpellCombat+1","mysticmod:MightyMagic","mysticmod:SuddenClarity","mysticmod:BladedDash","Boot","ClockworkSouvenir"],"campfire_rested":2,"item_purchase_floors":[12,12,21,46,53,53],"current_hp_per_floor":[75,75,72,69,60,44,44,10,10,33,33,33,33,25,25,25,77,71,71,65,65,48,35,26,26,26,26,24,20,20,19,44,11,84,84,84,84,84,84,86,86,86,86,86,70,70,72,82,82,51,90,90,90,74,53],"gold":62,"neow_bonus":"DSIX","is_daily":false,"chose_seed":false,"campfire_upgraded":3,"win_rate":0.0,"timestamp":1613558169,"path_taken":["M","?","M","M","M","E","R","E","T","R","?","$","M","E","R_BF","BOSS","M","?","M","$","M","E","?","R","T","E","M","E","?","M","R","BOSS","M","?","?","$","?","E","?","E","T","M","E","$","M","M","R","BOSS","R","$","E","BOSS"],"items_purchased_type":["Card","Card","Card","Card","Relic","Relic"],"build_version":"2020-12-22","purchased_purges":4,"victory":true,"max_hp_per_floor":[77,77,77,77,77,77,77,77,77,77,77,77,77,77,77,77,77,77,77,77,77,77,77,77,77,77,77,77,84,84,84,84,84,84,84,84,84,84,84,86,86,86,86,86,88,88,88,90,90,90,90,90,90,92,92],"card_choices":[{"not_picked":["mysticmod:LightningBolt","mysticmod:DiviningBlow"],"picked":"mysticmod:Probe","floor":1.0},{"not_picked":["mysticmod:DiviningBlow","mysticmod:PureInstinct"],"picked":"mysticmod:RapidCaster","floor":3.0},{"not_picked":["mysticmod:TomeOfSpells","mysticmod:Fly"],"picked":"mysticmod:Daze","floor":4.0},{"not_picked":["mysticmod:SuddenClarity","mysticmod:PureInstinct"],"picked":"mysticmod:Discipline","floor":5.0},{"not_picked":["mysticmod:LightningBolt","mysticmod:PureInstinct","mysticmod:Disengage"],"picked":"SKIP","floor":6.0},{"not_picked":["mysticmod:DiviningBlow","mysticmod:MagicMissile"],"picked":"mysticmod:MightyMagic","floor":8.0},{"not_picked":["mysticmod:CorrosiveTouch","mysticmod:Probe"],"picked":"mysticmod:HeavyStrike","floor":13.0},{"not_picked":["mysticmod:IllusionOfCalm","mysticmod:LightningBolt","mysticmod:BulkUp"],"picked":"SKIP","floor":14.0},{"not_picked":["mysticmod:SpontaneousCaster","mysticmod:Doublecast"],"picked":"mysticmod:SpellRecall","floor":16.0},{"not_picked":["mysticmod:Riposte","mysticmod:Disengage+1","mysticmod:PureInstinct"],"picked":"SKIP","floor":18.0},{"not_picked":["mysticmod:PowerSlash","mysticmod:FiveFootStep+1"],"picked":"mysticmod:PureInstinct","floor":20.0},{"not_picked":["mysticmod:Disengage","mysticmod:EnergizedRift"],"picked":"mysticmod:DiviningBlow","floor":22.0},{"not_picked":["mysticmod:Probe","mysticmod:ComponentsPouch"],"picked":"mysticmod:SuddenClarity+1","floor":23.0},{"not_picked":["mysticmod:EarthenWall+1","mysticmod:PureInstinct+1","mysticmod:DiviningBlow"],"picked":"SKIP","floor":24.0},{"not_picked":["mysticmod:Natural20+1","mysticmod:Probe","mysticmod:PureInstinct+1"],"picked":"SKIP","floor":27.0},{"not_picked":["mysticmod:DiviningBlow","mysticmod:Disengage+1","mysticmod:Riposte"],"picked":"SKIP","floor":28.0},{"not_picked":["mysticmod:SpellCombat","mysticmod:IllusionOfCalm+1","mysticmod:KeenEdge+1"],"picked":"SKIP","floor":29.0},{"not_picked":["mysticmod:CorrosiveTouch+1","mysticmod:Riposte+1"],"picked":"mysticmod:PunishingArmor+1","floor":30.0},{"not_picked":["mysticmod:KeenEdge+1","mysticmod:VorpalThrust"],"picked":"mysticmod:Alacrity+1","floor":31.0},{"not_picked":["mysticmod:SpontaneousCaster","mysticmod:KnowledgePool+1"],"picked":"mysticmod:Lunge+1","floor":33.0},{"not_picked":["mysticmod:EnergizedRift+1","mysticmod:ComponentsPouch+1"],"picked":"mysticmod:Flurry","floor":35.0},{"not_picked":["Madness+1","Replay:Sssssssssstrike"],"picked":"Panacea+1","floor":36.0},{"not_picked":["mysticmod:Riposte","mysticmod:HeavyStrike+1"],"picked":"mysticmod:CureLightWounds+1","floor":39.0},{"not_picked":["mysticmod:EarthenWall+1","mysticmod:Shield+1","mysticmod:LightningBolt"],"picked":"Singing Bowl","floor":40.0},{"not_picked":["mysticmod:CureLightWounds+1","mysticmod:LightningBolt+1"],"picked":"mysticmod:TomeOfSpells+1","floor":42.0},{"not_picked":["mysticmod:CorrosiveTouch","mysticmod:BulkUp+1","mysticmod:Disengage+1"],"picked":"mysticmod:PreparedCaster+1","floor":44.0},{"not_picked":["mysticmod:CureLightWounds+1","mysticmod:MirrorEntity","mysticmod:Sideswipe","mysticmod:IllusionOfCalm+1"],"picked":"Singing Bowl","floor":45.0},{"not_picked":["mysticmod:Grease+1","mysticmod:Sideswipe+1","mysticmod:MirrorStrike+1"],"picked":"mysticmod:FloatingDisk+1","floor":47},{"not_picked":["mysticmod:Riposte","mysticmod:KeenEdge+1","mysticmod:CorrosiveTouch","mysticmod:Natural20+1"],"picked":"Singing Bowl","floor":48},{"not_picked":["mysticmod:TomeOfSpells+1","mysticmod:BulkUp+1","mysticmod:Natural20+1","mysticmod:Shield+1"],"picked":"Singing Bowl","floor":54}],"player_experience":300622,"relics_obtained":[{"floor":6.0,"key":"Thread and Needle"},{"floor":8.0,"key":"Nunchaku"},{"floor":14.0,"key":"Blue Candle"},{"floor":15.0,"key":"Vajra"},{"floor":23.0,"key":"Tiny Chest"},{"floor":23.0,"key":"Toxic Egg 2"},{"floor":26.0,"key":"Replay:Towering Pillar of Hats"},{"floor":27.0,"key":"InkBottle"},{"floor":27.0,"key":"Mercury Hourglass"},{"floor":29.0,"key":"CeramicFish"},{"floor":29.0,"key":"Strawberry"},{"floor":30.0,"key":"Singing Bowl"},{"floor":37.0,"key":"aspiration:FetidBarrel"},{"floor":39.0,"key":"aspiration:HatOfInfinitePower"},{"floor":40.0,"key":"aspiration:Lifesprig"},{"floor":40.0,"key":"aspiration:SeaSaltIceCream"},{"floor":42.0,"key":"Question Card"},{"floor":42.0,"key":"PreservedInsect"},{"floor":43.0,"key":"Blood Vial"},{"floor":45.0,"key":"Centennial Puzzle"},{"floor":45.0,"key":"Divine Protection"},{"floor":54,"key":"Toy Ornithopter"}],"event_choices":[{"damage_healed":75.0,"max_hp_gain":0.0,"max_hp_loss":77.0,"gold_gain":0.0,"event_name":"betterThird:BetterShining","player_choice":"Embrace Burn","floor":2.0,"gold_loss":0.0,"damage_taken":0.0},{"damage_healed":0.0,"max_hp_gain":0.0,"max_hp_loss":0.0,"gold_gain":0.0,"event_name":"Upgrade Shrine","player_choice":"Upgraded","floor":11.0,"gold_loss":0.0,"damage_taken":0.0,"cards_upgraded":["mysticmod:MightyMagic"]},{"damage_healed":0.0,"max_hp_gain":0.0,"max_hp_loss":0.0,"gold_gain":0.0,"event_name":"SensoryStone","player_choice":"Memory 1","floor":36.0,"gold_loss":0.0,"damage_taken":0.0},{"damage_healed":0.0,"max_hp_gain":0.0,"max_hp_loss":0.0,"gold_gain":0.0,"event_name":"MindBloom","player_choice":"Fight","floor":39.0,"gold_loss":0.0,"damage_taken":0.0},{"damage_healed":0.0,"max_hp_gain":0.0,"max_hp_loss":0.0,"gold_gain":0.0,"event_name":"Tomb of Lord Red Mask","player_choice":"Ignored","floor":41.0,"gold_loss":0.0,"damage_taken":0.0}],"is_beta":false,"boss_relics":[{"not_picked":["mysticmod:BlessedBook","aspiration:RandomNobGenerator"],"picked":"Black Star"},{"not_picked":["Philosopher\u0027s Stone","Velvet Choker"],"picked":"Replay:Bronze Core"}],"items_purged_floors":[12,21,38,46],"is_endless":false,"potions_floor_spawned":[1,4,14,16,22,23,24,28,29,35,45],"ascension_level":1}}