{"host":"8eqe2o2g03nh9rfw","time":1613587526,"event":{"mods":["AchievementEnabler","AlwaysNeverKeys","BaseMod","Better Third Choice","Block Reminder","Colored Map","Colored Powertips","GifTheSpireLib","Minty Spire (QoL Compilation)","Permanent Neow","Quick Restart","StSLib","Weighted Paths"],"gold_per_floor":[113,113,126,142,142,167,167,192,192,210,210,210],"floor_reached":11,"language":"ENG","playtime":625,"items_purged":[],"score":83,"play_id":"54195b97-5504-498b-9541-94b0d760d5f1","local_time":"20210217134526","is_ascension_mode":false,"campfire_choices":[{"floor":7,"key":"REST"}],"circlet_count":0,"master_deck":["Strike_R","Strike_R","Strike_R","Strike_R","Strike_R","Defend_R","Defend_R","Defend_R","Defend_R","Bash","Iron Wave","Flash of Steel","Bash","Brutality","Shrug It Off","Berserk","Fire Breathing","Rupture","Berserk"],"relics":["Burning Blood","Gambling Chip","Lizard Tail","Unceasing Top","Orichalcum","Calipers"],"acts_visited":["Exordium"],"potions_floor_usage":[],"damage_taken":[{"damage":2,"enemies":"Small Slimes","floor":1,"turns":4},{"damage":7,"enemies":"Cultist","floor":3,"turns":5},{"damage":1,"enemies":"2 Louse","floor":4,"turns":2},{"damage":42,"enemies":"Gremlin Nob","floor":6,"turns":5},{"damage":39,"enemies":"3 Sentries","floor":8,"turns":6},{"damage":26,"enemies":"Large Slime","floor":10,"turns":6},{"damage":39,"enemies":"Lagavulin","floor":11,"turns":5}],"seed_played":"3841744076935438102","potions_obtained":[{"floor":3,"key":"FearPotion"},{"floor":10,"key":"LiquidBronze"}],"is_trial":false,"path_per_floor":["M","?","M","M","?","E","R","E","T","M","E"],"character_chosen":"IRONCLAD","items_purchased":[],"campfire_rested":1,"item_purchase_floors":[],"current_hp_per_floor":[60,60,59,64,64,28,52,19,19,39,0,0],"gold":210,"neow_bonus":"ONE_RARE_RELIC","is_daily":false,"chose_seed":false,"campfire_upgraded":0,"win_rate":0.0,"timestamp":1613587526,"path_taken":["M","?","M","?","?","E","R","E","T","M","E"],"items_purchased_type":[],"build_version":"2020-12-22","purchased_purges":0,"victory":false,"max_hp_per_floor":[80,80,80,80,80,80,80,80,80,80,80,80],"card_choices":[{"not_picked":["Pommel Strike","Clothesline"],"picked":"Iron Wave","floor":1},{"not_picked":["Twin Strike","Heavy Blade"],"picked":"Shrug It Off","floor":3},{"not_picked":["Dual Wield","Searing Blow"],"picked":"Berserk","floor":4},{"not_picked":["Headbutt","Flame Barrier"],"picked":"Fire Breathing","floor":6},{"not_picked":["Body Slam","Heavy Blade"],"picked":"Rupture","floor":8},{"not_picked":["Clash","Twin Strike"],"picked":"Berserk","floor":10}],"player_experience":141027,"relics_obtained":[{"floor":6,"key":"Unceasing Top"},{"floor":8,"key":"Orichalcum"},{"floor":9,"key":"Calipers"}],"event_choices":[{"damage_healed":0,"gold_gain":0,"player_choice":"3 cards matched","damage_taken":0,"max_hp_gain":0,"max_hp_loss":0,"event_name":"Match and Keep!","floor":2,"gold_loss":0,"cards_obtained":["Flash of Steel","Bash","Brutality"]},{"damage_healed":0,"gold_gain":0,"player_choice":"Gave Potion","damage_taken":0,"relics_obtained":["Lizard Tail"],"max_hp_gain":0,"max_hp_loss":0,"event_name":"WeMeetAgain","floor":5,"gold_loss":0}],"is_beta":false,"boss_relics":[],"items_purged_floors":[],"is_endless":false,"potions_floor_spawned":[3,10],"killed_by":"Lagavulin","ascension_level":0}}