{"host":"5d2dv4eidwy7zgmv","time":1613573039,"event":{"mods":["100% Spire Juice","Act Like it!","BaseMod","CapriCore","Friendly Minions","Hallownest","Hermit","Lobotomy","LobotomyExtend","Luminous","Minty Spire (QoL Compilation)","Quick Restart","Robot Space Explorer","StSLib","The Bug Knight","The Immortal","Yakumo Yukari mod"],"gold_per_floor":[118,129,0,0,11,29,29,43,43,35,35,66,66,81,81,81,81],"floor_reached":16,"language":"ZHS","playtime":521,"items_purged":[],"score":102,"play_id":"38594e7d-7d33-4648-9ac8-f1efe5cb7ed6","local_time":"20210217224359","is_ascension_mode":false,"campfire_choices":[{"data":"HollowMod:ShadowDash","floor":11,"key":"SMITH"},{"data":"HollowMod:VengefulVoid","floor":15,"key":"SMITH"}],"circlet_count":1,"master_deck":["HollowMod:NailStrikeStart","HollowMod:NailStrikeStart","HollowMod:NailStrikeStart","HollowMod:NailStrikeStart","HollowMod:QuickDashStart","HollowMod:QuickDashStart","HollowMod:QuickDashStart","HollowMod:QuickDashStart+1","HollowMod:FocusHealStart","HollowMod:PogoStrike","CurseOfTheBell","HollowMod:FastStrike","HollowMod:ShadowDash+1","HollowMod:VengefulVoid","HollowMod:SharpenedShadows","HollowMod:VengefulVoid+1","HollowMod:DescendingDark","HollowMod:SiblingsSouls"],"relics":["Calling Bell","Orichalcum","Shovel","Gremlin Horn","LetterFromLob","Hallownest:BankAccountRelic","Hallownest:DreamNailRelic","Bottled Flame","Pen Nib","Circlet"],"acts_visited":["Hallownest:Greenpath"],"potions_floor_usage":[16],"damage_taken":[{"damage":1,"enemies":"Hallownest:monsterHuskGuard","floor":1,"turns":3},{"damage":0,"enemies":"Hallownest:monsterHuskWarrior","floor":2,"turns":3},{"damage":1,"enemies":"Hallownest:2_Baldur","floor":5,"turns":2},{"damage":20,"enemies":"Hallownest:Guard_and_Warrior","floor":6,"turns":4},{"damage":0,"enemies":"Hallownest:monsterMossCharger","floor":8,"turns":4},{"damage":14,"enemies":"Hallownest:eliteMossKnight","floor":12,"turns":9},{"damage":10,"enemies":"Hallownest:1_Ooma_and_2_Uuma","floor":14,"turns":4},{"damage":32,"enemies":"Hallownest:BossBrokenVessel","floor":16,"turns":7}],"seed_played":"2591470039374318522","potions_obtained":[{"floor":2,"key":"Explosive Potion"},{"floor":6,"key":"LiquidBronze"},{"floor":14,"key":"FearPotion"}],"is_trial":false,"path_per_floor":["M","M","?","?","M","M","?","M","T","$","R","E","?","M","R","B"],"character_chosen":"THE_BUGKNIGHT","items_purchased":["HollowMod:VengefulVoid"],"campfire_rested":0,"item_purchase_floors":[10],"current_hp_per_floor":[74,74,74,74,73,53,53,53,53,53,53,39,39,29,29,0,0],"gold":81,"neow_bonus":"BOSS_RELIC","is_daily":false,"chose_seed":false,"campfire_upgraded":2,"win_rate":0.0,"timestamp":1613573039,"path_taken":["M","?","?","?","M","M","?","M","T","$","R","E","?","?","R","BOSS"],"items_purchased_type":["Card"],"build_version":"2020-12-22","purchased_purges":0,"victory":false,"max_hp_per_floor":[75,75,75,75,75,75,75,75,75,75,75,75,75,75,75,75,75],"card_choices":[{"not_picked":["HollowMod:GreatSlash","HollowMod:DoubleDash"],"picked":"HollowMod:FastStrike","floor":1},{"not_picked":["HollowMod:CrystalDash","HollowMod:SharpenedNail"],"picked":"HollowMod:ShadowDash","floor":2},{"not_picked":["HollowMod:MidwifesHunger","HollowMod:DreamGate","HollowMod:CycloneSlash"],"picked":"SKIP","floor":5},{"not_picked":["HollowMod:SharpenedNail","HollowMod:CycloneSlash"],"picked":"HollowMod:VengefulVoid","floor":6},{"not_picked":["HollowMod:TaintedHusks","HollowMod:InfectedAttack"],"picked":"HollowMod:SharpenedShadows","floor":8},{"not_picked":["HollowMod:TaintedHusks","HollowMod:SlysStrikes"],"picked":"HollowMod:DescendingDark","floor":12},{"not_picked":["HollowMod:MonarchWings","HollowMod:SoulEater"],"picked":"HollowMod:SiblingsSouls","floor":14}],"player_experience":66282,"relics_obtained":[{"floor":0,"key":"Orichalcum"},{"floor":0,"key":"Shovel"},{"floor":0,"key":"Gremlin Horn"},{"floor":1,"key":"LetterFromLob"},{"floor":9,"key":"Bottled Flame"},{"floor":12,"key":"Pen Nib"}],"event_choices":[],"is_beta":false,"boss_relics":[],"items_purged_floors":[],"is_endless":false,"potions_floor_spawned":[2,6,14],"killed_by":"Hallownest:BossBrokenVessel","ascension_level":0}}