{"host":"fuszjwm6fqgjjp4d","time":1613540418,"event":{"mods":["BaseMod","Colored Map","Minty Spire (QoL Compilation)","Permanent Neow","Relic Sorter","Relic Stats","StSLib"],"gold_per_floor":[118,43,54,54,54,85,104,120,120,149,162,191,191,205,205,280,330,349,66,66,66,66,66,66],"floor_reached":23,"language":"ENG","playtime":469,"items_purged":[],"score":468,"play_id":"79d535ec-4ad5-4678-8feb-d5178540b4f8","local_time":"20210216234018","is_ascension_mode":true,"campfire_choices":[{"data":"Defragment","floor":13.0,"key":"SMITH"},{"data":"Lockon","floor":15.0,"key":"SMITH"}],"circlet_count":0,"master_deck":["AscendersBane","Strike_B+1","Strike_B","Strike_B","Defend_B","Defend_B","Defend_B","Defend_B","Zap","Dualcast","Sunder","Ball Lightning","Sweeping Beam","FTL","Lockon+1","Defragment+1","Self Repair","Echo Form","Hologram","Consume","Self Repair"],"relics":["Cracked Core","NeowsBlessing","Mercury Hourglass","Blood Vial","Gremlin Horn","Art of War","Turnip","Tiny House","Runic Capacitor"],"acts_visited":["Exordium","TheCity"],"potions_floor_usage":[],"damage_taken":[{"damage":0.0,"enemies":"Cultist","floor":1.0,"turns":1.0},{"damage":0.0,"enemies":"Small Slimes","floor":3.0,"turns":1.0},{"damage":0.0,"enemies":"Gremlin Nob","floor":6.0,"turns":1.0},{"damage":0.0,"enemies":"2 Louse","floor":7.0,"turns":1.0},{"damage":2.0,"enemies":"2 Fungi Beasts","floor":8.0,"turns":2.0},{"damage":5.0,"enemies":"3 Sentries","floor":10.0,"turns":4.0},{"damage":3.0,"enemies":"Blue Slaver","floor":11.0,"turns":3.0},{"damage":8.0,"enemies":"Gremlin Nob","floor":12.0,"turns":3.0},{"damage":4.0,"enemies":"Exordium Wildlife","floor":14.0,"turns":2.0},{"damage":26.0,"enemies":"Hexaghost","floor":16.0,"turns":7.0},{"damage":0.0,"enemies":"Chosen","floor":18.0,"turns":4.0},{"damage":82,"enemies":"Slavers","floor":23,"turns":4}],"seed_played":"-3411005571920297872","potions_obtained":[{"floor":6.0,"key":"Weak Potion"},{"floor":7.0,"key":"PowerPotion"},{"floor":11.0,"key":"FearPotion"},{"floor":12.0,"key":"BlessingOfTheForge"},{"floor":16.0,"key":"PotionOfCapacity"},{"floor":17.0,"key":"FairyPotion"}],"is_trial":false,"path_per_floor":["M","?","M","?","?","E","M","M","T","E","M","E","R","M","R","B",null,"M","$","?","?","?","E"],"character_chosen":"DEFECT","items_purchased":["Runic Capacitor","Consume","Self Repair"],"campfire_rested":0,"item_purchase_floors":[19,19,19],"current_hp_per_floor":[64,64,64,38,38,38,40,40,40,37,36,30,30,28,28,11,61,63,63,63,41,41,0,0],"gold":66,"neow_bonus":"THREE_ENEMY_KILL","is_daily":false,"chose_seed":false,"campfire_upgraded":2,"win_rate":0.0,"timestamp":1613540418,"path_taken":["M","?","M","?","?","E","M","M","T","E","M","E","R","M","R","BOSS","M","$","?","?","?","E"],"items_purchased_type":["Relic","Card","Card"],"build_version":"2020-12-22","purchased_purges":0,"victory":false,"max_hp_per_floor":[71,71,71,71,71,71,71,71,71,71,71,71,71,71,71,71,76,76,76,76,81,81,81,81],"relic_stats":{"Blood Vial":18,"Gremlin Horn":[5,5],"counters":[12,32],"Turnip":[0],"Art of War":[2],"obtain_stats":[{"Blood Vial":6,"Tiny House":17,"NeowsBlessing":0,"Gremlin Horn":9,"Turnip":12,"Art of War":10,"Runic Capacitor":19,"Cracked Core":0,"Mercury Hourglass":4},{"Blood Vial":3,"Tiny House":10,"NeowsBlessing":0,"Gremlin Horn":5,"Turnip":8,"Art of War":6,"Runic Capacitor":11,"Cracked Core":0,"Mercury Hourglass":2},{"Blood Vial":3,"Tiny House":24,"NeowsBlessing":0,"Gremlin Horn":6,"Turnip":15,"Art of War":9,"Runic Capacitor":28,"Cracked Core":0,"Mercury Hourglass":2}],"Mercury Hourglass":[131]},"card_choices":[{"not_picked":["Leap","Streamline"],"picked":"Sunder","floor":1.0},{"not_picked":["Go for the Eyes","Streamline"],"picked":"Ball Lightning","floor":3.0},{"not_picked":["Turbo","Redo"],"picked":"Sweeping Beam","floor":6.0},{"not_picked":["Sweeping Beam","Beam Cell"],"picked":"FTL","floor":7.0},{"not_picked":["Loop","Streamline"],"picked":"Lockon","floor":8.0},{"not_picked":["Machine Learning","Fusion"],"picked":"Defragment","floor":10.0},{"not_picked":["Melter","Sweeping Beam","Undo"],"picked":"SKIP","floor":11.0},{"not_picked":["Melter","Sweeping Beam","Undo"],"picked":"SKIP","floor":11.0},{"not_picked":["Double Energy","Stack"],"picked":"Self Repair","floor":12.0},{"not_picked":["Stack","FTL","Force Field"],"picked":"SKIP","floor":14.0},{"not_picked":["Hyperbeam","Fission"],"picked":"Echo Form","floor":16.0},{"not_picked":["Rebound","Streamline"],"picked":"Hologram","floor":17.0},{"not_picked":["Steam","Genetic Algorithm","Scrape"],"picked":"SKIP","floor":18.0}],"player_experience":1490114,"relics_obtained":[{"floor":6.0,"key":"Blood Vial"},{"floor":9.0,"key":"Gremlin Horn"},{"floor":10.0,"key":"Art of War"},{"floor":12.0,"key":"Turnip"}],"event_choices":[{"cards_removed":["Strike_B"],"damage_healed":0.0,"max_hp_gain":0.0,"max_hp_loss":0.0,"gold_gain":0.0,"event_name":"The Cleric","player_choice":"Card Removal","floor":2.0,"gold_loss":75.0,"damage_taken":0.0},{"damage_healed":0.0,"max_hp_gain":0.0,"max_hp_loss":0.0,"gold_gain":0.0,"event_name":"Scrap Ooze","player_choice":"Success","floor":4.0,"gold_loss":0.0,"damage_taken":26.0,"relics_obtained":["Mercury Hourglass"]},{"damage_healed":0.0,"max_hp_gain":0.0,"max_hp_loss":0.0,"gold_gain":0.0,"event_name":"Liars Game","player_choice":"Ignored","floor":5.0,"gold_loss":0.0,"damage_taken":0.0},{"damage_healed":0.0,"max_hp_gain":0.0,"max_hp_loss":0.0,"gold_gain":0.0,"event_name":"Vampires","player_choice":"Ignored","floor":20.0,"gold_loss":0.0,"damage_taken":0.0},{"damage_healed":0.0,"max_hp_gain":5.0,"max_hp_loss":0.0,"gold_gain":0.0,"event_name":"Forgotten Altar","player_choice":"Shed Blood","floor":21.0,"gold_loss":0.0,"damage_taken":27.0},{"damage_healed":0.0,"max_hp_gain":0.0,"max_hp_loss":0.0,"gold_gain":0.0,"event_name":"The Mausoleum","player_choice":"Ignored","floor":22.0,"gold_loss":0.0,"damage_taken":0.0}],"is_beta":false,"boss_relics":[{"not_picked":["Empty Cage","Ectoplasm"],"picked":"Tiny House"}],"items_purged_floors":[],"is_endless":false,"potions_floor_spawned":[6,7,11,12,16],"killed_by":"Slavers","ascension_level":20}}