{"host":"n1v11un6j7y72mz7","time":1613561906,"event":{"mods":["Act Like it!","BaseMod","Downfall","Minty Spire (QoL Compilation)","Reliquary","StSLib","The Animator","Waifu the Spire"],"gold_per_floor":[111,111,36,54,72,72,92,92,92,107,127,127,127,127,127,168,168,202,202,202,327,327,341,341,354,369,26,49,49,49,49],"floor_reached":29,"language":"ZHS","playtime":982,"items_purged":["Pain","bronze:Strike"],"score":273,"play_id":"3bfff344-f95f-4abc-8c6e-ea03bab1499d","local_time":"20210217193826","is_ascension_mode":true,"campfire_choices":[{"data":"bronze:Goto","floor":8,"key":"SMITH"},{"data":"bronze:Replicate","floor":15,"key":"SMITH"},{"data":"bronze:Backtrace","floor":17,"key":"SMITH"},{"data":"bronze:Mutator","floor":20,"key":"SMITH"}],"circlet_count":0,"master_deck":["bronze:Strike","bronze:Defend","bronze:Defend","bronze:Defend","bronze:Defend","bronze:Replicate+1","bronze:Goto+1","bronze:WhirlingStrike","bronze:Fortify","bronze:Boost","bronze:Backtrace+1","bronze:Iterate","bronze:Mutator+1","bronze:CleanCode","bronze:Branch","bronze:DelayedSlice+1","bronze:NullPointer+1"],"relics":["bronze:BronzeCore","NeowsBlessing","WarpedTongs","Golden Idol","Bottled Flame","Art of War","reliquary:Spinner","Pear","Black Star","reliquary:Knoch"],"acts_visited":["Exordium","TheCity"],"potions_floor_usage":[16,21,27,29,29],"damage_taken":[{"damage":0,"enemies":"Small Slimes","floor":1,"turns":1},{"damage":0,"enemies":"Cultist","floor":4,"turns":1},{"damage":0,"enemies":"Jaw Worm","floor":5,"turns":1},{"damage":7,"enemies":"3 Louse","floor":7,"turns":2},{"damage":10,"enemies":"Looter","floor":10,"turns":2},{"damage":0,"enemies":"Red Slaver","floor":11,"turns":3},{"damage":0,"enemies":"Gremlin Nob","floor":16,"turns":3},{"damage":6,"enemies":"Lagavulin","floor":18,"turns":4},{"damage":23,"enemies":"The Guardian","floor":21,"turns":10},{"damage":3,"enemies":"Chosen","floor":23,"turns":6},{"damage":2,"enemies":"3 Byrds","floor":25,"turns":5},{"damage":11,"enemies":"Cultist and Chosen","floor":26,"turns":6},{"damage":2,"enemies":"Snake Plant","floor":28,"turns":4},{"damage":62,"enemies":"Gremlin Leader","floor":29,"turns":5}],"seed_played":"-3199080018489568572","potions_obtained":[{"floor":4,"key":"Swift Potion"},{"floor":10,"key":"Ancient Potion"},{"floor":11,"key":"DistilledChaos"},{"floor":16,"key":"SpeedPotion"},{"floor":25,"key":"AttackPotion"},{"floor":28,"key":"bronze:BurnAndBuffPotion"}],"is_trial":false,"path_per_floor":["M","?","$","M","M","?","M","R","?","M","M","T","T","?","R","E","R","E","?","R","B",null,"M","?","M","M","$","M","E"],"character_chosen":"THE_AUTOMATON","items_purchased":["reliquary:Knoch","Fruit Juice"],"campfire_rested":0,"item_purchase_floors":[27,27],"current_hp_per_floor":[70,70,70,70,70,65,58,58,51,41,41,41,41,41,41,41,41,45,45,45,22,75,72,72,70,59,64,62,0,0,0],"gold":49,"neow_bonus":"THREE_ENEMY_KILL","is_daily":false,"chose_seed":false,"campfire_upgraded":4,"win_rate":0.0,"timestamp":1613561906,"path_taken":["M","?","$","?","M","?","M","R","?","M","M","T","T","?","R","E","R","E","?","R","BOSS","M","?","M","M","$","M","E"],"items_purchased_type":["Relic","Potion"],"build_version":"2020-12-22","purchased_purges":2,"victory":false,"max_hp_per_floor":[70,70,70,70,70,65,65,65,65,65,65,65,65,65,65,65,65,75,75,75,75,75,75,75,75,75,80,80,80,80,80],"card_choices":[{"not_picked":["bronze:Deprecate","bronze:BitShift"],"picked":"bronze:WhirlingStrike","floor":1},{"not_picked":["bronze:Refactor","bronze:Backtrace"],"picked":"bronze:Fortify","floor":4},{"not_picked":["bronze:ForLoop","bronze:WhirlingStrike","bronze:Invalidate"],"picked":"SKIP","floor":5},{"not_picked":["bronze:DarkDash","bronze:DigitalCarnage","bronze:Frontload"],"picked":"SKIP","floor":7},{"not_picked":["bronze:InfiniteBeams","bronze:Iterate"],"picked":"bronze:Boost","floor":10},{"not_picked":["bronze:CloningBeam","bronze:Terminator"],"picked":"bronze:Backtrace","floor":11},{"not_picked":["bronze:ClassDefault","bronze:Invalidate","bronze:Shield"],"picked":"SKIP","floor":16},{"not_picked":["bronze:WhirlingStrike","bronze:ForceShield"],"picked":"bronze:Mutator","floor":18},{"not_picked":["bronze:Assembly","bronze:Virus"],"picked":"bronze:CleanCode","floor":21},{"not_picked":["bronze:BitShift+1","bronze:DelayedSlice"],"picked":"bronze:Branch","floor":23},{"not_picked":["bronze:Backtrace","bronze:FollowUp"],"picked":"bronze:DelayedSlice+1","floor":25},{"not_picked":["bronze:WildBeam","bronze:Deprecate"],"picked":"bronze:NullPointer+1","floor":26},{"not_picked":["bronze:FollowUp","bronze:Branch","bronze:BugBarrage"],"picked":"SKIP","floor":28}],"player_experience":193433,"relics_obtained":[{"floor":12,"key":"Bottled Flame"},{"floor":13,"key":"Art of War"},{"floor":16,"key":"reliquary:Spinner"},{"floor":18,"key":"Pear"}],"event_choices":[{"damage_healed":0,"gold_gain":0,"player_choice":"Lose Max HP","damage_taken":0,"relics_obtained":["Golden Idol"],"max_hp_gain":0,"max_hp_loss":5,"event_name":"Golden Idol","floor":6,"gold_loss":0},{"cards_removed":["bronze:Strike"],"damage_healed":0,"gold_gain":0,"player_choice":"Card Removal","damage_taken":7,"max_hp_gain":0,"max_hp_loss":0,"event_name":"Golden Wing","floor":9,"gold_loss":0},{"damage_healed":0,"gold_gain":0,"cards_transformed":["bronze:Strike"],"player_choice":"Change","damage_taken":0,"max_hp_gain":0,"max_hp_loss":0,"event_name":"Living Wall","floor":14,"gold_loss":0,"cards_obtained":["bronze:Iterate"]},{"damage_healed":0,"gold_gain":0,"player_choice":"Bought 0 Potions","damage_taken":0,"max_hp_gain":0,"max_hp_loss":0,"event_name":"The Woman in Blue","floor":19,"gold_loss":0},{"damage_healed":0,"gold_gain":0,"player_choice":"Ignored","damage_taken":0,"max_hp_gain":0,"max_hp_loss":0,"event_name":"Vampires","floor":24,"gold_loss":0}],"is_beta":false,"boss_relics":[{"not_picked":["Fusion Hammer","Ectoplasm"],"picked":"Black Star"}],"items_purged_floors":[3,27],"is_endless":false,"potions_floor_spawned":[4,10,11,16,25,28],"killed_by":"Gremlin Leader","ascension_level":1}}