{"host":"qxeepl7ydvsgmfdb","time":1613575043,"event":{"mods":["AchievementEnabler","BaseMod","Colored Powertips","Minty Spire (QoL Compilation)","Quick Restart","slay the spire mod where everything is the same but ironclad has a cowboy hat"],"gold_per_floor":[117,117,141,141,216,256,274,274,298,298,298],"floor_reached":10,"language":"ENG","playtime":457,"items_purged":[],"score":168,"play_id":"4abe2593-0d48-4bc5-a406-45166e9d551e","local_time":"20210217101723","is_ascension_mode":true,"campfire_choices":[{"floor":8,"key":"REST"}],"circlet_count":0,"master_deck":["AscendersBane","Strike_G","Strike_G","Strike_G","Strike_G","Defend_G","Defend_G","Defend_G","Defend_G","Defend_G","Survivor","Neutralize","Deadly Poison","Deflect","Slice","Cloak And Dagger"],"relics":["Ring of the Snake","NeowsBlessing","Golden Idol","Omamori","Anchor"],"acts_visited":["Exordium"],"potions_floor_usage":[10,10],"damage_taken":[{"damage":0,"enemies":"2 Louse","floor":1,"turns":1},{"damage":0,"enemies":"Jaw Worm","floor":3,"turns":1},{"damage":0,"enemies":"3 Sentries","floor":6,"turns":1},{"damage":1,"enemies":"Small Slimes","floor":7,"turns":5},{"damage":37,"enemies":"Lagavulin","floor":10,"turns":8}],"seed_played":"-1331658207256831484","potions_obtained":[{"floor":1,"key":"ColorlessPotion"},{"floor":3,"key":"SpeedPotion"},{"floor":6,"key":"PowerPotion"}],"is_trial":false,"path_per_floor":["M","?","M","?","?","E","M","R","T","E"],"character_chosen":"THE_SILENT","items_purchased":[],"campfire_rested":1,"item_purchase_floors":[],"current_hp_per_floor":[59,36,36,29,18,18,17,36,36,0,0],"gold":298,"neow_bonus":"THREE_ENEMY_KILL","is_daily":false,"chose_seed":false,"campfire_upgraded":0,"win_rate":0.0,"timestamp":1613575043,"path_taken":["M","?","M","?","?","E","M","R","T","E"],"items_purchased_type":[],"build_version":"2020-12-22","purchased_purges":0,"victory":false,"max_hp_per_floor":[66,66,66,66,66,66,66,66,66,66,66],"card_choices":[{"not_picked":["All Out Attack","Masterful Stab"],"picked":"Deadly Poison","floor":1},{"not_picked":["Leg Sweep","Finisher"],"picked":"Deflect","floor":3},{"not_picked":["Dagger Throw","PiercingWail"],"picked":"Slice","floor":6},{"not_picked":["Infinite Blades","Acrobatics"],"picked":"Cloak And Dagger","floor":7}],"player_experience":161489,"relics_obtained":[{"floor":6,"key":"Omamori"},{"floor":9,"key":"Anchor"}],"event_choices":[{"damage_healed":0,"gold_gain":0,"player_choice":"Take Damage","damage_taken":23,"relics_obtained":["Golden Idol"],"max_hp_gain":0,"max_hp_loss":0,"event_name":"Golden Idol","floor":2,"gold_loss":0},{"cards_removed":["Strike_G"],"damage_healed":0,"gold_gain":0,"player_choice":"Card Removal","damage_taken":7,"max_hp_gain":0,"max_hp_loss":0,"event_name":"Golden Wing","floor":4,"gold_loss":0},{"damage_healed":0,"gold_gain":75,"player_choice":"Gather Gold","damage_taken":11,"max_hp_gain":0,"max_hp_loss":0,"event_name":"World of Goop","floor":5,"gold_loss":0}],"is_beta":false,"boss_relics":[],"items_purged_floors":[],"is_endless":false,"potions_floor_spawned":[1,3,6],"killed_by":"Lagavulin","ascension_level":17}}