{"host":"g907ck67u7c3hrs6","time":1613561242,"event":{"mods":["BaseMod","Colored Map","DeckTracker","Force Act Four","Highlight Path","Keyboard Shortcuts","Minty Spire (QoL Compilation)","Permanent Neow","Say the Spire","SuperFastMode"],"gold_per_floor":[110,121,135,153,165,165,165,197,197,222,233,258,258,258],"floor_reached":13,"language":"KOR","playtime":513,"items_purged":[],"score":264,"play_id":"541c73a4-0c56-4cd8-a85a-8edc8d7c1c63","local_time":"20210217202722","daily_mods":["SealedDeck","Heirloom","Time Dilation","Flight","DeadlyEvents","Cursed Run","Elite Swarm"],"is_ascension_mode":true,"campfire_choices":[{"data":"Fire Breathing","floor":6,"key":"SMITH"},{"data":"Rampage","floor":7,"key":"SMITH"}],"circlet_count":0,"master_deck":["AscendersBane","Ghostly Armor","Flame Barrier","Intimidate","Sentinel","Feel No Pain","Burning Pact","Power Through","Evolve","Power Through","Fire Breathing+1","Hemokinesis","Evolve","Shrug It Off","Rampage+1","Offering","Doubt","Berserk","Brutality"],"relics":["Cursed Key","Darkstone Periapt","Du-Vu Doll","StoneCalendar","Oddly Smooth Stone","Kunai","Sundial"],"acts_visited":["Exordium"],"potions_floor_usage":[11],"damage_taken":[{"damage":0,"enemies":"Cultist","floor":1,"turns":5},{"damage":5,"enemies":"Small Slimes","floor":2,"turns":3},{"damage":0,"enemies":"2 Louse","floor":3,"turns":3},{"damage":4,"enemies":"Exordium Thugs","floor":4,"turns":4},{"damage":2,"enemies":"Gremlin Gang","floor":5,"turns":3},{"damage":12,"enemies":"Gremlin Nob","floor":8,"turns":4},{"damage":19,"enemies":"Lagavulin","floor":10,"turns":4},{"damage":0,"enemies":"3 Louse","floor":11,"turns":1},{"damage":10,"enemies":"Gremlin Nob","floor":12,"turns":3},{"damage":6,"enemies":"3 Sentries","floor":13,"turns":2}],"seed_played":"8733225021776586810","potions_obtained":[{"floor":5,"key":"Energy Potion"},{"floor":8,"key":"AttackPotion"},{"floor":11,"key":"Strength Potion"}],"is_trial":true,"path_per_floor":["M","M","M","M","M","R","R","E","T","E","M","E","E"],"character_chosen":"IRONCLAD","items_purchased":[],"campfire_rested":0,"item_purchase_floors":[],"current_hp_per_floor":[68,63,63,59,57,57,57,45,51,32,32,22,16,16],"gold":258,"neow_bonus":"","is_daily":false,"chose_seed":false,"campfire_upgraded":2,"win_rate":0.0,"timestamp":1613561242,"path_taken":["M","M","M","M","M","R","R","E","T","E","?","E","E"],"items_purchased_type":[],"build_version":"2020-12-22","purchased_purges":0,"victory":false,"max_hp_per_floor":[75,75,75,75,75,75,75,75,81,81,81,81,81,81],"card_choices":[{"not_picked":["Pommel Strike","Warcry"],"picked":"Hemokinesis","floor":1},{"not_picked":["Uppercut","Flex"],"picked":"Evolve","floor":2},{"not_picked":["Iron Wave","Pommel Strike"],"picked":"Shrug It Off","floor":3},{"not_picked":["Whirlwind","Rampage","Havoc"],"picked":"SKIP","floor":4},{"not_picked":["Whirlwind","Havoc"],"picked":"Rampage","floor":4},{"not_picked":["Searing Blow","Warcry","True Grit"],"picked":"SKIP","floor":5},{"not_picked":["Impervious","Corruption"],"picked":"Offering","floor":8},{"not_picked":["Limit Break","Bludgeon"],"picked":"Berserk","floor":10},{"not_picked":["Heavy Blade","Sword Boomerang","Twin Strike"],"picked":"SKIP","floor":11},{"not_picked":["Feed","Impervious"],"picked":"Brutality","floor":12}],"player_experience":312873,"relics_obtained":[{"floor":8,"key":"Oddly Smooth Stone"},{"floor":10,"key":"Kunai"},{"floor":12,"key":"Sundial"}],"event_choices":[],"is_beta":false,"boss_relics":[],"items_purged_floors":[],"is_endless":false,"potions_floor_spawned":[5,8,11,12],"killed_by":"3 Sentries","ascension_level":20}}