{"host":"ifvrsrzj00f2ebkn","time":1613559896,"event":{"mods":["BaseMod","Colored Map","Colored Powertips","Minty Spire (QoL Compilation)","Random Character Button","Shop Mod","StSLib"],"gold_per_floor":[114,114,63,78,78,78,108,108,108,123,138,153,168,183,183,283,283,283,283],"floor_reached":18,"language":"ENG","playtime":2525,"items_purged":[],"score":189,"play_id":"693dff44-c634-4ee8-b271-4f869bbf16f6","local_time":"20210217190456","daily_mods":["Chimera","Uncertain Future","Terminal"],"is_ascension_mode":false,"campfire_choices":[{"data":"Defend_R","floor":6.0,"key":"SMITH"},{"data":"Defend_G","floor":8.0,"key":"SMITH"},{"data":"Eruption","floor":15.0,"key":"SMITH"}],"circlet_count":0,"master_deck":["Bash","Survivor","Zap","Eruption+1","Strike_R","Strike_G","Strike_B","Defend_R+1","Defend_G+1","Defend_P+1","DeceiveReality","BowlingBash","FearNoEvil","CarveReality","Vengeance","Scrawl","CurseOfTheBell"],"relics":["PureWater","Calipers","Toy Ornithopter","White Beast Statue","Calling Bell","Omamori","Kunai","Shovel"],"acts_visited":["Exordium","TheCity"],"potions_floor_usage":[],"damage_taken":[{"damage":3.0,"enemies":"2 Louse","floor":1.0,"turns":3.0},{"damage":0.0,"enemies":"Small Slimes","floor":4.0,"turns":3.0},{"damage":0.0,"enemies":"3 Sentries","floor":7.0,"turns":10.0},{"damage":0.0,"enemies":"Cultist","floor":10.0,"turns":3.0},{"damage":7.0,"enemies":"Looter","floor":11.0,"turns":3.0},{"damage":0.0,"enemies":"2 Fungi Beasts","floor":12.0,"turns":4.0},{"damage":1.0,"enemies":"Blue Slaver","floor":13.0,"turns":3.0},{"damage":0.0,"enemies":"Red Slaver","floor":14.0,"turns":4.0},{"damage":31.0,"enemies":"Hexaghost","floor":16.0,"turns":12.0},{"damage":58,"enemies":"Spheric Guardian","floor":18,"turns":6}],"seed_played":"6706742764168558924","potions_obtained":[{"floor":1.0,"key":"DistilledChaos"},{"floor":10.0,"key":"SpeedPotion"},{"floor":11.0,"key":"DuplicationPotion"},{"floor":13.0,"key":"Block Potion"},{"floor":16.0,"key":"FearPotion"}],"is_trial":false,"path_per_floor":["M","?","$","M","?","R","E","R","T","M","M","M","M","M","R","B",null,"M"],"character_chosen":"WATCHER","items_purchased":["BowlingBash"],"campfire_rested":0,"item_purchase_floors":[3],"current_hp_per_floor":[68,56,56,56,56,56,56,56,56,56,49,49,48,48,48,27,54,0,0],"gold":283,"neow_bonus":"","is_daily":true,"chose_seed":false,"campfire_upgraded":3,"win_rate":0.0,"timestamp":1613559896,"path_taken":["M","?","$","M","?","R","E","R","T","M","M","M","?","M","R","BOSS","M"],"items_purchased_type":["Card"],"build_version":"2020-12-22","purchased_purges":0,"victory":false,"max_hp_per_floor":[70,69,68,67,66,65,64,63,62,61,60,59,58,57,56,55,54,54,54],"card_choices":[{"not_picked":["Protect","Wallop"],"picked":"DeceiveReality","floor":1.0},{"not_picked":["Wireheading","BowlingBash","Evaluate"],"picked":"SKIP","floor":4.0},{"not_picked":["Crescendo","Halt","Nirvana"],"picked":"SKIP","floor":7.0},{"not_picked":["JustLucky","BowlingBash","Pray"],"picked":"SKIP","floor":10.0},{"not_picked":["BowlingBash","JustLucky"],"picked":"FearNoEvil","floor":11.0},{"not_picked":["ClearTheMind","Weave"],"picked":"CarveReality","floor":12.0},{"not_picked":["Brilliance","FlyingSleeves"],"picked":"Vengeance","floor":13.0},{"not_picked":["ThirdEye","ForeignInfluence","CutThroughFate"],"picked":"SKIP","floor":14.0},{"not_picked":["Devotion","Vault"],"picked":"Scrawl","floor":16.0}],"player_experience":117780,"relics_obtained":[{"floor":7.0,"key":"Toy Ornithopter"},{"floor":9.0,"key":"White Beast Statue"},{"floor":17.0,"key":"Omamori"},{"floor":17.0,"key":"Kunai"},{"floor":17.0,"key":"Shovel"}],"event_choices":[{"damage_healed":0.0,"max_hp_gain":0.0,"max_hp_loss":0.0,"gold_gain":0.0,"event_name":"Scrap Ooze","player_choice":"Success","floor":2.0,"gold_loss":0.0,"damage_taken":12.0,"relics_obtained":["Calipers"]},{"damage_healed":0.0,"max_hp_gain":0.0,"max_hp_loss":0.0,"gold_gain":0.0,"event_name":"Upgrade Shrine","player_choice":"Upgraded","floor":5.0,"gold_loss":0.0,"damage_taken":0.0,"cards_upgraded":["Defend_P"]}],"is_beta":false,"boss_relics":[{"not_picked":["Astrolabe","Snecko Eye"],"picked":"Calling Bell"}],"items_purged_floors":[],"is_endless":false,"potions_floor_spawned":[1,10,11,12,13,14,16],"killed_by":"Spheric Guardian","ascension_level":0}}