{"host":"8zllkaobjs9c5ou9","time":1613521233,"event":{"mods":["BaseMod","Bestiary","Colored Powertips","Downfall","Googly Eyes","Highlight Path","Minty Spire (QoL Compilation)","StSLib","Steal the Spire"],"gold_per_floor":[99,115,130,40,190,208,208,237,267,295,307,332,144,189,215,227,227,227],"floor_reached":16,"language":"ENG","playtime":739,"items_purged":[],"score":120,"play_id":"7766325a-693f-4d50-8ac2-591ed8b4b8f4","local_time":"20210216192033","is_ascension_mode":true,"campfire_choices":[{"floor":1,"key":"RECALL"},{"data":"Guardian:Orbwalk","floor":13,"key":"SMITH"}],"circlet_count":0,"master_deck":["Guardian:Strike_Guardian+1","Guardian:Strike_Guardian","Guardian:Strike_Guardian","Guardian:Strike_Guardian","Guardian:Defend_Guardian+1","Guardian:Defend_Guardian","Guardian:Defend_Guardian","Guardian:Defend_Guardian","Guardian:CurlUp","Guardian:TwinSlam+1","Guardian:VentSteam","Guardian:FloatingOrbs","Guardian:Orbwalk+1","downfall:Icky","Guardian:ShieldCharger","Guardian:PrismaticBeam+1","Guardian:Planning","downfall:Malfunctioning","Guardian:Gem_Green","Guardian:Preprogram"],"relics":["Guardian:ModeShifter","Turnip","MawBank","downfall:HeartBlessingRed","downfall:HeartBlessingGreen","Strawberry"],"acts_visited":["Exordium"],"potions_floor_usage":[9,10,14,16],"damage_taken":[{"damage":1,"enemies":"Cultist","floor":2,"turns":4},{"damage":2,"enemies":"Small Slimes","floor":3,"turns":5},{"damage":0,"enemies":"downfall:FleeingMerchant","floor":4,"turns":4},{"damage":5,"enemies":"2 Louse","floor":6,"turns":3},{"damage":18,"enemies":"Lagavulin","floor":8,"turns":6},{"damage":0,"enemies":"2 Fungi Beasts","floor":9,"turns":5},{"damage":14,"enemies":"Exordium Wildlife","floor":10,"turns":6},{"damage":18,"enemies":"Lots of Slimes","floor":12,"turns":6},{"damage":8,"enemies":"3 Sentries","floor":14,"turns":7},{"damage":13,"enemies":"Gremlin Gang","floor":15,"turns":5},{"damage":14,"enemies":"WA_ARCHETYPE_RETAIN","floor":16,"turns":6}],"seed_played":"-5848717166841129563","potions_obtained":[{"floor":2,"key":"Block Potion"},{"floor":6,"key":"Explosive Potion"},{"floor":12,"key":"SkillPotion"},{"floor":15,"key":"Weak Potion"}],"is_trial":false,"path_per_floor":["R","M","M","$","?","M","T","E","M","M","?","M","R","E","M","B"],"character_chosen":"GUARDIAN","items_purchased":["Guardian:Orbwalk"],"campfire_rested":0,"item_purchase_floors":[4],"current_hp_per_floor":[80,79,77,77,77,72,72,54,54,40,40,22,22,21,8,0,0,0],"gold":227,"neow_bonus":"UPGRADE_CARD","is_daily":false,"chose_seed":false,"campfire_upgraded":1,"win_rate":0.0,"timestamp":1613521233,"path_taken":["R","M","?","$","?","M","T","E","M","M","?","M","R","E","M","BOSS"],"items_purchased_type":["Card"],"build_version":"2020-12-22","purchased_purges":0,"victory":false,"max_hp_per_floor":[80,80,80,80,80,80,80,80,80,80,80,80,80,87,87,87,87,87],"card_choices":[{"not_picked":["Guardian:Preprogram","Guardian:CrystalBeam","Guardian:TemporalStrike"],"picked":"SKIP","floor":2},{"not_picked":["Guardian:DecasProtection","Guardian:Planning"],"picked":"Guardian:VentSteam","floor":3},{"not_picked":["Guardian:CrystalBeam","Guardian:FuturePlans"],"picked":"Guardian:FloatingOrbs","floor":4},{"not_picked":["Guardian:TemporalStrike","Guardian:Gem_Cyan"],"picked":"Guardian:ShieldCharger","floor":6},{"not_picked":["Guardian:ShieldCharger","Guardian:CrystalBeam"],"picked":"Guardian:PrismaticBeam","floor":8},{"not_picked":["Guardian:ShieldSpikes","Guardian:Incinerate"],"picked":"Guardian:Planning","floor":9},{"not_picked":["Guardian:Gem_Blue","Guardian:FloatingOrbs"],"picked":"Guardian:Gem_White","floor":10},{"not_picked":["Guardian:FastForward","Guardian:Recover"],"picked":"Guardian:Gem_Cyan","floor":12},{"not_picked":["Guardian:Orbwalk","Guardian:TemporalShield"],"picked":"Guardian:Gem_Green","floor":14},{"not_picked":["Guardian:Gem_Green","Guardian:ShieldCharger"],"picked":"Guardian:Preprogram","floor":15}],"player_experience":515005,"relics_obtained":[{"floor":7,"key":"Turnip"},{"floor":8,"key":"MawBank"},{"floor":14,"key":"Strawberry"}],"event_choices":[],"is_beta":false,"boss_relics":[],"items_purged_floors":[],"is_endless":false,"potions_floor_spawned":[2,6,12,15],"killed_by":"WA_ARCHETYPE_RETAIN","ascension_level":1}}