{"host":"o3b7ow6d1xe49css","time":1613539152,"event":{"mods":["Aspiration","BaseMod","Better Altar","Better Match","Better Note","Better Sensory Stone","Better Skull","Better Third Choice","Colored Powertips","Conspire","Energized Spire","GifTheSpireLib","Halation","Hubris","Minty Spire (QoL Compilation)","Relic Filter Mod","Reliquary","Replay The Spire","Spicy Shops","Spikes Relics","StSLib","Stuff the Spire","The Blue Laboratory","Together in Spire"],"gold_per_floor":[110,110,121,139,151,186,186,198,225,260,260,324,324,344,344,344,344],"floor_reached":16,"language":"ENG","playtime":544,"items_purged":[],"score":137,"play_id":"f4318f2d-9deb-4559-863c-a225e4603b8a","local_time":"20210216201912","is_ascension_mode":false,"campfire_choices":[{"data":"Blade Dance","floor":7,"key":"SMITH"},{"data":"Blade Dance","floor":11,"key":"SMITH"},{"data":"Hidden Blade","floor":15,"key":"SMITH"}],"circlet_count":0,"master_deck":["Strike_G","Strike_G","Strike_G","Defend_G","Defend_G","Defend_G","Defend_G","Defend_G","Survivor","Neutralize","All Out Attack","hubris:Sniper","Bouncing Flask","Hidden Blade+1","Blade Dance+1","Leg Sweep","Blade Dance+1","Bullet Time"],"relics":["Ring of the Snake","NeowsBlessing","reliquary:SilkGlove","Gremlin Food","CeramicFish","Bronze Scales"],"acts_visited":["Exordium"],"potions_floor_usage":[6,10,12,12],"damage_taken":[{"damage":0,"enemies":"Jaw Worm","floor":1,"turns":1},{"damage":0,"enemies":"Cultist","floor":3,"turns":1},{"damage":0,"enemies":"Small Slimes","floor":4,"turns":1},{"damage":4,"enemies":"Red Slaver","floor":5,"turns":2},{"damage":0,"enemies":"Lagavulin","floor":6,"turns":3},{"damage":0,"enemies":"Large Slime","floor":8,"turns":2},{"damage":1,"enemies":"3 Sentries","floor":10,"turns":4},{"damage":5,"enemies":"3 Sentries","floor":12,"turns":7},{"damage":0,"enemies":"Looter","floor":14,"turns":1},{"damage":0,"enemies":"Fading Forest","floor":16,"turns":1}],"seed_played":"-7049706480531485045","potions_obtained":[{"floor":1,"key":"blueLaboratory:HorrorPotion"},{"floor":5,"key":"SpeedPotion"},{"floor":6,"key":"Regen Potion"},{"floor":8,"key":"blueLaboratory:ArtistsPotion"}],"is_trial":false,"path_per_floor":["M","?","M","M","M","E","R","M","T","E","R","?","?","M","R","B"],"character_chosen":"THE_SILENT","items_purchased":[],"campfire_rested":0,"item_purchase_floors":[],"current_hp_per_floor":[70,70,70,70,66,66,66,66,66,65,65,70,70,70,70,70,70],"gold":344,"neow_bonus":"THREE_ENEMY_KILL","is_daily":false,"chose_seed":false,"campfire_upgraded":3,"win_rate":0.0,"timestamp":1613539152,"path_taken":["M","?","M","?","M","E","R","M","T","E","R","?","?","?","R","BOSS"],"items_purchased_type":[],"build_version":"2020-12-22","purchased_purges":0,"victory":false,"max_hp_per_floor":[70,70,70,70,70,70,70,70,70,70,70,70,70,70,70,70,70],"card_choices":[{"not_picked":["Cloak And Dagger","Bane"],"picked":"All Out Attack","floor":1},{"not_picked":["Fluid Movement","Acrobatics"],"picked":"Bouncing Flask","floor":3},{"not_picked":["Replay:Poison Smokescreen","Predator"],"picked":"Hidden Blade","floor":4},{"not_picked":["Outmaneuver","Sucker Punch"],"picked":"Blade Dance","floor":5},{"not_picked":["Slice","Distraction","Noxious Fumes"],"picked":"SKIP","floor":6},{"not_picked":["Acrobatics","ReplayTheSpireMod:Tripwire"],"picked":"Leg Sweep","floor":8},{"not_picked":["Slice","Sneak Up"],"picked":"Blade Dance","floor":10},{"not_picked":["Slice","Sucker Punch"],"picked":"Bullet Time","floor":12},{"not_picked":["Underhanded Strike","StuffTheSpire:Injection","StuffTheSpire:BumpUp"],"picked":"SKIP","floor":14}],"player_experience":1332352,"relics_obtained":[{"floor":6,"key":"reliquary:SilkGlove"},{"floor":9,"key":"Gremlin Food"},{"floor":10,"key":"CeramicFish"}],"event_choices":[{"damage_healed":0,"gold_gain":0,"cards_transformed":["Strike_G"],"player_choice":"Transformed","damage_taken":0,"max_hp_gain":0,"max_hp_loss":0,"event_name":"Transmorgrifier","floor":2,"gold_loss":0,"cards_obtained":["hubris:Sniper"]},{"damage_healed":0,"gold_gain":0,"player_choice":"Searched \u00273\u0027 times","damage_taken":0,"relics_obtained":["Bronze Scales"],"max_hp_gain":0,"max_hp_loss":0,"event_name":"Dead Adventurer","floor":12,"gold_loss":0},{"cards_removed":["Strike_G"],"damage_healed":0,"gold_gain":0,"player_choice":"Offered Basic","damage_taken":0,"max_hp_gain":0,"max_hp_loss":0,"event_name":"Bonfire Elementals","floor":13,"gold_loss":0}],"is_beta":false,"boss_relics":[],"items_purged_floors":[],"is_endless":false,"potions_floor_spawned":[1,5,6,8],"killed_by":"Fading Forest","ascension_level":0}}