{"host":"mlnzvkzmbpuy135q","time":1613602872,"event":{"mods":["BaseMod","Downfall","Minty Spire (QoL Compilation)","StSLib"],"gold_per_floor":[99,114,29,44,104,279,302,316,330,345,363,45,61,46,63,167,167,167,179,179,64,79,98,98,98,108,128,128,128,128,128,146,244,244,244,264,264,264,264,264,316,316,330,344,360,377,377,47,65,65],"floor_reached":51,"language":"ENG","playtime":4363,"items_purged":["downfall:Bewildered","Writhe"],"score":670,"play_id":"c23c1256-9db8-4ce2-a97e-365829036455","local_time":"20210217180112","is_ascension_mode":false,"campfire_choices":[{"data":"Guardian:TwinSlam","floor":1,"key":"SMITH"},{"data":"Guardian:WalkerClaw","floor":18,"key":"SMITH"},{"data":"Guardian:RefractedBeam+1","floor":25,"key":"SMITH"},{"data":"Guardian:RefractedBeam+2","floor":28,"key":"SMITH"},{"data":"Guardian:RefractedBeam+3","floor":30,"key":"SMITH"},{"data":"Guardian:RefractedBeam+4","floor":35,"key":"SMITH"},{"data":"Guardian:RefractedBeam+5","floor":40,"key":"SMITH"},{"data":"Guardian:RefractedBeam+6","floor":42,"key":"SMITH"},{"data":"Guardian:RefractedBeam+7","floor":47,"key":"SMITH"}],"circlet_count":0,"master_deck":["Guardian:Strike_Guardian","Guardian:Strike_Guardian","Guardian:Strike_Guardian","Guardian:Strike_Guardian","Guardian:Defend_Guardian","Guardian:Defend_Guardian","Guardian:Defend_Guardian","Guardian:CurlUp","Guardian:TwinSlam+1","Guardian:PiercingHide","Guardian:WalkerClaw+1","Guardian:BronzeOrb","Guardian:TemporalStrike","Doubt","Guardian:RollAttack","Guardian:ShieldSpikes","Guardian:SphericShield","Guardian:CrystalBeam","Guardian:Suspension","Guardian:RefractedBeam+8","Guardian:CrystalBeam","Guardian:CrystalBeam+1","Guardian:Clone","Guardian:Gem_Synthetic","Guardian:Gem_Lightblue","Guardian:Gem_Cyan","Guardian:SentryBeam+1","Parasite","Guardian:Reroute+1","Guardian:BaubleBeam+1","Guardian:PolyBeam+1","Guardian:Gem_Yellow"],"relics":["Guardian:ModeShifterPlus","Pen Nib","FossilizedHelix","sneckomod:BabySnecko","Letter Opener","Ornamental Fan","Black Star","Molten Egg 2","Eternal Feather","Happy Flower","StoneCalendar","OrangePellets"],"acts_visited":["Exordium","TheCity","TheBeyond"],"potions_floor_usage":[10,16,16,50,50,50,50,50],"damage_taken":[{"damage":1,"enemies":"Cultist","floor":2,"turns":4},{"damage":3,"enemies":"downfall:FleeingMerchant","floor":3,"turns":4},{"damage":0,"enemies":"2 Louse","floor":4,"turns":2},{"damage":38,"enemies":"Lagavulin Event","floor":5,"turns":9},{"damage":1,"enemies":"Jaw Worm","floor":8,"turns":2},{"damage":12,"enemies":"Gremlin Gang","floor":9,"turns":5},{"damage":5,"enemies":"Exordium Thugs","floor":10,"turns":5},{"damage":7,"enemies":"Exordium Wildlife","floor":11,"turns":5},{"damage":9,"enemies":"downfall:FleeingMerchant","floor":12,"turns":4},{"damage":7,"enemies":"Large Slime","floor":13,"turns":8},{"damage":0,"enemies":"downfall:FleeingMerchant","floor":14,"turns":4},{"damage":5,"enemies":"Exordium Thugs","floor":15,"turns":6},{"damage":0,"enemies":"SI_SHIV_ARCHETYPE","floor":16,"turns":7},{"damage":0,"enemies":"Shell Parasite","floor":19,"turns":3},{"damage":0,"enemies":"downfall:FleeingMerchant","floor":21,"turns":4},{"damage":0,"enemies":"Spheric Guardian","floor":22,"turns":3},{"damage":0,"enemies":"Cultist and Chosen","floor":23,"turns":4},{"damage":0,"enemies":"Shelled Parasite and Fungi","floor":26,"turns":4},{"damage":0,"enemies":"Sentry and Sphere","floor":27,"turns":4},{"damage":0,"enemies":"Snecko","floor":32,"turns":4},{"damage":43,"enemies":"WA_ARCHETYPE_CALM","floor":33,"turns":9},{"damage":0,"enemies":"3 Darklings","floor":36,"turns":5},{"damage":1,"enemies":"3 Shapes","floor":43,"turns":4},{"damage":0,"enemies":"Writhing Mass","floor":44,"turns":6},{"damage":0,"enemies":"Sphere and 2 Shapes","floor":45,"turns":4},{"damage":4,"enemies":"Spire Growth","floor":46,"turns":5},{"damage":0,"enemies":"downfall:FleeingMerchant","floor":48,"turns":4},{"damage":16,"enemies":"Maw","floor":49,"turns":7},{"damage":4,"enemies":"DF_ARCHETYPE_ORBS","floor":50,"turns":4}],"seed_played":"4180940898668842706","potions_obtained":[{"floor":5,"key":"SteroidPotion"},{"floor":8,"key":"Regen Potion"},{"floor":11,"key":"Dexterity Potion"},{"floor":13,"key":"PowerPotion"},{"floor":15,"key":"Energy Potion"},{"floor":19,"key":"Regen Potion"},{"floor":26,"key":"EntropicBrew"},{"floor":36,"key":"BlessingOfTheForge"},{"floor":49,"key":"LiquidBronze"}],"is_trial":false,"path_per_floor":["R","M","$","M","?","?","T","M","M","M","M","$","M","$","M","B",null,"R","M","?","$","M","M","T","R","M","M","R","?","R","?","M","B",null,"R","M","?","T","?","R","T","R","M","M","M","M","R","$","M","B",null],"character_chosen":"GUARDIAN","items_purchased":["Guardian:BronzeOrb","FossilizedHelix","Guardian:Gem_Cyan","StoneCalendar","DuplicationPotion","OrangePellets","Guardian:Gem_Yellow"],"campfire_rested":0,"item_purchase_floors":[3,12,21,48,48,48,48],"current_hp_per_floor":[88,87,84,84,46,46,46,45,33,42,35,26,19,19,14,14,88,88,88,88,88,88,88,88,88,88,88,88,88,88,88,88,45,88,88,88,88,88,88,88,88,88,87,87,87,83,88,88,72,68],"gold":65,"neow_bonus":"TEN_PERCENT_HP_BONUS","is_daily":false,"chose_seed":false,"campfire_upgraded":9,"win_rate":0.0,"timestamp":1613602872,"path_taken":["R","M","$","?","?","?","T","M","M","M","M","?","?","$","M","BOSS","R","M","?","$","M","M","T","R","M","M","R","?","R","?","M","BOSS","R","M","?","?","?","R","T","R","M","M","M","M","R","$","M","BOSS"],"items_purchased_type":["Card","Relic","Card","Relic","Potion","Relic","Card"],"build_version":"2020-12-22","purchased_purges":2,"victory":true,"max_hp_per_floor":[88,88,88,88,88,88,88,88,88,88,88,88,88,88,88,88,88,88,88,88,88,88,88,88,88,88,88,88,88,88,88,88,88,88,88,88,88,88,88,88,88,88,88,88,88,88,88,88,88,88],"card_choices":[{"not_picked":["Guardian:Planning","Guardian:CrystalBeam"],"picked":"Guardian:PiercingHide","floor":2},{"not_picked":["Guardian:VentSteam","Guardian:TimeCapacitor"],"picked":"Guardian:WalkerClaw","floor":3},{"not_picked":["Guardian:ChargeCore","Guardian:TimeCapacitor"],"picked":"Guardian:Gem_Lightblue","floor":4},{"not_picked":["Guardian:PolyBeam","Guardian:Recover"],"picked":"Guardian:TemporalStrike","floor":5},{"not_picked":["Guardian:CrystalBeam","Guardian:Gem_Yellow"],"picked":"Guardian:Gem_Red","floor":8},{"not_picked":["Guardian:DecasProtection","Guardian:ShieldCharger"],"picked":"Guardian:Gem_Lightblue","floor":9},{"not_picked":["Guardian:PiercingHide","Guardian:VentSteam"],"picked":"Guardian:RollAttack","floor":10},{"not_picked":["Guardian:Repulse","Guardian:Incinerate"],"picked":"Guardian:Gem_Green","floor":11},{"not_picked":["Guardian:FloatingOrbs","Guardian:Clone"],"picked":"Guardian:ShieldSpikes","floor":12},{"not_picked":["Guardian:VentSteam","Guardian:TemporalStrike"],"picked":"Guardian:SphericShield","floor":13},{"not_picked":["Guardian:BronzeOrb","Guardian:Clone"],"picked":"Guardian:CrystalBeam","floor":14},{"not_picked":["Guardian:TemporalStrike","Guardian:RollAttack"],"picked":"Guardian:Gem_Lightblue","floor":15},{"not_picked":["Guardian:StasisField","Guardian:RevengeProtocol"],"picked":"Guardian:Gem_Orange","floor":16},{"not_picked":["Guardian:ChargeCore","Guardian:Gem_Yellow"],"picked":"Guardian:Suspension","floor":19},{"not_picked":["Guardian:PolyBeam","Guardian:Incinerate"],"picked":"Guardian:RefractedBeam+1","floor":21},{"not_picked":["Guardian:PolyBeam","Guardian:DecasProtection"],"picked":"Guardian:CrystalBeam","floor":22},{"not_picked":["Guardian:MultiBeam+1","Guardian:TemporalStrike"],"picked":"Guardian:PrimingBeam+1","floor":23},{"not_picked":["Guardian:Reroute+1","Guardian:Suspension"],"picked":"Guardian:CrystalBeam+1","floor":26},{"not_picked":["Guardian:Suspension+1","Guardian:TimeSifter"],"picked":"Guardian:Gem_Crimson","floor":27},{"not_picked":["Guardian:EvasiveProtocol+1","Guardian:PrimingBeam"],"picked":"Guardian:Gem_Crimson","floor":32},{"not_picked":["Guardian:AncientConstruct","Guardian:StasisField"],"picked":"Guardian:Gem_Synthetic","floor":33},{"not_picked":["Guardian:ChargeCore","Guardian:PrimingBeam+1"],"picked":"Guardian:Gem_Lightblue","floor":36},{"not_picked":["Guardian:ChargeCore+1","Guardian:PiercingHide"],"picked":"Guardian:SentryBeam+1","floor":43},{"not_picked":["Guardian:TemporalStrike+1","Guardian:Recover+1"],"picked":"Guardian:Reroute+1","floor":44},{"not_picked":["Guardian:Gem_Fragmented","Guardian:BronzeArmor"],"picked":"Guardian:Gem_Red","floor":45},{"not_picked":["Guardian:EvasiveProtocol","Guardian:CrystalBeam+1"],"picked":"Guardian:BaubleBeam+1","floor":46},{"not_picked":["Guardian:Recover+1","Guardian:PrimingBeam+1"],"picked":"Guardian:PolyBeam+1","floor":48},{"not_picked":["Guardian:TemporalStrike+1","Guardian:RollAttack+1","Guardian:PrismaticBeam+1"],"picked":"SKIP","floor":49}],"player_experience":98294,"relics_obtained":[{"floor":5,"key":"Pen Nib"},{"floor":24,"key":"Letter Opener"},{"floor":38,"key":"Molten Egg 2"},{"floor":39,"key":"Eternal Feather"},{"floor":41,"key":"Happy Flower"}],"event_choices":[{"damage_healed":0,"gold_gain":0,"player_choice":"Read","damage_taken":0,"max_hp_gain":0,"max_hp_loss":0,"event_name":"The Library","floor":31,"gold_loss":0,"cards_obtained":["Guardian:Clone"]}],"is_beta":false,"boss_relics":[{"not_picked":["bronze:MakeshiftBattery","Sozu"],"picked":"Guardian:ModeShifterPlus"},{"not_picked":["Velvet Choker","Snecko Eye"],"picked":"Black Star"}],"items_purged_floors":[21,48],"is_endless":false,"potions_floor_spawned":[5,8,11,13,15,19,26,33,36,45,49],"ascension_level":0}}