{"host":"04hh9gplt9wkfmr1","time":1613593103,"event":{"mods":["AchievementEnabler","BaseMod","Colored Map","KOR Keyword Fix","Minty Spire (QoL Compilation)","Rare Cards Sparkle","SuperFastMode"],"gold_per_floor":[110,123,133,152,152,182,182,24,24,24,59,79,79,97,97,196,196,213,213,226,244,343,343,343,343],"floor_reached":24,"language":"KOR","playtime":1065,"items_purged":[],"score":280,"play_id":"d18753d5-6267-469a-b096-b4a80d02f1ec","local_time":"20210218051823","is_ascension_mode":true,"campfire_choices":[{"floor":7.0,"key":"REST"},{"data":"Apotheosis","floor":10.0,"key":"SMITH"},{"data":"Establishment","floor":13.0,"key":"SMITH"},{"data":"Worship","floor":15.0,"key":"SMITH"},{"floor":23,"key":"REST"}],"circlet_count":0,"master_deck":["Strike_P","Strike_P","Strike_P","Strike_P","Defend_P","Defend_P","Defend_P","Defend_P","Eruption+1","Vigilance","Worship+1","Apotheosis+1","Worship","Establishment+1","Brilliance","FlyingSleeves","Pray"],"relics":["PureWater","The Courier","InkBottle","Anchor","Sozu"],"acts_visited":["Exordium","TheCity"],"potions_floor_usage":[24,24],"damage_taken":[{"damage":0.0,"enemies":"Cultist","floor":1.0,"turns":2.0},{"damage":0.0,"enemies":"2 Louse","floor":2.0,"turns":2.0},{"damage":1.0,"enemies":"Small Slimes","floor":3.0,"turns":3.0},{"damage":8.0,"enemies":"2 Fungi Beasts","floor":4.0,"turns":3.0},{"damage":20.0,"enemies":"Lagavulin","floor":6.0,"turns":7.0},{"damage":0.0,"enemies":"Gremlin Nob","floor":11.0,"turns":2.0},{"damage":0.0,"enemies":"Gremlin Gang","floor":12.0,"turns":4.0},{"damage":0.0,"enemies":"3 Louse","floor":14.0,"turns":2.0},{"damage":45.0,"enemies":"Slime Boss","floor":16.0,"turns":11.0},{"damage":38.0,"enemies":"3 Byrds","floor":18.0,"turns":7.0},{"damage":10,"enemies":"Chosen","floor":20,"turns":5},{"damage":22,"enemies":"Snake Plant","floor":21,"turns":3},{"damage":40,"enemies":"Slavers","floor":24,"turns":4}],"seed_played":"-47812580680976424","potions_obtained":[{"floor":3.0,"key":"SteroidPotion"},{"floor":6.0,"key":"DistilledChaos"},{"floor":11.0,"key":"AttackPotion"},{"floor":12.0,"key":"Weak Potion"},{"floor":16.0,"key":"EssenceOfSteel"}],"is_trial":false,"path_per_floor":["M","M","M","M","?","E","R","$","T","R","E","M","R","M","R","B",null,"M","?","M","M","?","R","E"],"character_chosen":"WATCHER","items_purchased":["Apotheosis"],"campfire_rested":2,"item_purchase_floors":[8],"current_hp_per_floor":[79,79,78,70,70,50,73,73,73,73,73,73,73,73,73,28,79,41,41,31,9,9,32,0,0],"gold":343,"neow_bonus":"TEN_PERCENT_HP_BONUS","is_daily":false,"chose_seed":false,"campfire_upgraded":3,"win_rate":0.0,"timestamp":1613593103,"path_taken":["M","M","M","M","?","E","R","?","T","R","E","M","R","M","R","BOSS","M","?","M","?","?","R","E"],"items_purchased_type":["Card"],"build_version":"2020-12-22","purchased_purges":0,"victory":false,"max_hp_per_floor":[79,79,79,79,79,79,79,79,79,79,79,79,79,79,79,79,79,79,79,79,79,79,79,79,79],"card_choices":[{"not_picked":["Protect","Nirvana","Evaluate"],"picked":"SKIP","floor":1.0},{"not_picked":["ThirdEye","FollowUp","FlurryOfBlows"],"picked":"SKIP","floor":2.0},{"not_picked":["EmptyFist","ThirdEye","BowlingBash"],"picked":"SKIP","floor":3.0},{"not_picked":["Conclude","Protect"],"picked":"Worship","floor":4.0},{"not_picked":["CrushJoints","Halt","Wallop"],"picked":"SKIP","floor":6.0},{"not_picked":["SashWhip","EmptyFist"],"picked":"Worship","floor":11.0},{"not_picked":["ThirdEye","Conclude"],"picked":"Establishment","floor":12.0},{"not_picked":["Protect","Conclude","Wireheading"],"picked":"SKIP","floor":14.0},{"not_picked":["Judgement","MasterReality"],"picked":"Brilliance","floor":16.0},{"not_picked":["Wallop","Crescendo","TalkToTheHand"],"picked":"SKIP","floor":18.0},{"not_picked":["Adaptation","FlurryOfBlows"],"picked":"FlyingSleeves","floor":20},{"not_picked":["Prostrate","TalkToTheHand+1"],"picked":"Pray","floor":21}],"player_experience":163091,"relics_obtained":[{"floor":6.0,"key":"The Courier"},{"floor":9.0,"key":"InkBottle"},{"floor":11.0,"key":"Anchor"}],"event_choices":[{"damage_healed":0.0,"max_hp_gain":0.0,"max_hp_loss":0.0,"gold_gain":0.0,"event_name":"Upgrade Shrine","player_choice":"Upgraded","floor":5.0,"gold_loss":0.0,"damage_taken":0.0,"cards_upgraded":["Eruption"]},{"damage_healed":0.0,"max_hp_gain":0.0,"max_hp_loss":0.0,"gold_gain":0.0,"event_name":"Match and Keep!","player_choice":"0 cards matched","floor":19.0,"gold_loss":0.0,"damage_taken":0.0,"cards_obtained":[]},{"damage_healed":0,"gold_gain":99,"player_choice":"Stole From Cult","damage_taken":0,"max_hp_gain":0,"max_hp_loss":0,"event_name":"Nest","floor":22,"gold_loss":0}],"is_beta":false,"boss_relics":[{"not_picked":["Snecko Eye","HolyWater"],"picked":"Sozu"}],"items_purged_floors":[],"is_endless":false,"potions_floor_spawned":[3,6,11,12,16,20],"killed_by":"Slavers","ascension_level":4}}