{"host":"91blwi3hgehj6ch9","time":1613567307,"event":{"mods":["2.2 Compatiblity","AchievementEnabler","BaseMod","Colored Map","DeckTracker","Keyboard Shortcuts","Minty Spire (QoL Compilation)","Permanent Neow","StSLib","SuperFastMode","everything is the same but u backflip on backflip"],"gold_per_floor":[119,136,61,61,75,75,55,68,95,95,112,126,33,46,46,46,46],"floor_reached":16,"language":"KOR","playtime":342,"items_purged":["Defend_G","Strike_G"],"score":188,"play_id":"9f130100-1103-4eaf-b23e-9701de2151fa","local_time":"20210217220827","is_ascension_mode":true,"campfire_choices":[{"data":"Eviscerate","floor":10,"key":"SMITH"},{"data":"Skewer","floor":15,"key":"SMITH"}],"circlet_count":0,"master_deck":["AscendersBane","Strike_G","Strike_G","Strike_G","Strike_G","Defend_G","Defend_G","Defend_G","Defend_G","Survivor","Neutralize","Eviscerate+1","Infinite Blades","Unload","Reflex","Dodge and Roll","Blur","Skewer+1"],"relics":["Ring of the Snake","NeowsBlessing","Smiling Mask"],"acts_visited":["Exordium"],"potions_floor_usage":[16],"damage_taken":[{"damage":0,"enemies":"Jaw Worm","floor":1,"turns":1},{"damage":0,"enemies":"Cultist","floor":2,"turns":1},{"damage":0,"enemies":"Small Slimes","floor":5,"turns":1},{"damage":1,"enemies":"Looter","floor":8,"turns":3},{"damage":22,"enemies":"Gremlin Gang","floor":11,"turns":5},{"damage":0,"enemies":"2 Fungi Beasts","floor":12,"turns":1},{"damage":11,"enemies":"Blue Slaver","floor":14,"turns":3},{"damage":33,"enemies":"The Guardian","floor":16,"turns":11}],"seed_played":"-8296840556729010596","potions_obtained":[{"floor":1,"key":"SneckoOil"},{"floor":7,"key":"CunningPotion"}],"is_trial":false,"path_per_floor":["M","M","$","?","M","?","?","M","T","R","M","M","$","M","R","B"],"character_chosen":"THE_SILENT","items_purchased":["Blur"],"campfire_rested":0,"item_purchase_floors":[13],"current_hp_per_floor":[59,59,59,66,66,66,66,65,65,65,43,43,43,32,32,0,0],"gold":46,"neow_bonus":"THREE_ENEMY_KILL","is_daily":false,"chose_seed":false,"campfire_upgraded":2,"win_rate":0.0,"timestamp":1613567307,"path_taken":["M","M","$","?","?","?","?","M","T","R","M","?","$","M","R","BOSS"],"items_purchased_type":["Card"],"build_version":"2020-12-22","purchased_purges":2,"victory":false,"max_hp_per_floor":[66,66,66,66,66,66,66,66,66,66,66,66,66,66,66,66,66],"card_choices":[{"not_picked":["Blur","Deadly Poison"],"picked":"Eviscerate","floor":1},{"not_picked":["Expertise","Backflip"],"picked":"Infinite Blades","floor":2},{"not_picked":["Infinite Blades","Flying Knee","Sucker Punch"],"picked":"SKIP","floor":5},{"not_picked":["Distraction","Dagger Spray"],"picked":"Unload","floor":8},{"not_picked":["Dagger Spray","Flechettes"],"picked":"Reflex","floor":11},{"not_picked":["Sucker Punch","Eviscerate"],"picked":"Dodge and Roll","floor":12},{"not_picked":["Dash","Outmaneuver"],"picked":"Skewer","floor":14}],"player_experience":280512,"relics_obtained":[{"floor":9,"key":"Smiling Mask"}],"event_choices":[{"damage_healed":7,"gold_gain":0,"player_choice":"Full Heal","damage_taken":0,"max_hp_gain":0,"max_hp_loss":0,"event_name":"Wheel of Change","floor":4,"gold_loss":0},{"damage_healed":0,"gold_gain":0,"player_choice":"Ignored","damage_taken":0,"max_hp_gain":0,"max_hp_loss":0,"event_name":"Liars Game","floor":6,"gold_loss":0},{"damage_healed":0,"gold_gain":0,"player_choice":"Bought 1 Potion","damage_taken":0,"max_hp_gain":0,"max_hp_loss":0,"event_name":"The Woman in Blue","floor":7,"gold_loss":0}],"is_beta":false,"boss_relics":[],"items_purged_floors":[3,13],"is_endless":false,"potions_floor_spawned":[1,8,14],"killed_by":"The Guardian","ascension_level":20}}