{"host":"dztixnx9b0gu6w9i","time":1613602142,"event":{"mods":["BaseMod","Bestiary","Minty Spire (QoL Compilation)","Relic Stats","SpireBot","ojb\u0027s Better Paths Mod","ojb\u0027s Info Mod"],"gold_per_floor":[113,131,131,143,68,68,88,108,131,131,131,156,156,187,187,261,261,275,288,70,89,9,9,26,59,59,85,85,99,132,150,150,222,222,239,514,531,531,113,113,140,140,140,169,183,197,217,236,236,236,236,236,236,8,43,43,43],"floor_reached":56,"language":"ENG","playtime":6748,"items_purged":["Regret"],"score":2133,"play_id":"d9b1d1ec-594c-467c-a1fe-5bb89175ab34","local_time":"20210217174902","is_ascension_mode":true,"campfire_choices":[{"data":"Zap","floor":6,"key":"SMITH"},{"data":"Rainbow","floor":11,"key":"SMITH"},{"data":"Go for the Eyes","floor":15,"key":"SMITH"},{"floor":23,"key":"RECALL"},{"floor":32,"key":"REST"},{"floor":40,"key":"REST"},{"floor":42,"key":"REST"},{"floor":49,"key":"REST"},{"floor":53,"key":"REST"}],"circlet_count":0,"master_deck":["AscendersBane","Strike_B+1","Defend_B+1","Defend_B+1","Defend_B+1","Defend_B+1","Zap+1","Dualcast","Compile Driver+1","Ball Lightning","Ball Lightning+1","Rainbow+1","Self Repair","Go for the Eyes+1","Buffer","Cold Snap","Defragment+1","Defragment","Capacitor","Capacitor","Aggregate","Coolheaded","Cold Snap","Seek","Conserve Battery+1","Undo+1","Core Surge","Double Energy+1","Undo","Heatsinks","Double Energy","Consume","Core Surge","Parasite","Lockon","Heatsinks+1","Defragment","Biased Cognition","Capacitor","Echo Form"],"relics":["Cracked Core","Regal Pillow","DataDisk","Whetstone","Bag of Preparation","Fusion Hammer","Anchor","Ice Cream","Symbiotic Virus","The Courier","Nuclear Battery","PreservedInsect","Bronze Scales","Juzu Bracelet","Blue Candle","Toxic Egg 2","Art of War"],"acts_visited":["Exordium","TheCity","TheBeyond","TheEnding"],"potions_floor_usage":[8,16,19,25,41,44,50,56,56],"damage_taken":[{"damage":2,"enemies":"Cultist","floor":1,"turns":4},{"damage":0,"enemies":"2 Louse","floor":2,"turns":1},{"damage":0,"enemies":"Small Slimes","floor":4,"turns":3},{"damage":13,"enemies":"3 Louse","floor":7,"turns":3},{"damage":2,"enemies":"2 Fungi Beasts","floor":8,"turns":2},{"damage":12,"enemies":"3 Sentries","floor":12,"turns":5},{"damage":5,"enemies":"Gremlin Nob","floor":14,"turns":3},{"damage":6,"enemies":"Hexaghost","floor":16,"turns":6},{"damage":1,"enemies":"Chosen","floor":18,"turns":3},{"damage":7,"enemies":"3 Byrds","floor":19,"turns":3},{"damage":0,"enemies":"Centurion and Healer","floor":21,"turns":5},{"damage":11,"enemies":"Shelled Parasite and Fungi","floor":24,"turns":6},{"damage":0,"enemies":"Book of Stabbing","floor":25,"turns":4},{"damage":39,"enemies":"Slavers","floor":27,"turns":6},{"damage":2,"enemies":"Snake Plant","floor":29,"turns":3},{"damage":7,"enemies":"Book of Stabbing","floor":30,"turns":4},{"damage":0,"enemies":"Snecko","floor":31,"turns":3},{"damage":9,"enemies":"Collector","floor":33,"turns":11},{"damage":0,"enemies":"Orb Walker","floor":35,"turns":3},{"damage":3,"enemies":"3 Darklings","floor":37,"turns":6},{"damage":0,"enemies":"Giant Head","floor":41,"turns":8},{"damage":9,"enemies":"Reptomancer","floor":44,"turns":5},{"damage":15,"enemies":"Writhing Mass","floor":45,"turns":7},{"damage":15,"enemies":"Sphere and 2 Shapes","floor":46,"turns":6},{"damage":1,"enemies":"3 Darklings","floor":47,"turns":5},{"damage":0,"enemies":"Writhing Mass","floor":48,"turns":4},{"damage":42,"enemies":"Awakened One","floor":50,"turns":14},{"damage":21,"enemies":"Time Eater","floor":51,"turns":14},{"damage":46,"enemies":"Shield and Spear","floor":55,"turns":5},{"damage":46,"enemies":"The Heart","floor":56,"turns":5}],"seed_played":"3846366514149201785","potions_obtained":[{"floor":1,"key":"LiquidBronze"},{"floor":7,"key":"GamblersBrew"},{"floor":12,"key":"DistilledChaos"},{"floor":16,"key":"BlessingOfTheForge"},{"floor":18,"key":"PowerPotion"},{"floor":19,"key":"FocusPotion"},{"floor":30,"key":"Weak Potion"},{"floor":37,"key":"Swift Potion"},{"floor":44,"key":"SkillPotion"},{"floor":46,"key":"FearPotion"},{"floor":55,"key":"LiquidBronze"}],"is_trial":false,"path_per_floor":["M","M","?","M","?","R","M","M","T","?","R","E","?","E","R","B",null,"M","M","$","M","$","R","M","E","T","E","?","M","E","M","R","B",null,"M","?","M","?","$","R","E","R","T","E","M","M","M","M","R","B","B",null,"R","$","E","B"],"character_chosen":"DEFECT","items_purchased":["Anchor","Defragment","Capacitor","PreservedInsect","Heatsinks","Double Energy","Bronze Scales","Defragment","Biased Cognition","Capacitor"],"campfire_rested":5,"item_purchase_floors":[20,20,22,39,39,39,39,54,54,54],"current_hp_per_floor":[62,62,55,55,55,55,42,40,40,40,40,28,28,23,23,24,59,65,65,65,71,71,71,67,71,71,39,39,44,44,44,71,69,71,71,71,71,71,71,71,71,71,71,69,61,53,59,66,71,36,15,57,71,71,32,0,0],"gold":43,"neow_bonus":"RANDOM_COMMON_RELIC","is_daily":false,"chose_seed":false,"campfire_upgraded":3,"win_rate":0.0,"timestamp":1613602142,"path_taken":["M","?","?","M","?","R","M","M","T","?","R","E","?","E","R","BOSS","M","?","$","M","?","R","?","E","T","E","?","M","E","M","R","BOSS","M","?","?","?","$","R","E","R","T","E","M","M","M","M","R","BOSS","BOSS","R","$","E","BOSS"],"items_purchased_type":["Relic","Card","Card","Relic","Card","Card","Relic","Card","Card","Card"],"build_version":"2020-12-22","purchased_purges":1,"victory":false,"max_hp_per_floor":[71,71,71,71,71,71,71,71,71,71,71,71,71,71,71,71,71,71,71,71,71,71,71,71,71,71,71,71,71,71,71,71,71,71,71,71,71,71,71,71,71,71,71,71,71,71,71,71,71,71,71,71,71,71,71,71,71],"relic_stats":{"Regal Pillow":6,"counters":[30,157],"Bronze Scales":[348],"Blue Candle":[3],"PreservedInsect":282,"Bag of Preparation":[46],"Juzu Bracelet":0,"Art of War":[2],"Whetstone":["Compile Driver","Ball Lightning"],"obtain_stats":[{"Ice Cream":25,"Regal Pillow":0,"Blue Candle":43,"The Courier":30,"PreservedInsect":39,"Bag of Preparation":14,"Juzu Bracelet":41,"Whetstone":12,"Nuclear Battery":34,"DataDisk":9,"Anchor":20,"Bronze Scales":39,"Fusion Hammer":17,"Art of War":55,"Toxic Egg 2":44,"Cracked Core":0,"Symbiotic Virus":27},{"Ice Cream":13,"Regal Pillow":0,"Blue Candle":21,"The Courier":16,"PreservedInsect":20,"Bag of Preparation":7,"Juzu Bracelet":21,"Whetstone":6,"Nuclear Battery":18,"DataDisk":5,"Anchor":10,"Bronze Scales":20,"Fusion Hammer":8,"Art of War":29,"Toxic Egg 2":22,"Cracked Core":0,"Symbiotic Virus":14},{"Ice Cream":48,"Regal Pillow":0,"Blue Candle":92,"The Courier":61,"PreservedInsect":84,"Bag of Preparation":21,"Juzu Bracelet":92,"Whetstone":18,"Nuclear Battery":75,"DataDisk":13,"Anchor":33,"Bronze Scales":84,"Fusion Hammer":27,"Art of War":152,"Toxic Egg 2":97,"Cracked Core":0,"Symbiotic Virus":54}]},"card_choices":[{"not_picked":["Loop","Redo"],"picked":"Compile Driver","floor":1},{"not_picked":["Hologram","Glacier"],"picked":"Ball Lightning","floor":2},{"not_picked":["Melter","FTL"],"picked":"Ball Lightning","floor":4},{"not_picked":["Sweeping Beam","Turbo"],"picked":"Rainbow","floor":7},{"not_picked":["Steam Power","Ball Lightning","Scrape"],"picked":"SKIP","floor":8},{"not_picked":["Streamline","All For One"],"picked":"Self Repair","floor":12},{"not_picked":["Sweeping Beam","Cold Snap"],"picked":"Go for the Eyes","floor":14},{"not_picked":["Hyperbeam","All For One"],"picked":"Buffer","floor":16},{"not_picked":["Sweeping Beam","Rebound"],"picked":"Cold Snap","floor":18},{"not_picked":["Scrape","Leap"],"picked":"Defragment+1","floor":19},{"not_picked":["Stack","Cold Snap"],"picked":"Capacitor","floor":21},{"not_picked":["Stack","Aggregate","Capacitor"],"picked":"SKIP","floor":24},{"not_picked":["Stack","Aggregate","Capacitor"],"picked":"SKIP","floor":24},{"not_picked":["Stack","Capacitor"],"picked":"Aggregate","floor":24},{"not_picked":["Fusion","Reprogram+1"],"picked":"Coolheaded","floor":25},{"not_picked":["Leap","Streamline+1"],"picked":"Cold Snap","floor":27},{"not_picked":["Leap","Reinforced Body"],"picked":"Seek","floor":29},{"not_picked":["Beam Cell","Steam"],"picked":"Conserve Battery+1","floor":30},{"not_picked":["Melter+1","Turbo"],"picked":"Undo+1","floor":31},{"not_picked":["Hyperbeam","Machine Learning"],"picked":"Core Surge","floor":33},{"not_picked":["Leap","Conserve Battery","Go for the Eyes"],"picked":"SKIP","floor":35},{"not_picked":["Leap","Hello World+1"],"picked":"Double Energy+1","floor":37},{"not_picked":["Auto Shields+1","Redo"],"picked":"Consume","floor":41},{"not_picked":["Beam Cell","Scrape+1"],"picked":"Core Surge","floor":44},{"not_picked":["Rebound","Go for the Eyes"],"picked":"Lockon","floor":45},{"not_picked":["Reprogram+1","Scrape","Go for the Eyes"],"picked":"SKIP","floor":46},{"not_picked":["Storm","Go for the Eyes"],"picked":"Heatsinks+1","floor":47},{"not_picked":["Gash","Leap+1","Redo+1"],"picked":"SKIP","floor":48},{"not_picked":["Chill+1","Ball Lightning"],"picked":"Echo Form","floor":55}],"player_experience":8699823,"relics_obtained":[{"floor":9,"key":"DataDisk"},{"floor":12,"key":"Whetstone"},{"floor":14,"key":"Bag of Preparation"},{"floor":25,"key":"Ice Cream"},{"floor":27,"key":"Symbiotic Virus"},{"floor":30,"key":"The Courier"},{"floor":41,"key":"Juzu Bracelet"},{"floor":43,"key":"Blue Candle"},{"floor":44,"key":"Toxic Egg 2"},{"floor":55,"key":"Art of War"}],"event_choices":[{"cards_removed":["Strike_B"],"damage_healed":0,"gold_gain":0,"player_choice":"Card Removal","damage_taken":7,"max_hp_gain":0,"max_hp_loss":0,"event_name":"Golden Wing","floor":3,"gold_loss":0},{"cards_removed":["Strike_B"],"damage_healed":0,"gold_gain":0,"player_choice":"Card Removal","damage_taken":0,"max_hp_gain":0,"max_hp_loss":0,"event_name":"The Cleric","floor":5,"gold_loss":75},{"damage_healed":0,"gold_gain":0,"player_choice":"Ignored","damage_taken":0,"max_hp_gain":0,"max_hp_loss":0,"event_name":"Liars Game","floor":10,"gold_loss":0},{"damage_healed":0,"gold_gain":0,"player_choice":"Got Potions","damage_taken":0,"max_hp_gain":0,"max_hp_loss":0,"event_name":"Lab","floor":13,"gold_loss":0},{"damage_healed":0,"gold_gain":0,"player_choice":"Simplicity","damage_taken":0,"max_hp_gain":0,"max_hp_loss":0,"event_name":"Back to Basics","floor":28,"gold_loss":0,"cards_upgraded":["Strike_B","Strike_B","Defend_B","Defend_B","Defend_B","Defend_B"]},{"damage_healed":0,"gold_gain":275,"player_choice":"Desecrate","damage_taken":0,"max_hp_gain":0,"max_hp_loss":0,"event_name":"Golden Shrine","floor":36,"gold_loss":0,"cards_obtained":["Regret"]},{"damage_healed":0,"gold_gain":0,"cards_transformed":["Strike_B"],"player_choice":"Transformed","damage_taken":0,"max_hp_gain":0,"max_hp_loss":0,"event_name":"Transmorgrifier","floor":38,"gold_loss":0,"cards_obtained":["Undo"]}],"is_beta":false,"boss_relics":[{"not_picked":["Busted Crown","SacredBark"],"picked":"Fusion Hammer"},{"not_picked":["Runic Dome","Astrolabe"],"picked":"Nuclear Battery"}],"items_purged_floors":[39],"is_endless":false,"potions_floor_spawned":[1,7,12,16,18,19,30,33,37,44,46,47,55],"killed_by":"The Heart","ascension_level":20}}