{"host":"iodx9wtiy6cq33np","time":1613540057,"event":{"mods":["2.2 Compatiblity","Act Like it!","BaseMod","Colored Map","DeckTracker","Keyboard Shortcuts","Minty Spire (QoL Compilation)","Permanent Neow","Quick Restart","Rare Cards Sparkle","StSLib","SuperFastMode","The Dragon Tamer"],"gold_per_floor":[112,112,112,124,49,83,83,83,83,170,201,213,253,277,289,402,414,446,468,498,510,522,534,252,252,305,305,321,350,71,71,71,171,171,181,32,32,52,52,52,85,85,133,133,133,147,147,70,70,70],"floor_reached":51,"language":"KOR","playtime":2069,"items_purged":["DTMod:Strike","DTMod:StunTrap","DTMod:FlameSlash"],"score":836,"play_id":"3c172c5d-c639-4884-826e-df8f1866be18","local_time":"20210217143417","is_ascension_mode":true,"metric_token":863,"campfire_choices":[{"data":"DTMod:StarRain","floor":7.0,"key":"SMITH"},{"data":"DTMod:SwitchingTactic","floor":15.0,"key":"SMITH"},{"floor":23.0,"key":"REST"},{"data":"DTMod:Prediction","floor":25.0,"key":"SMITH"},{"data":"DTMod:CrossStep","floor":27.0,"key":"SMITH"},{"data":"DTMod:SealedStrike+1","floor":32.0,"key":"SMITH"},{"data":"DTMod:SealedStrike+2","floor":40,"key":"SMITH"},{"data":"DTMod:SealedStrike+3","floor":42,"key":"SMITH"},{"data":"DTMod:SealedStrike+4","floor":44,"key":"SMITH"},{"floor":47,"key":"REST"},{"floor":49,"key":"REST"}],"dtmod_dragon_data":[6,58,1,0,8,0],"circlet_count":0,"master_deck":["DTMod:DoubleHit+1","DTMod:SwitchingTactic+1","DTMod:StarRain+1","DTMod:MagicField+1","DTMod:Shift+1","DTMod:Inferno+1","DTMod:TriAttack+1","DTMod:FierySynthesis+1","DTMod:Prediction+1","DTMod:Inferno+1","DTMod:CrossStep+1","DTMod:FlameSlash+1","Necronomicurse","DTMod:GhostSkin+1","DTMod:Safeguard+1","DTMod:SealedStrike+5","DTMod:Weaken+1","DTMod:Harmonize+1","Flash of Steel+1","DTMod:MagicField+1","DTMod:RecklessFlurry+1","DTMod:CleansingStrike+1"],"relics":["DTMod:PactStone","NeowsBlessing","Turnip","CultistMask","War Paint","MawBank","Potion Belt","Pandora\u0027s Box","Necronomicon","Whetstone","Pen Nib","Molten Egg 2","Black Star","DTMod:MindBender","Lantern","DTMod:SolidMemories","Dream Catcher"],"acts_visited":["Exordium","TheCity","TheBeyond"],"potions_floor_usage":[39,46,50,50],"damage_taken":[{"damage":0.0,"enemies":"Cultist","floor":1.0,"turns":1.0},{"damage":0.0,"enemies":"Jaw Worm","floor":4.0,"turns":1.0},{"damage":0.0,"enemies":"Gremlin Nob","floor":6.0,"turns":1.0},{"damage":0.0,"enemies":"2 Louse","floor":11.0,"turns":2.0},{"damage":6.0,"enemies":"Lagavulin","floor":13.0,"turns":6.0},{"damage":0.0,"enemies":"Exordium Thugs","floor":14.0,"turns":3.0},{"damage":0.0,"enemies":"Slime Boss","floor":16.0,"turns":7.0},{"damage":0.0,"enemies":"2 Thieves","floor":18.0,"turns":2.0},{"damage":0.0,"enemies":"Shell Parasite","floor":19.0,"turns":3.0},{"damage":4.0,"enemies":"Snecko","floor":20.0,"turns":3.0},{"damage":5.0,"enemies":"Chosen and Byrds","floor":28.0,"turns":2.0},{"damage":0.0,"enemies":"Slavers","floor":29.0,"turns":2.0},{"damage":23,"enemies":"Champ","floor":33,"turns":7},{"damage":0,"enemies":"3 Shapes","floor":35,"turns":1},{"damage":10,"enemies":"Orb Walker","floor":38,"turns":2},{"damage":0,"enemies":"Jaw Worm Horde","floor":39,"turns":1},{"damage":1,"enemies":"Reptomancer","floor":41,"turns":5},{"damage":12,"enemies":"Transient","floor":46,"turns":5},{"damage":24,"enemies":"Time Eater","floor":50,"turns":7}],"seed_played":"-2879198355083805489","potions_obtained":[{"floor":4.0,"key":"Energy Potion"},{"floor":6.0,"key":"SkillPotion"},{"floor":13.0,"key":"Strength Potion"},{"floor":20.0,"key":"LiquidBronze"},{"floor":28.0,"key":"SpeedPotion"},{"floor":33,"key":"SmokeBomb"},{"floor":35,"key":"Strength Potion"},{"floor":41,"key":"SneckoOil"},{"floor":46,"key":"DistilledChaos"}],"is_trial":false,"path_per_floor":["M","?","?","M","$","E","R","?","T","?","M","$","E","M","R","B",null,"M","M","M","?","?","R","$","R","T","R","M","E","$","?","R","B",null,"M","$","?","M","M","R","E","R","T","R","?","M","R","$","R","B",null],"character_chosen":"THE_DT","items_purchased":["Whetstone","DTMod:QuickFly","DTMod:Safeguard","DTMod:MindBender","DuplicationPotion"],"campfire_rested":3,"item_purchase_floors":[24,24,30,36,48],"current_hp_per_floor":[45,42,42,42,42,42,42,33,33,22,22,22,16,16,16,16,45,45,45,41,35,19,34,34,34,34,34,29,29,29,29,29,6,50,50,50,50,40,40,40,39,39,39,39,39,27,42,42,50,26],"gold":70,"neow_bonus":"THREE_ENEMY_KILL","is_daily":false,"chose_seed":false,"campfire_upgraded":8,"win_rate":0.0,"timestamp":1613540057,"path_taken":["M","?","?","?","?","E","R","?","T","?","M","$","E","?","R","BOSS","M","?","M","?","?","R","$","R","T","R","M","E","$","?","R","BOSS","M","$","?","M","M","R","E","R","T","R","?","M","R","$","R","BOSS"],"items_purchased_type":["Relic","Card","Card","Relic","Potion"],"build_version":"2020-12-22","purchased_purges":3,"victory":true,"max_hp_per_floor":[45,45,45,45,45,45,45,45,45,45,45,45,45,45,45,45,45,45,45,45,50,50,50,50,50,50,50,50,50,50,50,50,50,50,50,50,50,50,50,50,50,50,50,50,50,50,50,50,50,50],"card_choices":[{"not_picked":["DTMod:Training","DTMod:Threaten"],"picked":"DTMod:FlameSlash","floor":1.0},{"not_picked":["DTMod:MasterPlan","DTMod:Threaten"],"picked":"DTMod:StarRain","floor":4.0},{"not_picked":["DTMod:BizarreTactic","DTMod:CalculatedDefense"],"picked":"DTMod:MagicField","floor":6.0},{"not_picked":["DTMod:InvisibleFlame","DTMod:BreakAttack","DTMod:MagicField"],"picked":"SKIP","floor":11.0},{"not_picked":["DTMod:InvisibleFlame","DTMod:MagicField"],"picked":"DTMod:BreakAttack","floor":11.0},{"not_picked":["DTMod:CalculatedDefense","DTMod:Training","DTMod:Hide"],"picked":"SKIP","floor":13.0},{"not_picked":["DTMod:SneakAttack","DTMod:CrossStep"],"picked":"DTMod:Shift","floor":14.0},{"not_picked":["DTMod:ResonanceForm","DTMod:RepeatStrike"],"picked":"DTMod:Inferno","floor":16.0},{"not_picked":["DTMod:HeatWave","DTMod:Weaken","DTMod:Punisher"],"picked":"SKIP","floor":18.0},{"not_picked":["DTMod:BreakAttack","DTMod:BurningEnergy"],"picked":"DTMod:DarkBreath+1","floor":19.0},{"not_picked":["DTMod:Feint","DTMod:ForkedFire","DTMod:LowKick"],"picked":"SKIP","floor":20.0},{"not_picked":["DTMod:BizarreTactic","DTMod:FlameSlash","DTMod:QuickFly"],"picked":"SKIP","floor":28.0},{"not_picked":["DTMod:CrossStep","DTMod:Hide"],"picked":"DTMod:GhostSkin+1","floor":29.0},{"not_picked":["DTMod:Outburst","DTMod:StunTrap"],"picked":"DTMod:Harmonize","floor":33},{"not_picked":["DTMod:BizarreTactic","DTMod:BlazingStrike+1","DTMod:Punisher+1"],"picked":"SKIP","floor":35},{"not_picked":["Discovery","Swift Strike+1"],"picked":"Flash of Steel+1","floor":37},{"not_picked":["DTMod:Feint+1","DTMod:SneakAttack+1","DTMod:BlazingStrike+1"],"picked":"SKIP","floor":38},{"not_picked":["DTMod:DragonDance","DTMod:MasterPlan"],"picked":"DTMod:MagicField","floor":41},{"not_picked":["DTMod:BizarreTactic+1","DTMod:MaximumCharge+1","DTMod:CrossStep"],"picked":"SKIP","floor":46},{"not_picked":["DTMod:ComboAttack+1","DTMod:TauntingStrike+1"],"picked":"DTMod:RecklessFlurry+1","floor":47},{"not_picked":["DTMod:ComboAttack+1","DTMod:BurningEnergy+1"],"picked":"DTMod:CleansingStrike+1","floor":49}],"player_experience":930324,"relics_obtained":[{"floor":6.0,"key":"War Paint"},{"floor":9.0,"key":"MawBank"},{"floor":13.0,"key":"Potion Belt"},{"floor":22.0,"key":"Necronomicon"},{"floor":26.0,"key":"Pen Nib"},{"floor":29.0,"key":"Molten Egg 2"},{"floor":41,"key":"Lantern"},{"floor":41,"key":"DTMod:SolidMemories"},{"floor":43,"key":"Dream Catcher"}],"event_choices":[{"damage_healed":0.0,"max_hp_gain":0.0,"max_hp_loss":0.0,"gold_gain":0.0,"event_name":"Scrap Ooze","player_choice":"Success","floor":2.0,"gold_loss":0.0,"damage_taken":3.0,"relics_obtained":["Turnip"]},{"damage_healed":0.0,"max_hp_gain":0.0,"max_hp_loss":0.0,"gold_gain":0.0,"event_name":"FaceTrader","player_choice":"Trade","floor":3.0,"gold_loss":0.0,"damage_taken":0.0,"relics_obtained":["CultistMask"]},{"damage_healed":0.0,"max_hp_gain":0.0,"max_hp_loss":0.0,"gold_gain":0.0,"event_name":"Shining Light","player_choice":"Entered Light","floor":8.0,"gold_loss":0.0,"damage_taken":9.0,"cards_upgraded":["DTMod:TargetDefense","DTMod:MagicField"]},{"damage_healed":0.0,"max_hp_gain":0.0,"max_hp_loss":0.0,"gold_gain":75.0,"event_name":"World of Goop","player_choice":"Gather Gold","floor":10.0,"gold_loss":0.0,"damage_taken":11.0},{"damage_healed":0.0,"max_hp_gain":5.0,"max_hp_loss":0.0,"gold_gain":0.0,"event_name":"Forgotten Altar","player_choice":"Shed Blood","floor":21.0,"gold_loss":0.0,"damage_taken":11.0},{"damage_healed":0.0,"max_hp_gain":0.0,"max_hp_loss":0.0,"gold_gain":0.0,"event_name":"Cursed Tome","player_choice":"Obtained Book","floor":22.0,"gold_loss":0.0,"damage_taken":16.0},{"damage_healed":0.0,"max_hp_gain":0.0,"max_hp_loss":0.0,"gold_gain":0.0,"cards_transformed":["DTMod:BreakAttack","DTMod:QuickFly"],"event_name":"Drug Dealer","player_choice":"Became Test Subject","floor":31.0,"gold_loss":0.0,"damage_taken":0.0,"cards_obtained":["DTMod:SealedStrike","DTMod:Weaken"]},{"damage_healed":0,"gold_gain":0,"player_choice":"Memory 1","damage_taken":0,"max_hp_gain":0,"max_hp_loss":0,"event_name":"SensoryStone","floor":37,"gold_loss":0},{"cards_removed":["DTMod:DarkBreath"],"damage_healed":0,"gold_gain":0,"player_choice":"Removed Attack","damage_taken":0,"max_hp_gain":0,"max_hp_loss":0,"event_name":"Falling","floor":45,"gold_loss":0}],"is_beta":false,"boss_relics":[{"not_picked":["Cursed Key","Busted Crown"],"picked":"Pandora\u0027s Box"},{"not_picked":["Calling Bell","Coffee Dripper"],"picked":"Black Star"}],"items_purged_floors":[5,24,30],"is_endless":false,"potions_floor_spawned":[4,6,13,20,28,33,35,41,46],"ascension_level":1}}