{"host":"jyt72nbfoih0mxuq","time":1613559374,"event":{"mods":["BaseMod","Minty Spire (QoL Compilation)","Relic Stats"],"gold_per_floor":[110,32,45,61,236,263,263,291,291,305,305,230,230,260,260,362,362,376,376,376,121,132,161,161,161,211,211,233,233,273,291,291,405,405,423,423,441,72,89,129,129,157,157,177,206,206,217,217,217,217,217,217,48,48,48],"floor_reached":54,"language":"ENG","playtime":2828,"items_purged":["Doubt","Strike_R"],"score":1051,"play_id":"b32f5e97-510c-48d6-aa61-8ab73bdf4f3e","local_time":"20210217115614","is_ascension_mode":true,"campfire_choices":[{"data":"Spot Weakness","floor":7,"key":"SMITH"},{"floor":11,"key":"REST"},{"data":"Bash","floor":15,"key":"SMITH"},{"floor":27,"key":"RECALL"},{"floor":29,"key":"REST"},{"floor":32,"key":"REST"},{"floor":41,"key":"REST"},{"floor":49,"key":"REST"},{"floor":52,"key":"REST"}],"circlet_count":0,"master_deck":["Strike_R+1","Strike_R+1","Strike_R","Strike_R","Defend_R","Defend_R","Defend_R+1","Bash+1","Carnage","Pommel Strike","Spot Weakness+1","Flame Barrier","Shrug It Off+1","Juggernaut","Necronomicurse","Metallicize+1","Burning Pact","Barricade","Armaments","Body Slam+1","Reaper","Madness","Madness","Entrench","Shrug It Off","Pummel","Limit Break","Heavy Blade"],"relics":["Burning Blood","TungstenRod","Question Card","Letter Opener","HornCleat","FossilizedHelix","Fusion Hammer","Necronomicon","Whetstone","Vajra","CeramicFish","Du-Vu Doll","Snecko Eye","War Paint","OrangePellets","Centennial Puzzle","Anchor"],"acts_visited":["Exordium","TheCity","TheBeyond","TheEnding"],"potions_floor_usage":[6,14,16,30,40,40,42,45],"damage_taken":[{"damage":11,"enemies":"Cultist","floor":1,"turns":4},{"damage":4,"enemies":"2 Louse","floor":3,"turns":3},{"damage":7,"enemies":"Jaw Worm","floor":4,"turns":2},{"damage":40,"enemies":"Lagavulin","floor":6,"turns":7},{"damage":26,"enemies":"3 Sentries","floor":8,"turns":7},{"damage":5,"enemies":"Looter","floor":10,"turns":3},{"damage":17,"enemies":"Gremlin Nob","floor":14,"turns":4},{"damage":42,"enemies":"Slime Boss","floor":16,"turns":12},{"damage":3,"enemies":"3 Byrds","floor":18,"turns":4},{"damage":0,"enemies":"Spheric Guardian","floor":22,"turns":2},{"damage":20,"enemies":"Book of Stabbing","floor":23,"turns":4},{"damage":0,"enemies":"Cultist and Chosen","floor":28,"turns":6},{"damage":8,"enemies":"Slavers","floor":30,"turns":6},{"damage":7,"enemies":"Snake Plant","floor":31,"turns":5},{"damage":3,"enemies":"Champ","floor":33,"turns":9},{"damage":0,"enemies":"3 Shapes","floor":35,"turns":3},{"damage":11,"enemies":"Orb Walker","floor":39,"turns":5},{"damage":68,"enemies":"Giant Head","floor":40,"turns":8},{"damage":32,"enemies":"Nemesis","floor":42,"turns":9},{"damage":46,"enemies":"Writhing Mass","floor":44,"turns":7},{"damage":18,"enemies":"Jaw Worm Horde","floor":45,"turns":5},{"damage":0,"enemies":"Spire Growth","floor":47,"turns":4},{"damage":60,"enemies":"Time Eater","floor":50,"turns":11},{"damage":77,"enemies":"Shield and Spear","floor":54,"turns":3}],"seed_played":"-7388968926685844784","potions_obtained":[{"floor":4,"key":"Weak Potion"},{"floor":10,"key":"Weak Potion"},{"floor":14,"key":"Regen Potion"},{"floor":22,"key":"BloodPotion"},{"floor":28,"key":"PowerPotion"},{"floor":31,"key":"Weak Potion"},{"floor":33,"key":"Fire Potion"},{"floor":40,"key":"Energy Potion"},{"floor":42,"key":"Fire Potion"},{"floor":44,"key":"CultistPotion"},{"floor":47,"key":"EntropicBrew"}],"is_trial":false,"path_per_floor":["M","$","M","M","?","E","R","E","T","M","R","$","T","E","R","B",null,"M","?","?","$","M","E","$","?","T","R","M","R","E","M","R","B",null,"M","?","?","$","M","E","R","E","T","M","M","?","M","?","R","B",null,"R","$","E"],"character_chosen":"IRONCLAD","items_purchased":["Carnage","Whetstone","Entrench","War Paint","OrangePellets","Limit Break","Heavy Blade"],"campfire_rested":6,"item_purchase_floors":[2,21,38,38,38,53,53],"current_hp_per_floor":[75,75,77,76,76,42,42,22,22,23,49,49,49,38,38,17,70,73,73,61,61,67,53,53,53,53,53,59,85,83,82,88,88,88,88,88,78,78,73,49,75,63,63,23,33,33,40,77,77,30,65,77,77,0,0],"gold":48,"neow_bonus":"TEN_PERCENT_HP_BONUS","is_daily":false,"chose_seed":false,"campfire_upgraded":2,"win_rate":0.0,"timestamp":1613559374,"path_taken":["M","?","M","M","?","E","R","E","T","M","R","$","?","E","R","BOSS","M","?","?","$","M","E","$","?","T","R","M","R","E","M","R","BOSS","M","?","?","$","M","E","R","E","T","M","M","?","M","?","R","BOSS","R","$","E"],"items_purchased_type":["Card","Relic","Card","Relic","Relic","Card","Card"],"build_version":"2020-12-22","purchased_purges":2,"victory":false,"max_hp_per_floor":[88,88,88,88,88,88,88,88,88,88,88,88,88,88,88,88,88,88,88,88,88,88,88,88,88,88,88,88,88,88,88,88,88,88,88,88,88,88,88,88,88,88,88,88,88,88,88,77,77,77,77,77,77,77,77],"relic_stats":{"counters":[24,133],"CeramicFish":90,"Letter Opener":[127],"Whetstone":["Strike_R","Strike_R"],"War Paint":["Defend_R","Shrug It Off"],"Question Card":17,"Burning Blood":129,"OrangePellets":[2],"Centennial Puzzle":[15],"Snecko Eye":[105,74,83,104],"Necronomicon":[30],"obtain_stats":[{"CeramicFish":26,"Vajra":23,"Letter Opener":9,"Whetstone":21,"War Paint":38,"Question Card":8,"Burning Blood":0,"Du-Vu Doll":30,"OrangePellets":38,"Centennial Puzzle":40,"Anchor":42,"HornCleat":13,"Snecko Eye":34,"Fusion Hammer":17,"Necronomicon":20,"TungstenRod":6,"FossilizedHelix":14},{"CeramicFish":11,"Vajra":11,"Letter Opener":5,"Whetstone":9,"War Paint":16,"Question Card":5,"Burning Blood":0,"Du-Vu Doll":13,"OrangePellets":16,"Centennial Puzzle":18,"Anchor":19,"HornCleat":6,"Snecko Eye":15,"Fusion Hammer":8,"Necronomicon":9,"TungstenRod":4,"FossilizedHelix":7},{"CeramicFish":52,"Vajra":52,"Letter Opener":23,"Whetstone":46,"War Paint":81,"Question Card":23,"Burning Blood":0,"Du-Vu Doll":64,"OrangePellets":81,"Centennial Puzzle":94,"Anchor":103,"HornCleat":26,"Snecko Eye":78,"Fusion Hammer":42,"Necronomicon":46,"TungstenRod":16,"FossilizedHelix":30}],"TungstenRod":60},"card_choices":[{"not_picked":["Flex","Heavy Blade","Burning Pact"],"picked":"SKIP","floor":1},{"not_picked":["Dropkick","Iron Wave"],"picked":"Pommel Strike","floor":3},{"not_picked":["Feel No Pain","Pummel","Clothesline"],"picked":"SKIP","floor":4},{"not_picked":["Searing Blow","Havoc"],"picked":"Spot Weakness","floor":6},{"not_picked":["Sword Boomerang","Anger","Intimidate"],"picked":"SKIP","floor":8},{"not_picked":["Rampage","Iron Wave","Thunderclap"],"picked":"Flame Barrier","floor":10},{"not_picked":["Thunderclap","Whirlwind","Uppercut"],"picked":"Shrug It Off","floor":14},{"not_picked":["Offering","Immolate","Double Tap"],"picked":"Juggernaut","floor":16},{"not_picked":["Carnage","Thunderclap+1","Anger","Shockwave"],"picked":"SKIP","floor":18},{"not_picked":["Wild Strike","Sever Soul+1","Whirlwind","Metallicize+1"],"picked":"SKIP","floor":22},{"not_picked":["Wild Strike","Sever Soul+1","Whirlwind"],"picked":"Metallicize+1","floor":22},{"not_picked":["Headbutt","Flex","Warcry"],"picked":"Burning Pact","floor":23},{"not_picked":["Metallicize","Twin Strike","Searing Blow"],"picked":"Armaments","floor":28},{"not_picked":["Clothesline+1","Pommel Strike","Armaments"],"picked":"Body Slam+1","floor":30},{"not_picked":["Power Through","Clothesline","Berserk","Second Wind"],"picked":"SKIP","floor":31},{"not_picked":["Barricade","Berserk","Corruption"],"picked":"Reaper","floor":33},{"not_picked":["Pommel Strike","Sentinel","Anger+1","Body Slam+1"],"picked":"SKIP","floor":35},{"not_picked":["Warcry+1","Combust","Burning Pact","Infernal Blade"],"picked":"SKIP","floor":39},{"not_picked":["Reaper","Evolve+1","Clash+1"],"picked":"Shrug It Off","floor":40},{"not_picked":["Infernal Blade","Reaper","Combust","Second Wind"],"picked":"SKIP","floor":42},{"not_picked":["Intimidate+1","Cleave+1","Perfected Strike+1","Pommel Strike+1"],"picked":"SKIP","floor":44},{"not_picked":["Twin Strike+1","Dark Embrace+1","Body Slam"],"picked":"Pummel","floor":45},{"not_picked":["Warcry+1","Clothesline+1","Heavy Blade","True Grit"],"picked":"SKIP","floor":47}],"player_experience":213301,"relics_obtained":[{"floor":6,"key":"TungstenRod"},{"floor":8,"key":"Question Card"},{"floor":9,"key":"Letter Opener"},{"floor":13,"key":"HornCleat"},{"floor":14,"key":"FossilizedHelix"},{"floor":20,"key":"Necronomicon"},{"floor":23,"key":"Vajra"},{"floor":26,"key":"CeramicFish"},{"floor":30,"key":"Du-Vu Doll"},{"floor":40,"key":"Centennial Puzzle"},{"floor":42,"key":"Anchor"}],"event_choices":[{"damage_healed":0,"gold_gain":175,"player_choice":"AGREE","damage_taken":0,"max_hp_gain":0,"max_hp_loss":0,"event_name":"Liars Game","floor":5,"gold_loss":0,"cards_obtained":["Doubt"]},{"damage_healed":0,"gold_gain":0,"player_choice":"Ignored","damage_taken":0,"max_hp_gain":0,"max_hp_loss":0,"event_name":"Vampires","floor":19,"gold_loss":0},{"damage_healed":0,"gold_gain":0,"player_choice":"Obtained Book","damage_taken":16,"max_hp_gain":0,"max_hp_loss":0,"event_name":"Cursed Tome","floor":20,"gold_loss":0},{"damage_healed":0,"gold_gain":0,"player_choice":"Read","damage_taken":0,"max_hp_gain":0,"max_hp_loss":0,"event_name":"The Library","floor":25,"gold_loss":0,"cards_obtained":["Barricade"]},{"cards_removed":["Defend_R"],"damage_healed":0,"gold_gain":0,"player_choice":"Removed Skill","damage_taken":0,"max_hp_gain":0,"max_hp_loss":0,"event_name":"Falling","floor":36,"gold_loss":0},{"damage_healed":0,"gold_gain":0,"player_choice":"Embrace Madness","damage_taken":11,"max_hp_gain":0,"max_hp_loss":0,"event_name":"Winding Halls","floor":37,"gold_loss":0,"cards_obtained":["Madness","Madness"]},{"damage_healed":0,"gold_gain":0,"player_choice":"Ignored","damage_taken":0,"max_hp_gain":0,"max_hp_loss":0,"event_name":"Tomb of Lord Red Mask","floor":46,"gold_loss":0},{"damage_healed":77,"gold_gain":0,"player_choice":"Heal","damage_taken":0,"max_hp_gain":0,"max_hp_loss":11,"event_name":"The Moai Head","floor":48,"gold_loss":0}],"is_beta":false,"boss_relics":[{"not_picked":["Runic Dome","Coffee Dripper"],"picked":"Fusion Hammer"},{"not_picked":["Empty Cage","Black Blood"],"picked":"Snecko Eye"}],"items_purged_floors":[12,21],"is_endless":false,"potions_floor_spawned":[4,10,14,22,28,31,33,40,42,44,47],"killed_by":"Shield and Spear","ascension_level":8}}