{"host":"vyjryxuuuxkt43k4","time":1613547825,"event":{"mods":["AchievementEnabler","BaseMod","Colored Map","DeckTracker","Keyboard Shortcuts","Minty Spire (QoL Compilation)","Permanent Neow","Quick Restart","StSLib","SuperFastMode","everything is the same but u backflip on backflip"],"gold_per_floor":[119,44,59,77,96,96,129,143,143,143,159,159,159,170,170,170,170],"floor_reached":16,"language":"KOR","playtime":1172,"items_purged":["Strike_R"],"score":208,"play_id":"c66a9279-4247-449f-830a-1cb24d5e6dbe","local_time":"20210217164345","is_ascension_mode":true,"campfire_choices":[{"data":"Offering","floor":6,"key":"SMITH"},{"data":"Body Slam","floor":10,"key":"SMITH"},{"floor":13,"key":"DIG"},{"floor":15,"key":"DIG"}],"circlet_count":0,"master_deck":["AscendersBane","Strike_R","Strike_R","Strike_R","Defend_R","Defend_R","Defend_R","Defend_R","Bash","Dropkick","Feel No Pain","Shrug It Off","Offering+1","Body Slam+1","Carnage","Whirlwind","Disarm"],"relics":["Burning Blood","Regal Pillow","Pen Nib","Shovel","CaptainsWheel","Girya"],"acts_visited":["Exordium"],"potions_floor_usage":[7,11,16,16],"damage_taken":[{"damage":2,"enemies":"Cultist","floor":1,"turns":4},{"damage":7,"enemies":"Jaw Worm","floor":3,"turns":3},{"damage":2,"enemies":"2 Louse","floor":4,"turns":3},{"damage":8,"enemies":"2 Fungi Beasts","floor":5,"turns":4},{"damage":13,"enemies":"3 Sentries","floor":7,"turns":16},{"damage":32,"enemies":"Large Slime","floor":8,"turns":9},{"damage":3,"enemies":"Looter","floor":11,"turns":3},{"damage":25,"enemies":"Exordium Wildlife","floor":14,"turns":5},{"damage":30,"enemies":"The Guardian","floor":16,"turns":12}],"seed_played":"8457439754269383988","potions_obtained":[{"floor":1,"key":"Strength Potion"},{"floor":7,"key":"Weak Potion"},{"floor":8,"key":"AttackPotion"},{"floor":14,"key":"Block Potion"}],"is_trial":false,"path_per_floor":["M","$","M","M","M","R","E","M","T","R","M","?","R","M","R","B"],"character_chosen":"IRONCLAD","items_purchased":[],"campfire_rested":0,"item_purchase_floors":[],"current_hp_per_floor":[72,72,71,75,73,73,66,40,40,40,43,43,43,24,24,0,0],"gold":170,"neow_bonus":"RANDOM_COMMON_RELIC","is_daily":false,"chose_seed":false,"campfire_upgraded":2,"win_rate":0.0,"timestamp":1613547825,"path_taken":["M","$","M","M","?","R","E","M","T","R","M","?","R","M","R","BOSS"],"items_purchased_type":[],"build_version":"2020-12-22","purchased_purges":1,"victory":false,"max_hp_per_floor":[75,75,75,75,75,75,75,75,75,75,75,75,75,75,75,75,75],"card_choices":[{"not_picked":["Havoc","Pommel Strike"],"picked":"Dropkick","floor":1},{"not_picked":["Twin Strike","Clothesline"],"picked":"Feel No Pain","floor":3},{"not_picked":["Reckless Charge","Iron Wave"],"picked":"Shrug It Off","floor":4},{"not_picked":["Perfected Strike","Battle Trance"],"picked":"Offering","floor":5},{"not_picked":["Wild Strike","Perfected Strike"],"picked":"Body Slam","floor":7},{"not_picked":["Pommel Strike","Warcry"],"picked":"Carnage","floor":8},{"not_picked":["Havoc","Perfected Strike"],"picked":"Whirlwind","floor":11},{"not_picked":["Heavy Blade","Intimidate","Twin Strike"],"picked":"SKIP","floor":14}],"player_experience":1013771,"relics_obtained":[{"floor":7,"key":"Pen Nib"},{"floor":9,"key":"Shovel"},{"floor":13,"key":"CaptainsWheel"},{"floor":15,"key":"Girya"}],"event_choices":[{"damage_healed":0,"gold_gain":0,"cards_transformed":["Strike_R"],"player_choice":"Transformed","damage_taken":0,"max_hp_gain":0,"max_hp_loss":0,"event_name":"Transmorgrifier","floor":12,"gold_loss":0,"cards_obtained":["Disarm"]}],"is_beta":false,"boss_relics":[],"items_purged_floors":[2],"is_endless":false,"potions_floor_spawned":[1,7,8,14],"killed_by":"The Guardian","ascension_level":20}}