{"host":"g7uq9uzahx9e0kti","time":1613565744,"event":{"mods":["AchievementEnabler","BaseMod","CapriCore","Hermit","Koishi","Minty Spire (QoL Compilation)","Permanent Neow","Quick Restart","StSLib","SuperFastMode","The Bug Knight","The Cursed","The Hierophant","The Immortal","The Runesmith","Together in Spire","WarShipGirlsR/??á´Ò³R mod"],"gold_per_floor":[115,127,142,24,24,24,42,42,42,70,100,131,142,162,162,266,266,284,224,236,236,151,179,193,193,219,251,278,320,332,378,390,402,402],"floor_reached":33,"language":"KOR","playtime":7357,"items_purged":["rmod:strick"],"score":378,"play_id":"d8ce0c4a-b7d8-4a76-8d1f-bfafc95d1393","local_time":"20210217214224","is_ascension_mode":true,"campfire_choices":[{"data":"rmod:ammunitionsupply","floor":6,"key":"SMITH"},{"data":"rmod:lonelyqueen","floor":15,"key":"SMITH"},{"floor":25,"key":"REST"},{"floor":30,"key":"REST"},{"data":"rmod:ammunitionsupply","floor":32,"key":"SMITH"}],"circlet_count":0,"master_deck":["rmod:strick","rmod:strick","rmod:strick","rmod:defend","rmod:defend","rmod:defend","rmod:defend","rmod:basicallowance","rmod:maingunfire","rmod:goodfighter+1","rmod:ammunitionsupply+1","rmod:aviationdawn","rmod:intelligenceanalysis","rmod:firesupport","rmod:ammunitionsupply+1","rmod:fuelsupply","rmod:guardianhero","rmod:diamondstrike","rmod:diamondstrike","rmod:lonelyqueen+1","rmod:secretscript","rmod:ammunitionsupply","rmod:smokecover+1","rmod:aluminumsupply+1","rmod:unsinkable+1","rmod:fuelsupply+1","rmod:robin"],"relics":["rmod:firstchargereward","HollowMod:PaleOreRelic","The Courier","Unceasing Top","Odd Mushroom","Calipers","Black Star","Enchiridion","Bag of Preparation","Vajra","Mummified Hand","PreservedInsect","MawBank","Ancient Tea Set","TungstenRod","War Paint","rmod:extraamm","Regal Pillow"],"acts_visited":["Exordium","TheCity"],"potions_floor_usage":[10,10,10,13,24,31,33],"damage_taken":[{"damage":0,"enemies":"Cultist","floor":1,"turns":3},{"damage":0,"enemies":"2 Louse","floor":2,"turns":2},{"damage":0,"enemies":"Small Slimes","floor":3,"turns":2},{"damage":9,"enemies":"Blue Slaver","floor":7,"turns":3},{"damage":14,"enemies":"Gremlin Nob","floor":10,"turns":3},{"damage":6,"enemies":"The Mushroom Lair","floor":11,"turns":3},{"damage":11,"enemies":"3 Sentries","floor":12,"turns":4},{"damage":0,"enemies":"2 Fungi Beasts","floor":13,"turns":2},{"damage":6,"enemies":"Looter","floor":14,"turns":2},{"damage":5,"enemies":"Hexaghost","floor":16,"turns":7},{"damage":11,"enemies":"2 Thieves","floor":18,"turns":4},{"damage":13,"enemies":"Shell Parasite","floor":20,"turns":5},{"damage":18,"enemies":"Book of Stabbing","floor":23,"turns":6},{"damage":0,"enemies":"Centurion and Healer","floor":24,"turns":5},{"damage":0,"enemies":"Gremlin Leader","floor":27,"turns":5},{"damage":7,"enemies":"Snake Plant","floor":28,"turns":3},{"damage":10,"enemies":"Slavers","floor":29,"turns":4},{"damage":2,"enemies":"Book of Stabbing","floor":31,"turns":2},{"damage":52,"enemies":"Collector","floor":33,"turns":13}],"seed_played":"4518248362862648000","potions_obtained":[{"floor":1,"key":"BlessingOfTheForge"},{"floor":3,"key":"EntropicBrew"},{"floor":11,"key":"Block Potion"},{"floor":13,"key":"Fruit Juice"},{"floor":16,"key":"LiquidBronze"},{"floor":29,"key":"FearPotion"}],"is_trial":false,"path_per_floor":["M","M","M","$","?","R","M","$","T","E","?","E","M","M","R","B",null,"M","$","M","?","?","E","M","R","T","E","M","E","R","E","R","B"],"character_chosen":"PRAEFECT","items_purchased":["rmod:intelligenceanalysis","rmod:firesupport","rmod:ammunitionsupply"],"campfire_rested":2,"item_purchase_floors":[4,4,4],"current_hp_per_floor":[75,75,75,75,75,75,66,66,66,52,46,35,40,34,34,29,80,69,69,56,40,40,22,22,46,46,46,39,29,53,51,51,0,0],"gold":402,"neow_bonus":"RANDOM_COMMON_RELIC","is_daily":false,"chose_seed":false,"campfire_upgraded":3,"win_rate":0.0,"timestamp":1613565744,"path_taken":["M","M","?","?","?","R","?","$","T","E","?","E","M","M","R","BOSS","M","$","M","?","?","E","M","R","T","E","M","E","R","E","R","BOSS"],"items_purchased_type":["Card","Card","Card"],"build_version":"2020-12-22","purchased_purges":1,"victory":false,"max_hp_per_floor":[75,75,75,75,75,75,75,75,75,75,75,75,80,80,80,80,80,80,80,80,80,80,80,80,80,80,80,80,80,80,80,80,80,80],"card_choices":[{"not_picked":["rmod:aviationdawn","rmod:slowdown"],"picked":"rmod:goodfighter","floor":1},{"not_picked":["rmod:steelsupply","rmod:supportaircraftcarrier"],"picked":"rmod:ammunitionsupply","floor":2},{"not_picked":["rmod:victimresponsibility","rmod:supportaircraftcarrier"],"picked":"rmod:aviationdawn","floor":3},{"not_picked":["rmod:intelligenceanalysis","rmod:luckystar"],"picked":"rmod:fuelsupply","floor":7},{"not_picked":["rmod:expedition","rmod:seals"],"picked":"rmod:guardianhero","floor":10},{"not_picked":["rmod:shuttlebombing","rmod:combined"],"picked":"rmod:diamondstrike","floor":11},{"not_picked":["rmod:capitalist","rmod:steelsupply"],"picked":"rmod:diamondstrike","floor":12},{"not_picked":["rmod:aggressivemary","rmod:goodsister"],"picked":"rmod:lonelyqueen","floor":13},{"not_picked":["rmod:victimresponsibility","rmod:combined","rmod:tearstotiara"],"picked":"SKIP","floor":14},{"not_picked":["rmod:fletcher","rmod:highspeedmaneuver"],"picked":"rmod:secretscript","floor":16},{"not_picked":["rmod:intelligenceanalysis","rmod:slowdown"],"picked":"rmod:ammunitionsupply","floor":18},{"not_picked":["rmod:luckystar+1","rmod:selfconfidence"],"picked":"rmod:smokecover","floor":20},{"not_picked":["rmod:seals","rmod:lonelyqueen"],"picked":"rmod:aluminumsupply+1","floor":23},{"not_picked":["rmod:rockthrower+1","rmod:diamondstrike","rmod:ammunitionsupply"],"picked":"SKIP","floor":24},{"not_picked":["rmod:circuitoustactics","rmod:royalracing"],"picked":"rmod:unsinkable","floor":27},{"not_picked":["rmod:openingtorpedo","rmod:diamondstrike"],"picked":"rmod:fuelsupply+1","floor":28},{"not_picked":["rmod:fuelsupply","rmod:diaomin"],"picked":"rmod:robin","floor":29},{"not_picked":["rmod:circuitoustactics","rmod:combined","rmod:diamondstrike"],"picked":"SKIP","floor":31}],"player_experience":124472,"relics_obtained":[{"floor":9,"key":"The Courier"},{"floor":10,"key":"Unceasing Top"},{"floor":11,"key":"Odd Mushroom"},{"floor":12,"key":"Calipers"},{"floor":21,"key":"Enchiridion"},{"floor":23,"key":"Vajra"},{"floor":23,"key":"Mummified Hand"},{"floor":26,"key":"PreservedInsect"},{"floor":27,"key":"MawBank"},{"floor":27,"key":"Ancient Tea Set"},{"floor":29,"key":"TungstenRod"},{"floor":29,"key":"War Paint"},{"floor":31,"key":"rmod:extraamm"},{"floor":31,"key":"Regal Pillow"}],"event_choices":[{"damage_healed":0,"gold_gain":0,"player_choice":"Upgraded","damage_taken":0,"max_hp_gain":0,"max_hp_loss":0,"event_name":"Upgrade Shrine","floor":5,"gold_loss":0,"cards_upgraded":["rmod:goodfighter"]},{"damage_healed":0,"gold_gain":0,"player_choice":"Fought Mushrooms","damage_taken":0,"max_hp_gain":0,"max_hp_loss":0,"event_name":"Mushrooms","floor":11,"gold_loss":0},{"damage_healed":0,"gold_gain":0,"player_choice":"Obtained Book","damage_taken":16,"max_hp_gain":0,"max_hp_loss":0,"event_name":"Cursed Tome","floor":21,"gold_loss":0},{"damage_healed":0,"gold_gain":0,"player_choice":"Obtained Relic","damage_taken":0,"relics_obtained":["Bag of Preparation"],"max_hp_gain":0,"max_hp_loss":0,"event_name":"Addict","floor":22,"gold_loss":85}],"is_beta":false,"boss_relics":[{"not_picked":["Cursed Key","Tiny House"],"picked":"Black Star"}],"items_purged_floors":[19],"is_endless":false,"potions_floor_spawned":[1,3,11,13,16,20,23,29],"killed_by":"Collector","ascension_level":1}}