{"host":"y2bqfd80u7hqgj5z","time":1613595361,"event":{"mods":["AchievementEnabler","Act Like it!","Arknights","BaseMod","BetterRewards","CapriCore","Colored Map","Colored Powertips","Data Control","DeckTracker","Downfall","Friendly Minions","Good Game Mod","HololiveMod","Koishi","Marisa????????","Minty Spire (QoL Compilation)","Permanent Neow","RRrroohrrRGHHhhh!!","Rare Cards Sparkle","Reimu??????","Remilia??????","Replay The Spire","RumiaBox-????????","Shop Mod","Spikes Relics","StSLib","SuperFastMode","The Administrix","The Immortal","The Servant 0.9.4","The Wild Card","Transform Curses","Youmu??????"],"gold_per_floor":[10015,10035,10110,8759,8759,8794,8794,8794,8794,8804,8804,8804,8823,8848,8848,8947,8947,8902,8902,8652,8652,8652,8652,8652,8652,8652,8652,7553,7503,6538,6538,6538,6538,6538,6538,6538,6538,6538,6538,6538,6538,6538,6538,6538,6538,6538,5582,5582,5582,5582,5582,5582,4853,4853,4853],"floor_reached":56,"language":"ENG","playtime":6120,"items_purged":[],"score":1544,"play_id":"591ad433-77c4-405b-aee1-3165765869e4","local_time":"20210217145601","is_ascension_mode":false,"campfire_choices":[{"floor":7,"key":"RECALL"},{"data":"hexamod:Again","floor":12,"key":"SMITH"},{"data":"Exhume","floor":15,"key":"SMITH"},{"data":"GremboGang","floor":23,"key":"SMITH"},{"data":"hexamod:ExtraCrispy","floor":40,"key":"SMITH"},{"data":"hexamod:GhostflameInferno","floor":49,"key":"SMITH"},{"data":"ReplayTheSpireMod:Uncanny Aura","floor":52,"key":"SMITH"}],"circlet_count":0,"master_deck":["hexamod:Strike","hexamod:Strike+1","hexamod:Strike+1","hexamod:Strike+1","hexamod:Defend+1","hexamod:Defend+1","hexamod:Defend+1","hexamod:Defend+1","hexamod:Sear+1","hexamod:Float+1","hexamod:Again+1","hexamod:Incineration+1","hexamod:PhantomFireball+1","hexamod:ThermalTransfer+1","hexamod:InspiringFlames","hexamod:HeatShield","hexamod:GhostOfSpireFuture+1","Poisoned Strike","ReplayTheSpireMod:Uncanny Aura+1","hexamod:NightmareGuise","Exhume+1","hexamod:StepThrough+1","hexamod:TimeOfNeed+1","hexamod:GhostOfSpirePresent","hexamod:FastForward+1","hexamod:EmpoweredFlame","GremboGang+1","hexamod:Firestarter","hexamod:GhostLash+1","hexamod:NightmareStrike+1","hexamod:RadiantFlame+1","hexamod:BurningTouch+1","hexamod:FlamesFromBeyond","hexamod:Incineration","Flash of Steel","hexamod:ExtraCrispy+1","hexamod:GhostShield+1","hexamod:AdvancingGuard","hexamod:AdvancingGuard","hexamod:NightmareStrike","ReplayTheSpireMod:Private Reserves+1","Panache","hexamod:SpectersWail+1","hexamod:GhostLash","hexamod:FastForward+1","hexamod:Hexaguard","hexamod:PhantomCloak","hexamod:RadiantFlame+1","hexamod:SearingWound","hexamod:Again+1","hexamod:DynamicBlow+1","hexamod:HauntingEcho+1","hexamod:SixthSeal","hexamod:Rewind+1","hexamod:ChargedBarrage+1","hexamod:BurningTouch+1","hexamod:NecessarySacrifice+1","hexamod:NightmareGuise","hexamod:SixthSeal","hexamod:Again+1","hexamod:FastForward+1","hexamod:GhostShield","Parasite","hexamod:BurningTouch+1","hexamod:FourthSeal","hexamod:ThirdSeal","hexamod:BurningTouch+1","hexamod:RetreatToShadows+1","hexamod:DynamicBlow+1","hexamod:FifthSeal","hexamod:FourthSeal","hexamod:NightmareStrike","hexamod:HeatCrush","hexamod:EmpoweredFlame+1","hexamod:EmpoweredFlame","hexamod:AdvancingGuard","hexamod:EtherealExpedition","hexamod:HauntingEcho+1","hexamod:HeatCrush","hexamod:GhostflameInferno+1","hexamod:SecondSeal","Specialist","Venomology","hexamod:GhostLash","hexamod:DynamicBlow","hexamod:Rewind","hexamod:Haunt","hexamod:PhantomCloak","hexamod:SecondSeal","hexamod:ThirdSeal","hexamod:PowerFromBeyond+1"],"relics":["REME:ComplimentaryCards","Replay:WaspNest","Chemical X","Replay:Mystery Machine","MerchantsRug","Pantograph","m_DevilBlood","Blue Candle","ZombieArmy","Replay:Grab Bag","Ectoplasm","ChewingGum","Sandwich","ZombieTooth","Eternal Feather","rorgmod:Ceramic Fish","Bird Faced Urn","Strange Spoon","War Paint","Centennial Puzzle","Lee\u0027s Waffle","rorgmod:Black Star","MiniBlackHole","Ancient Tea Set","Kunai","Akabeko","ReplayTheSpireMod:Lightbulb","Frozen Eye","GiantMaggot","Bottled Lightning","Pet Ghost","Dream Catcher","BargainBundle","Ginger","SpikesRelics:DaevaFist","Replay:Bottled Flurry","GodSword5","hexamod:TheBrokenSeal"],"acts_visited":["Exordium","TheCity","TheBeyond","TheEnding"],"potions_floor_usage":[6,6,14,16,25,25,31,31,33,36,46,46,46,46,46,48,50,50,50,50,50,50,50,50,50,50,50,54,54,55,55,55,55,55,55,55,55,55,55,55,55,55,55,55,55,55,55,55,55,55,55,55,55,55,55,55,55,55,55,55,55,55,55,55,55,55,55,55,55,55,55,55,55,55,55,55,55,55,55,55,55,55],"damage_taken":[{"damage":1,"enemies":"Jaw Worm","floor":1,"turns":4},{"damage":3,"enemies":"2 Louse","floor":2,"turns":2},{"damage":0,"enemies":"Replay:BlueRogue","floor":6,"turns":4},{"damage":0,"enemies":"Small Slimes","floor":10,"turns":3},{"damage":0,"enemies":"Exordium Thugs","floor":13,"turns":4},{"damage":2,"enemies":"3 Sentries","floor":14,"turns":4},{"damage":12,"enemies":"Slime Boss","floor":16,"turns":8},{"damage":8,"enemies":"2 Thieves","floor":18,"turns":3},{"damage":0,"enemies":"3 Byrds","floor":21,"turns":4},{"damage":0,"enemies":"Centurion and Healer","floor":22,"turns":4},{"damage":2,"enemies":"Book of Stabbing","floor":25,"turns":4},{"damage":0,"enemies":"Snake Plant","floor":27,"turns":3},{"damage":0,"enemies":"Sentry and Sphere","floor":31,"turns":5},{"damage":10,"enemies":"Champ","floor":33,"turns":6},{"damage":0,"enemies":"Orb Walker","floor":35,"turns":2},{"damage":0,"enemies":"3 Darklings","floor":36,"turns":4},{"damage":11,"enemies":"Spire Growth","floor":37,"turns":3},{"damage":2,"enemies":"Sphere and 2 Shapes","floor":38,"turns":4},{"damage":2,"enemies":"Maw","floor":39,"turns":3},{"damage":40,"enemies":"Reptomancer","floor":41,"turns":3},{"damage":0,"enemies":"Writhing Mass","floor":42,"turns":3},{"damage":8,"enemies":"Spire Growth","floor":44,"turns":3},{"damage":5,"enemies":"3 Darklings","floor":45,"turns":3},{"damage":0,"enemies":"Giant Head","floor":46,"turns":6},{"damage":0,"enemies":"Nemesis","floor":48,"turns":4},{"damage":0,"enemies":"Donu and Deca","floor":50,"turns":5},{"damage":14,"enemies":"Shield and Spear","floor":54,"turns":4},{"damage":1,"enemies":"The Heart","floor":55,"turns":6}],"seed_played":"-4853634750034506052","potions_obtained":[{"floor":1,"key":"FearPotion"},{"floor":2,"key":"Strength Potion"},{"floor":6,"key":"champ:CounterPotion"},{"floor":21,"key":"EssenceOfSteel"},{"floor":22,"key":"Cursed Concoction"},{"floor":27,"key":"EssenceOfSteel"},{"floor":31,"key":"Toxic Potion"},{"floor":35,"key":"hexamod:EctoCoolerPotion"},{"floor":36,"key":"Elixir"},{"floor":38,"key":"Energy Potion"},{"floor":44,"key":"EntropicBrew"},{"floor":45,"key":"Toxic Potion"},{"floor":46,"key":"Ancient Potion"},{"floor":46,"key":"Ancient Potion"},{"floor":48,"key":"Cursed Concoction"},{"floor":48,"key":"FearPotion"},{"floor":48,"key":"Cursed Concoction"},{"floor":48,"key":"FearPotion"},{"floor":54,"key":"Guardian:BlockOnCardUsePotion"},{"floor":54,"key":"Elixir"},{"floor":54,"key":"Guardian:BlockOnCardUsePotion"}],"is_trial":false,"path_per_floor":["M","M","?","$","?","E","R","?","T","M","?","R","M","E","R","B",null,"M","?","?","M","M","R","?","E","T","M","$","?","$","M","R_BF","B",null,"M","M","M","M","M","R","E","M","T","M","M","E","$","E","R","B",null,"R","$","E","B",null],"character_chosen":"THE_SPIRIT","items_purchased":["Replay:WaspNest","Chemical X","hexamod:PhantomFireball","hexamod:ThermalTransfer","hexamod:InspiringFlames","hexamod:HeatShield","hexamod:GhostOfSpireFuture","Replay:Mystery Machine","Poisoned Strike","ReplayTheSpireMod:Uncanny Aura","Doom Potion","MerchantsRug","hexamod:Incineration","Flash of Steel","rorgmod:Ceramic Fish","Bird Faced Urn","Strange Spoon","hexamod:ExtraCrispy","hexamod:GhostShield","hexamod:AdvancingGuard","hexamod:NightmareStrike","Ancient Potion","sneckomod:MuddlingPotion","ReplayTheSpireMod:Private Reserves","Panache","War Paint","Centennial Puzzle","Lee\u0027s Waffle","hexamod:SpectersWail","hexamod:GhostLash","hexamod:FastForward","hexamod:Hexaguard","hexamod:PhantomCloak","hexamod:EmpoweredFlame","hexamod:AdvancingGuard","Frozen Eye","GiantMaggot","Bottled Lightning","hexamod:EtherealExpedition","hexamod:HauntingEcho","hexamod:HeatCrush","BargainBundle","Specialist","Venomology","hexamod:GhostLash","hexamod:DynamicBlow","hexamod:Rewind","hexamod:Haunt","hexamod:PhantomCloak","Ginger","SpikesRelics:DaevaFist","AttackPotion","SteroidPotion"],"campfire_rested":0,"item_purchase_floors":[4,4,4,4,4,4,4,4,4,4,4,4,28,28,28,28,28,28,28,28,28,28,28,30,30,30,30,30,30,30,30,30,30,47,47,47,47,47,47,47,47,53,53,53,53,53,53,53,53,53,53,53,53],"current_hp_per_floor":[69,66,55,55,55,55,55,55,55,64,59,59,70,70,70,70,70,66,66,66,70,70,70,70,70,70,70,70,70,77,77,77,77,77,77,77,77,77,77,77,53,69,69,77,77,77,77,77,77,77,77,77,77,77,87],"gold":4853,"neow_bonus":"THREE_RARE_CARDS","is_daily":false,"chose_seed":false,"campfire_upgraded":6,"win_rate":0.0,"timestamp":1613595361,"path_taken":["M","M","?","$","?","E","R","?","T","?","?","R","M","E","R","BOSS","M","?","?","M","M","R","?","E","T","M","$","?","$","?","R_BF","BOSS","M","M","M","?","M","R","E","M","T","?","M","E","$","E","R","BOSS","R","$","E","BOSS"],"items_purchased_type":["Relic","Relic","Card","Card","Card","Card","Card","Relic","Card","Card","Potion","Relic","Card","Card","Relic","Relic","Relic","Card","Card","Card","Card","Potion","Potion","Card","Card","Relic","Relic","Relic","Card","Card","Card","Card","Card","Card","Card","Relic","Relic","Relic","Card","Card","Card","Relic","Card","Card","Card","Card","Card","Card","Card","Relic","Relic","Potion","Potion"],"build_version":"2020-12-22","purchased_purges":0,"victory":true,"max_hp_per_floor":[70,70,70,70,70,70,70,70,70,70,70,70,70,70,70,70,70,70,70,70,70,70,70,70,70,70,70,70,70,77,77,77,77,77,77,77,77,77,77,77,77,77,77,77,77,77,77,77,77,77,77,77,77,77,87],"card_choices":[{"not_picked":["hexamod:GiftsFromTheDead","hexamod:HexaLevel"],"picked":"hexamod:SixthSeal","floor":0},{"not_picked":["hexamod:BacktrackSmack","hexamod:Rewind"],"picked":"hexamod:Again","floor":1},{"not_picked":["hexamod:GhostShield","hexamod:ThermalTransfer"],"picked":"hexamod:Incineration","floor":2},{"not_picked":["hexamod:Again","hexamod:PhantomCloak"],"picked":"hexamod:FirstSeal","floor":6},{"not_picked":["hexamod:GhostShield","True Grit"],"picked":"hexamod:NightmareGuise","floor":10},{"not_picked":["hexamod:BurningTouch","hexamod:ThermalTransfer"],"picked":"hexamod:ThirdSeal","floor":13},{"not_picked":["hexamod:DynamicBlow","hexamod:ThermalTransfer"],"picked":"Exhume","floor":14},{"not_picked":["hexamod:Rewind","hexamod:GhostLash"],"picked":"hexamod:StepThrough","floor":14},{"not_picked":["Fiend Fire","hexamod:GiftsFromTheDead"],"picked":"hexamod:TimeOfNeed","floor":16},{"not_picked":["Exhume","Fiend Fire"],"picked":"hexamod:GhostOfSpirePresent","floor":16},{"not_picked":["hexamod:GhostflameBarrier","hexamod:InspiringFlames+1"],"picked":"hexamod:FastForward","floor":18},{"not_picked":["hexamod:ShieldOfDarkness","hexamod:SwordOfDarkness"],"picked":"hexamod:EmpoweredFlame","floor":18},{"not_picked":["hexamod:AdvancingGuard","hexamod:SkipABeat"],"picked":"hexamod:Firestarter","floor":21},{"not_picked":["hexamod:AdvancingGuard","hexamod:SixthSeal"],"picked":"hexamod:GhostLash","floor":22},{"not_picked":["hexamod:Hexaguard","hexamod:PhantomFireball"],"picked":"hexamod:NightmareStrike+1","floor":22},{"not_picked":["hexamod:StepThrough+1","hexamod:FastForward"],"picked":"hexamod:RadiantFlame","floor":25},{"not_picked":["hexamod:ShieldOfDarkness","hexamod:SwordOfDarkness"],"picked":"hexamod:BurningTouch","floor":25},{"not_picked":["hexamod:HeatMetal+1","hexamod:ThirdSeal"],"picked":"hexamod:FlamesFromBeyond","floor":27},{"not_picked":["hexamod:AdvancingGuard","hexamod:SkipABeat"],"picked":"hexamod:FourthSeal","floor":27},{"not_picked":["hexamod:GhostShield","hexamod:Hexaguard"],"picked":"hexamod:RadiantFlame","floor":31},{"not_picked":["hexamod:EtherealExpedition","hexamod:GhostOfSpirePast"],"picked":"hexamod:FifthSeal","floor":31},{"not_picked":["hexamod:HexaLevel","hexamod:FifthSeal"],"picked":"hexamod:SearingWound","floor":33},{"not_picked":["hexamod:HauntingEcho","hexamod:RadiantFlame"],"picked":"hexamod:Again+1","floor":35},{"not_picked":["hexamod:FourthSeal","hexamod:Again+1"],"picked":"hexamod:DynamicBlow","floor":36},{"not_picked":["hexamod:InspiringFlames","hexamod:BacktrackSmack"],"picked":"hexamod:HauntingEcho+1","floor":36},{"not_picked":["hexamod:SecondSeal","hexamod:FirstSeal"],"picked":"hexamod:SixthSeal","floor":37},{"not_picked":["hexamod:AdvancingGuard","hexamod:Haunt+1"],"picked":"hexamod:Rewind+1","floor":37},{"not_picked":["hexamod:Incineration+1","hexamod:Firestarter"],"picked":"hexamod:ChargedBarrage+1","floor":38},{"not_picked":["hexamod:SixthSeal","hexamod:GhostLash"],"picked":"hexamod:BurningTouch+1","floor":38},{"not_picked":["hexamod:Again","hexamod:SwordOfDarkness"],"picked":"hexamod:NecessarySacrifice+1","floor":39},{"not_picked":["hexamod:ShieldOfDarkness","hexamod:BacktrackSmack+1"],"picked":"hexamod:NightmareGuise","floor":39},{"not_picked":["hexamod:FirstSeal","hexamod:SecondSeal"],"picked":"hexamod:SixthSeal","floor":41},{"not_picked":["hexamod:EmpoweredFlame+1","hexamod:GhostShield+1"],"picked":"hexamod:Again+1","floor":41},{"not_picked":["hexamod:BurningTouch","hexamod:ShieldOfDarkness"],"picked":"hexamod:FastForward+1","floor":41},{"not_picked":["hexamod:FlamesFromBeyond","hexamod:PhantomCloak+1"],"picked":"hexamod:GhostShield","floor":41},{"not_picked":["hexamod:FlamesFromBeyond","hexamod:GhostOfSpirePast"],"picked":"hexamod:BurningTouch+1","floor":42},{"not_picked":["hexamod:SixthSeal","hexamod:ThirdSeal"],"picked":"hexamod:FourthSeal","floor":42},{"not_picked":["hexamod:FirstSeal","hexamod:SecondSeal"],"picked":"hexamod:ThirdSeal","floor":44},{"not_picked":["hexamod:ShieldOfDarkness","hexamod:SecondSeal"],"picked":"hexamod:BurningTouch","floor":44},{"not_picked":["hexamod:Hexaguard","hexamod:SecondSeal"],"picked":"hexamod:RetreatToShadows+1","floor":44},{"not_picked":["hexamod:InspiringFlames","hexamod:PhantomFireball+1"],"picked":"hexamod:DynamicBlow+1","floor":45},{"not_picked":["hexamod:ShieldOfDarkness","hexamod:InspiringFlames+1"],"picked":"hexamod:FifthSeal","floor":46},{"not_picked":["hexamod:SecondSeal","hexamod:ThirdSeal"],"picked":"hexamod:FourthSeal","floor":46},{"not_picked":["hexamod:RetreatToShadows","hexamod:InspiringFlames"],"picked":"hexamod:NightmareStrike","floor":46},{"not_picked":["hexamod:BacktrackSmack","hexamod:Hexaguard"],"picked":"hexamod:HeatCrush","floor":46},{"not_picked":["hexamod:FirstSeal","hexamod:SpectersWail+1"],"picked":"hexamod:GhostflameInferno","floor":48},{"not_picked":["hexamod:ThirdSeal","hexamod:FourthSeal"],"picked":"hexamod:SecondSeal","floor":48},{"not_picked":["hexamod:SixthSeal","hexamod:ThirdSeal"],"picked":"hexamod:SecondSeal","floor":54},{"not_picked":["hexamod:FirstSeal","hexamod:FourthSeal"],"picked":"hexamod:ThirdSeal","floor":54},{"not_picked":["hexamod:SpectralAdrenaline+1","hexamod:SkipABeat"],"picked":"hexamod:PowerFromBeyond+1","floor":54}],"player_experience":95668,"relics_obtained":[{"floor":6,"key":"Pantograph"},{"floor":14,"key":"ZombieArmy"},{"floor":25,"key":"ZombieTooth"},{"floor":26,"key":"Eternal Feather"},{"floor":41,"key":"MiniBlackHole"},{"floor":41,"key":"Ancient Tea Set"},{"floor":43,"key":"Kunai"},{"floor":46,"key":"Akabeko"},{"floor":46,"key":"ReplayTheSpireMod:Lightbulb"},{"floor":48,"key":"Pet Ghost"},{"floor":48,"key":"Dream Catcher"},{"floor":54,"key":"Replay:Bottled Flurry"},{"floor":54,"key":"GodSword5"}],"event_choices":[{"damage_healed":0,"gold_gain":75,"player_choice":"Gather Gold","damage_taken":11,"max_hp_gain":0,"max_hp_loss":0,"event_name":"World of Goop","floor":3,"gold_loss":0},{"damage_healed":0,"gold_gain":0,"player_choice":"Grow","damage_taken":0,"max_hp_gain":0,"max_hp_loss":0,"event_name":"Living Wall","floor":5,"gold_loss":0,"cards_upgraded":["hexamod:Float"]},{"damage_healed":0,"gold_gain":0,"player_choice":"Read","damage_taken":0,"max_hp_gain":0,"max_hp_loss":0,"event_name":"The Library","floor":24,"gold_loss":0,"cards_obtained":["hexamod:SecondSeal"]},{"damage_healed":0,"gold_gain":0,"player_choice":"Bet on Murderer","damage_taken":0,"max_hp_gain":0,"max_hp_loss":0,"event_name":"The Joust","floor":29,"gold_loss":50}],"is_beta":false,"boss_relics":[{"not_picked":["SlaversCollar","Philosopher\u0027s Stone"],"picked":"Replay:Grab Bag"},{"not_picked":["Sozu","ReplayTheSpireMod:Onyx Gauntlets"],"picked":"Ectoplasm"},{"not_picked":["Velvet Choker","Fusion Hammer"],"picked":"ChewingGum"},{"not_picked":["Astrolabe","Black Star"],"picked":"Sandwich"},{"not_picked":["RedLine:ReiMu","Replay:Ancient Bell"],"picked":"rorgmod:Black Star"}],"items_purged_floors":[],"is_endless":false,"potions_floor_spawned":[1,2,6,21,22,27,35,36,38,45,54],"ascension_level":0}}