{"host":"ow66nzv2xecjoor3","time":1613542993,"event":{"mods":["BaseMod","Bestiary","Block Reminder","Colored Powertips","Curses Come First","Highlight Path","Keyboard Shortcuts","Minty Spire (QoL Compilation)","Permanent Neow","Relic Stats","StSLib","UnlockEverythingMod"],"gold_per_floor":[118,137,137,137,154,154,79,79,106,117,117,117,133,143,143,143,143],"floor_reached":16,"language":"ENG","playtime":423,"items_purged":[],"score":204,"play_id":"1496128e-d95b-4140-8a30-cf309b7724bb","local_time":"20210217002313","is_ascension_mode":true,"campfire_choices":[{"data":"Bash","floor":6.0,"key":"SMITH"},{"data":"Anger","floor":11,"key":"SMITH"},{"floor":15,"key":"REST"}],"circlet_count":0,"master_deck":["AscendersBane","Strike_R","Strike_R","Defend_R","Defend_R","Defend_R","Defend_R","Bash+1","Seeing Red","Cleave","Thunderclap","Anger+1","Burning Pact","Metallicize","Burning Pact"],"relics":["Burning Blood","Oddly Smooth Stone","Omamori"],"acts_visited":[],"potions_floor_usage":[],"damage_taken":[{"damage":8.0,"enemies":"2 Louse","floor":1.0,"turns":3.0},{"damage":9.0,"enemies":"Jaw Worm","floor":2.0,"turns":4.0},{"damage":14.0,"enemies":"Small Slimes","floor":5.0,"turns":3.0},{"damage":34.0,"enemies":"Lagavulin","floor":8.0,"turns":7.0},{"damage":4.0,"enemies":"Blue Slaver","floor":10.0,"turns":5.0},{"damage":2,"enemies":"Looter","floor":13,"turns":4},{"damage":14,"enemies":"3 Louse","floor":14,"turns":5},{"damage":35,"enemies":"The Guardian","floor":16,"turns":12}],"seed_played":"-1476754508882344057","potions_obtained":[{"floor":5.0,"key":"SmokeBomb"},{"floor":13,"key":"SteroidPotion"}],"is_trial":false,"path_per_floor":["M","M","?","?","M","R","?","E","T","M","R","?","M","M","R","B"],"character_chosen":"IRONCLAD","items_purchased":[],"campfire_rested":1,"item_purchase_floors":[],"current_hp_per_floor":[73,70,52,45,37,37,37,9,9,11,11,11,15,7,31,0,0],"gold":143,"neow_bonus":"TEN_PERCENT_HP_BONUS","is_daily":false,"chose_seed":false,"campfire_upgraded":2,"win_rate":0.0,"timestamp":1613542993,"path_taken":["M","M","?","?","M","R","?","E","T","M","R","?","M","M","R","BOSS"],"items_purchased_type":[],"build_version":"2020-12-22","purchased_purges":0,"victory":false,"max_hp_per_floor":[82,82,82,82,82,82,82,82,82,82,82,82,82,82,82,82,82],"relic_stats":{"counters":[8,43],"obtain_stats":[{"Oddly Smooth Stone":3,"Omamori":9,"Burning Blood":0},{"Oddly Smooth Stone":2,"Omamori":4,"Burning Blood":0},{"Oddly Smooth Stone":7,"Omamori":17,"Burning Blood":0}],"Burning Blood":42},"card_choices":[{"not_picked":["Heavy Blade","Bloodletting"],"picked":"Seeing Red","floor":1.0},{"not_picked":["Body Slam","Heavy Blade"],"picked":"Cleave","floor":2.0},{"not_picked":["Wild Strike","Shrug It Off"],"picked":"Thunderclap","floor":5.0},{"not_picked":["Sword Boomerang","Bloodletting"],"picked":"Anger","floor":10},{"not_picked":["Havoc","Heavy Blade"],"picked":"Metallicize","floor":13},{"not_picked":["True Grit","Entrench"],"picked":"Burning Pact","floor":14}],"player_experience":2877868,"relics_obtained":[{"floor":9.0,"key":"Omamori"}],"event_choices":[{"damage_healed":0.0,"max_hp_gain":0.0,"max_hp_loss":0.0,"gold_gain":0.0,"event_name":"Scrap Ooze","player_choice":"Success","floor":3.0,"gold_loss":0.0,"damage_taken":18.0,"relics_obtained":["Oddly Smooth Stone"]},{"cards_removed":["Strike_R"],"damage_healed":0.0,"max_hp_gain":0.0,"max_hp_loss":0.0,"gold_gain":0.0,"event_name":"Golden Wing","player_choice":"Card Removal","floor":4.0,"gold_loss":0.0,"damage_taken":7.0},{"cards_removed":["Strike_R"],"damage_healed":0.0,"max_hp_gain":0.0,"max_hp_loss":0.0,"gold_gain":0.0,"event_name":"The Cleric","player_choice":"Card Removal","floor":7.0,"gold_loss":75.0,"damage_taken":0.0},{"damage_healed":0,"gold_gain":0,"cards_transformed":["Strike_R"],"player_choice":"Change","damage_taken":0,"max_hp_gain":0,"max_hp_loss":0,"event_name":"Living Wall","floor":12,"gold_loss":0,"cards_obtained":["Burning Pact"]}],"is_beta":false,"boss_relics":[],"items_purged_floors":[],"is_endless":false,"potions_floor_spawned":[5,8,13],"killed_by":"The Guardian","ascension_level":20}}