{"host":"nn0usk9aafse27ii","time":1613526031,"event":{"mods":["BaseMod","Colored Map","Highlight Path","Minty Spire (QoL Compilation)","Shop Mod","StSLib"],"gold_per_floor":[118,138,150,169,189,221,234,252,252,33,65,79,79,90,90,195,195,209,227,244,244,255,285,295,295,295,305,230,60,77,87,87,183,183,193,206,206,15,15,15,33,33,58,93,107,122,27,42,42,42],"floor_reached":51,"language":"ENG","playtime":2690,"items_purged":["Pain"],"score":871,"play_id":"32c9ad18-2fa0-4316-bcb2-30e3e64c230e","local_time":"20210216174031","daily_mods":["Cursed Run","Vintage","DeadlyEvents"],"is_ascension_mode":false,"campfire_choices":[{"data":"Eruption","floor":13,"key":"SMITH"},{"data":"TalkToTheHand","floor":15,"key":"SMITH"},{"floor":25,"key":"REST"},{"data":"Omniscience","floor":32,"key":"SMITH"},{"data":"1","floor":40,"key":"LIFT"},{"floor":42,"key":"REST"},{"data":"2","floor":49,"key":"LIFT"}],"circlet_count":0,"master_deck":["Strike_P","Strike_P","Strike_P","Strike_P","Defend_P","Defend_P","Defend_P","Defend_P","Eruption+1","Vigilance","TalkToTheHand+1","TalkToTheHand+1","Omniscience+1","RitualDagger+1","LikeWater+1","Clumsy","Adaptation+1","Regret","Devotion+1","Swift Strike+1","Trip","Forethought","RitualDagger+1","Adaptation+1","Panache+1","Tantrum+1","Shame","Vengeance+1","Fasting2+1","Doubt"],"relics":["Cursed Key","Darkstone Periapt","Du-Vu Doll","Boot","Letter Opener","HornCleat","Girya","Pear","Calipers","Bag of Preparation","Vajra","Molten Egg 2","ClockworkSouvenir","Gremlin Horn","Centennial Puzzle","Toy Ornithopter","SlaversCollar","Dream Catcher","Akabeko","TeardropLocket","Bird Faced Urn","Frozen Egg 2","Mummified Hand","Yang","White Beast Statue","Membership Card","Regal Pillow","Strawberry","Fusion Hammer","PreservedInsect","Blood Vial","DollysMirror","Smiling Mask","Damaru","Happy Flower","Sundial","Lantern","Potion Belt","Bag of Marbles"],"acts_visited":["Exordium","TheCity","TheBeyond"],"potions_floor_usage":[6,11,16,20,23,24,27,30,30,33,33,33,41,41,41,41,44,50,50,50,50],"damage_taken":[{"damage":5,"enemies":"2 Louse","floor":1,"turns":2},{"damage":2,"enemies":"Small Slimes","floor":2,"turns":5},{"damage":0,"enemies":"Cultist","floor":3,"turns":3},{"damage":0,"enemies":"2 Fungi Beasts","floor":4,"turns":3},{"damage":1,"enemies":"Looter","floor":5,"turns":3},{"damage":21,"enemies":"Lagavulin","floor":6,"turns":6},{"damage":0,"enemies":"Large Slime","floor":7,"turns":3},{"damage":0,"enemies":"Blue Slaver","floor":8,"turns":5},{"damage":18,"enemies":"3 Sentries","floor":11,"turns":4},{"damage":0,"enemies":"3 Louse","floor":12,"turns":1},{"damage":2,"enemies":"Exordium Thugs","floor":14,"turns":4},{"damage":8,"enemies":"The Guardian","floor":16,"turns":9},{"damage":7,"enemies":"Shell Parasite","floor":18,"turns":9},{"damage":2,"enemies":"Chosen","floor":19,"turns":2},{"damage":0,"enemies":"Snake Plant","floor":20,"turns":4},{"damage":0,"enemies":"Sentry and Sphere","floor":22,"turns":2},{"damage":3,"enemies":"Slavers","floor":23,"turns":2},{"damage":0,"enemies":"Snecko","floor":24,"turns":3},{"damage":7,"enemies":"3 Cultists","floor":27,"turns":6},{"damage":0,"enemies":"Snake Plant","floor":30,"turns":2},{"damage":0,"enemies":"Cultist and Chosen","floor":31,"turns":6},{"damage":11,"enemies":"Collector","floor":33,"turns":3},{"damage":9,"enemies":"3 Shapes","floor":35,"turns":1},{"damage":13,"enemies":"Orb Walker","floor":36,"turns":4},{"damage":0,"enemies":"Spire Growth","floor":41,"turns":1},{"damage":0,"enemies":"Nemesis","floor":44,"turns":3},{"damage":3,"enemies":"4 Shapes","floor":45,"turns":1},{"damage":0,"enemies":"Maw","floor":46,"turns":1},{"damage":0,"enemies":"Jaw Worm Horde","floor":48,"turns":2},{"damage":85,"enemies":"Awakened One","floor":50,"turns":4}],"seed_played":"-7337468948362344796","potions_obtained":[{"floor":3,"key":"LiquidBronze"},{"floor":4,"key":"StancePotion"},{"floor":7,"key":"Dexterity Potion"},{"floor":8,"key":"AttackPotion"},{"floor":12,"key":"Swift Potion"},{"floor":16,"key":"GamblersBrew"},{"floor":19,"key":"BottledMiracle"},{"floor":22,"key":"EntropicBrew"},{"floor":23,"key":"AttackPotion"},{"floor":30,"key":"SkillPotion"},{"floor":31,"key":"AttackPotion"},{"floor":33,"key":"EntropicBrew"},{"floor":35,"key":"Fire Potion"},{"floor":36,"key":"FearPotion"},{"floor":41,"key":"FearPotion"},{"floor":44,"key":"Dexterity Potion"},{"floor":45,"key":"Ancient Potion"},{"floor":48,"key":"Explosive Potion"}],"is_trial":true,"path_per_floor":["M","M","M","M","M","E","M","M","T","$","E","M","R","M","R","B",null,"M","M","M","?","M","E","M","R","T","M","?","$","M","M","R","B",null,"M","M","?","$","$","R","M","R","T","E","M","M","$","M","R","B",null],"character_chosen":"WATCHER","items_purchased":["ClockworkSouvenir","Membership Card","Adaptation+1","DollysMirror","Adaptation+1","Panache+1","Fasting2+1","Potion Belt"],"campfire_rested":2,"item_purchase_floors":[10,29,29,38,38,38,47,47],"current_hp_per_floor":[67,65,65,65,74,53,53,53,59,59,41,41,41,39,39,42,94,87,85,90,84,84,86,91,94,100,93,93,93,100,107,107,109,113,104,91,81,81,81,81,111,113,119,119,116,118,118,119,119,48],"gold":42,"neow_bonus":"","is_daily":false,"chose_seed":false,"campfire_upgraded":3,"win_rate":0.0,"timestamp":1613526031,"path_taken":["M","M","M","M","M","E","M","?","T","$","?","M","R","M","R","BOSS","M","M","M","?","M","E","M","R","T","M","?","$","?","M","R","BOSS","M","M","?","?","$","R","M","R","T","E","M","M","$","M","R","BOSS"],"items_purchased_type":["Relic","Relic","Card","Relic","Card","Card","Card","Relic"],"build_version":"2020-12-22","purchased_purges":1,"victory":true,"max_hp_per_floor":[72,72,72,72,82,82,82,82,88,88,88,88,88,88,88,94,94,94,94,94,94,94,94,94,94,100,100,100,100,100,107,107,113,113,113,113,113,113,113,113,113,113,119,119,119,119,119,119,119,125],"card_choices":[{"not_picked":["CrushJoints","Protect"],"picked":"TalkToTheHand","floor":6},{"not_picked":["SashWhip+1","WindmillStrike+1"],"picked":"TalkToTheHand+1","floor":11},{"not_picked":["LessonLearned+1","Judgement"],"picked":"Omniscience","floor":16},{"not_picked":["CutThroughFate+1","WreathOfFlame","ClearTheMind"],"picked":"SKIP","floor":23},{"not_picked":["Sanctity+1","Vengeance"],"picked":"LikeWater+1","floor":25},{"not_picked":["Brilliance+1","Omniscience"],"picked":"Devotion+1","floor":33},{"not_picked":["Trip","Mind Blast+1"],"picked":"Swift Strike+1","floor":37},{"not_picked":["Madness","Mind Blast+1"],"picked":"Trip","floor":37},{"not_picked":["Trip","Mind Blast+1"],"picked":"Forethought","floor":37},{"not_picked":["Consecrate+1","Crescendo"],"picked":"Tantrum+1","floor":42},{"not_picked":["ThirdEye+1","EmptyFist+1"],"picked":"Vengeance+1","floor":44}],"player_experience":511614,"relics_obtained":[{"floor":1,"key":"Boot"},{"floor":2,"key":"Letter Opener"},{"floor":3,"key":"HornCleat"},{"floor":4,"key":"Girya"},{"floor":5,"key":"Pear"},{"floor":6,"key":"Calipers"},{"floor":7,"key":"Bag of Preparation"},{"floor":8,"key":"Vajra"},{"floor":9,"key":"Molten Egg 2"},{"floor":11,"key":"Gremlin Horn"},{"floor":12,"key":"Centennial Puzzle"},{"floor":14,"key":"Toy Ornithopter"},{"floor":18,"key":"Dream Catcher"},{"floor":19,"key":"Akabeko"},{"floor":20,"key":"TeardropLocket"},{"floor":22,"key":"Bird Faced Urn"},{"floor":23,"key":"Frozen Egg 2"},{"floor":24,"key":"Mummified Hand"},{"floor":26,"key":"Yang"},{"floor":27,"key":"White Beast Statue"},{"floor":30,"key":"Regal Pillow"},{"floor":31,"key":"Strawberry"},{"floor":35,"key":"PreservedInsect"},{"floor":36,"key":"Blood Vial"},{"floor":41,"key":"Smiling Mask"},{"floor":43,"key":"Damaru"},{"floor":44,"key":"Happy Flower"},{"floor":45,"key":"Sundial"},{"floor":46,"key":"Lantern"},{"floor":48,"key":"Bag of Marbles"}],"event_choices":[{"damage_healed":0,"gold_gain":0,"player_choice":"Joined the Cult","damage_taken":6,"max_hp_gain":0,"max_hp_loss":0,"event_name":"Nest","floor":21,"gold_loss":0,"cards_obtained":["RitualDagger"]},{"cards_removed":["Doubt"],"damage_healed":0,"gold_gain":0,"player_choice":"Gave Gold","damage_taken":0,"max_hp_gain":0,"max_hp_loss":0,"event_name":"Beggar","floor":28,"gold_loss":75},{"damage_healed":0,"gold_gain":0,"player_choice":"Memory 3","damage_taken":10,"max_hp_gain":0,"max_hp_loss":0,"event_name":"SensoryStone","floor":37,"gold_loss":0}],"is_beta":false,"boss_relics":[{"not_picked":["Sozu","Snecko Eye"],"picked":"SlaversCollar"},{"not_picked":["SacredBark","Runic Dome"],"picked":"Fusion Hammer"}],"items_purged_floors":[10],"is_endless":false,"potions_floor_spawned":[3,4,7,8,12,14,16,18,19,22,23,30,31,33,35,36,41,44,45,46,48],"ascension_level":0}}