{"host":"ndpbn7fqb3wjbd7p","time":1613581661,"event":{"mods":["AchievementEnabler","Act Like it!","AlwaysNeverKeys","BaseMod","Better Vampires","Block Reminder","Colored Powertips","DeckTracker","Defuse TimeMaze Blight","Friendly Minions","Highlight Path","MarisaÅiñ∂âJÅ@ñÇóùçπÅj","Minty Spire (QoL Compilation)","Permanent Neow","Shade Mod","StSLib","SuperFastMode","Synergy Search","The Mystic","Unceasing Turn Reminder","Wandering Minibosses"],"gold_per_floor":[112,112,126,145,70,70,70,70,93,93,93,113,13,47,47,126,126,145,197,122,122,122,150,150,150,150],"floor_reached":25,"language":"ENG","playtime":861,"items_purged":["Dualcast","Strike_B"],"score":396,"play_id":"593cf837-3451-4f94-b0cd-d96e90ec0dc2","local_time":"20210217180741","is_ascension_mode":true,"campfire_choices":[{"data":"Reboot","floor":6,"key":"SMITH"},{"data":"Go for the Eyes","floor":15,"key":"SMITH"},{"data":"Beam Cell","floor":24,"key":"SMITH"}],"circlet_count":0,"master_deck":["AscendersBane","Defend_B","Defend_B","Defend_B","Defend_B","Gash","Go for the Eyes+1","Reboot+1","Rip and Tear","Beam Cell+1","Machine Learning","Self Repair","Steam"],"relics":["Cracked Core","Tiny Chest","Toy Ornithopter","Thread and Needle","Nunchaku","Empty Cage","Oddly Smooth Stone","Bottled Tornado","Letter Opener"],"acts_visited":["Exordium","TheCity"],"potions_floor_usage":[14,16,23,23],"damage_taken":[{"damage":6,"enemies":"2 Louse","floor":1,"turns":3},{"damage":1,"enemies":"Cultist","floor":3,"turns":3},{"damage":7,"enemies":"Jaw Worm","floor":4,"turns":3},{"damage":0,"enemies":"Red Slaver","floor":12,"turns":3},{"damage":0,"enemies":"Gremlin Nob","floor":14,"turns":2},{"damage":43,"enemies":"Slime Boss","floor":16,"turns":11},{"damage":9,"enemies":"Spheric Guardian","floor":18,"turns":5},{"damage":44,"enemies":"Gremlin Leader","floor":23,"turns":7},{"damage":31,"enemies":"3 Byrds","floor":25,"turns":4}],"seed_played":"6268141485755036058","potions_obtained":[{"floor":1,"key":"SkillPotion"},{"floor":4,"key":"EssenceOfSteel"},{"floor":12,"key":"Swift Potion"},{"floor":16,"key":"BlessingOfTheForge"},{"floor":18,"key":"Fire Potion"}],"is_trial":false,"path_per_floor":["M","?","M","M","$","R","$","?","T","T","?","M","$","E","R","B",null,"M","T","?","T","?","E","R","M"],"character_chosen":"DEFECT","items_purchased":[],"campfire_rested":0,"item_purchase_floors":[],"current_hp_per_floor":[62,62,61,54,54,54,54,54,54,54,54,54,54,59,59,21,62,53,53,53,53,53,29,29,0,0],"gold":150,"neow_bonus":"RANDOM_COMMON_RELIC","is_daily":false,"chose_seed":false,"campfire_upgraded":3,"win_rate":0.0,"timestamp":1613581661,"path_taken":["M","?","?","M","$","R","$","?","T","?","?","M","$","E","R","BOSS","M","?","?","?","?","E","R","M"],"items_purchased_type":[],"build_version":"2020-12-22","purchased_purges":2,"victory":false,"max_hp_per_floor":[75,75,75,75,75,75,75,75,75,75,75,75,75,75,75,75,75,75,75,75,75,75,75,75,75,75],"card_choices":[{"not_picked":["Static Discharge","Beam Cell"],"picked":"Gash","floor":1},{"not_picked":["Genetic Algorithm","Stack"],"picked":"Go for the Eyes","floor":3},{"not_picked":["Sweeping Beam","Gash"],"picked":"Reboot","floor":4},{"not_picked":["Conserve Battery","Steam"],"picked":"Beam Cell","floor":12},{"not_picked":["Storm","Cold Snap","Conserve Battery"],"picked":"SKIP","floor":14},{"not_picked":["Rainbow","Core Surge"],"picked":"Machine Learning","floor":16},{"not_picked":["White Noise","Melter"],"picked":"Self Repair","floor":18},{"not_picked":["Ball Lightning","Rebound"],"picked":"Steam","floor":23}],"player_experience":1219191,"relics_obtained":[{"floor":9,"key":"Toy Ornithopter"},{"floor":10,"key":"Thread and Needle"},{"floor":14,"key":"Nunchaku"},{"floor":19,"key":"Oddly Smooth Stone"},{"floor":21,"key":"Bottled Tornado"},{"floor":23,"key":"Letter Opener"}],"event_choices":[{"damage_healed":0,"gold_gain":0,"player_choice":"Bought 0 Potions","damage_taken":0,"max_hp_gain":0,"max_hp_loss":0,"event_name":"The Woman in Blue","floor":2,"gold_loss":0},{"damage_healed":0,"gold_gain":0,"player_choice":"1 cards matched","damage_taken":0,"max_hp_gain":0,"max_hp_loss":0,"event_name":"Match and Keep!","floor":8,"gold_loss":0,"cards_obtained":["Rip and Tear"]},{"cards_removed":["Strike_B"],"damage_healed":0,"gold_gain":0,"player_choice":"Purged","damage_taken":0,"max_hp_gain":0,"max_hp_loss":0,"event_name":"Purifier","floor":11,"gold_loss":0},{"cards_removed":["Strike_B"],"damage_healed":0,"gold_gain":0,"player_choice":"Gave Gold","damage_taken":0,"max_hp_gain":0,"max_hp_loss":0,"event_name":"Beggar","floor":20,"gold_loss":75},{"damage_healed":0,"gold_gain":0,"player_choice":"Ignored","damage_taken":0,"max_hp_gain":0,"max_hp_loss":0,"event_name":"The Mausoleum","floor":22,"gold_loss":0}],"is_beta":false,"boss_relics":[{"not_picked":["Cursed Key","Astrolabe"],"picked":"Empty Cage"}],"items_purged_floors":[5,13],"is_endless":false,"potions_floor_spawned":[1,4,12,16,18],"killed_by":"3 Byrds","ascension_level":13}}