{"host":"52m1o8iwwagurbjs","time":1613529411,"event":{"mods":["AchievementEnabler","BaseMod","Bestiary","Challenge The Spire","Colored Powertips","GifTheSpireLib","Minty Spire (QoL Compilation)","Quick Restart","Relic Stats","StSLib"],"gold_per_floor":[119,139,155,168,168,201,201,215,215,230,255,255,97,112,112,209,209,224,149,49,42,56,83,83,110,110,144,155,175,175,202,202,306,306,322,322,332,122,132,132,158,158,210,210,259,42,73,73,73,73,73,73,23,49,49],"floor_reached":56,"language":"ENG","playtime":2806,"items_purged":["Strike_G","Strike_G","Bouncing Flask"],"score":1397,"play_id":"38fbc8d5-5b7a-4242-bac7-6302536e933f","local_time":"20210216213651","is_ascension_mode":true,"campfire_choices":[{"data":"Bouncing Flask","floor":7.0,"key":"SMITH"},{"data":"Wraith Form v2","floor":12.0,"key":"SMITH"},{"data":"Footwork","floor":15.0,"key":"SMITH"},{"floor":24.0,"key":"REST"},{"floor":32.0,"key":"REST"},{"floor":40.0,"key":"RECALL"},{"floor":42.0,"key":"REST"},{"floor":44.0,"key":"REST"},{"floor":49.0,"key":"REST"},{"floor":52.0,"key":"REST"}],"circlet_count":0,"master_deck":["Defend_G","Defend_G","Defend_G","Defend_G","Defend_G","Survivor","Neutralize","Bouncing Flask+1","Crippling Poison","Wraith Form v2+1","Slice","Escape Plan","Deflect","Footwork+1","Night Terror","Leg Sweep","PiercingWail","Prepared","Noxious Fumes+1","Malaise","Calculated Gamble+1","PiercingWail","Envenom","Wraith Form v2","Backflip","Caltrops","Corpse Explosion","Footwork"],"relics":["Philosopher\u0027s Stone","Blood Vial","Toy Ornithopter","Dream Catcher","Fusion Hammer","Question Card","Vajra","TungstenRod","Pear","Smiling Mask","Runic Pyramid","PreservedInsect","Calipers","FossilizedHelix","Membership Card","Art of War","Nunchaku"],"acts_visited":["Exordium","TheCity","TheBeyond","TheEnding"],"potions_floor_usage":[54,55,55],"damage_taken":[{"damage":0.0,"enemies":"Cultist","floor":1.0,"turns":4.0},{"damage":0.0,"enemies":"2 Louse","floor":2.0,"turns":3.0},{"damage":5.0,"enemies":"Jaw Worm","floor":3.0,"turns":4.0},{"damage":9.0,"enemies":"Blue Slaver","floor":4.0,"turns":3.0},{"damage":14.0,"enemies":"3 Sentries","floor":6.0,"turns":8.0},{"damage":0.0,"enemies":"Exordium Thugs","floor":8.0,"turns":3.0},{"damage":0.0,"enemies":"3 Louse","floor":10.0,"turns":4.0},{"damage":17.0,"enemies":"Gremlin Nob","floor":11.0,"turns":3.0},{"damage":0.0,"enemies":"Looter","floor":14.0,"turns":3.0},{"damage":7.0,"enemies":"Hexaghost","floor":16.0,"turns":7.0},{"damage":2.0,"enemies":"Shell Parasite","floor":18.0,"turns":5.0},{"damage":19.0,"enemies":"2 Thieves","floor":21.0,"turns":4.0},{"damage":6.0,"enemies":"Chosen and Byrds","floor":22.0,"turns":8.0},{"damage":14.0,"enemies":"Gremlin Leader","floor":23.0,"turns":8.0},{"damage":5.0,"enemies":"Book of Stabbing","floor":25.0,"turns":7.0},{"damage":23.0,"enemies":"Gremlin Leader","floor":27.0,"turns":7.0},{"damage":6.0,"enemies":"Cultist and Chosen","floor":28.0,"turns":7.0},{"damage":0.0,"enemies":"Snake Plant","floor":29.0,"turns":5.0},{"damage":6.0,"enemies":"Slavers","floor":31.0,"turns":6.0},{"damage":24.0,"enemies":"Collector","floor":33.0,"turns":12.0},{"damage":0.0,"enemies":"3 Shapes","floor":35.0,"turns":5.0},{"damage":0.0,"enemies":"Orb Walker","floor":37.0,"turns":5.0},{"damage":0.0,"enemies":"Transient","floor":39.0,"turns":5.0},{"damage":0.0,"enemies":"Giant Head","floor":41.0,"turns":11.0},{"damage":10.0,"enemies":"2 Orb Walkers","floor":45.0,"turns":6.0},{"damage":0.0,"enemies":"Nemesis","floor":47.0,"turns":9.0},{"damage":26.0,"enemies":"Awakened One","floor":50.0,"turns":19.0},{"damage":7,"enemies":"Shield and Spear","floor":54,"turns":10},{"damage":22,"enemies":"The Heart","floor":55,"turns":15}],"seed_played":"390815608300007077","potions_obtained":[{"floor":1.0,"key":"Regen Potion"},{"floor":2.0,"key":"Energy Potion"},{"floor":3.0,"key":"SteroidPotion"},{"floor":6.0,"key":"SteroidPotion"},{"floor":14.0,"key":"SpeedPotion"},{"floor":21.0,"key":"SpeedPotion"},{"floor":23.0,"key":"EssenceOfSteel"},{"floor":28.0,"key":"Energy Potion"},{"floor":29.0,"key":"Ancient Potion"},{"floor":31.0,"key":"BlessingOfTheForge"},{"floor":37.0,"key":"Poison Potion"},{"floor":39.0,"key":"Ancient Potion"},{"floor":54,"key":"Block Potion"}],"is_trial":false,"path_per_floor":["M","M","M","M","?","E","R","M","T","M","E","R","$","M","R","B",null,"M","?","$","M","M","E","R","E","T","E","M","M","?","E","R","B",null,"M","?","M","$","M","R","E","R","T","R","?","$","E","?","R","B",null,"R","$","E","B",null],"character_chosen":"THE_SILENT","items_purchased":["Footwork","Poison Potion","PreservedInsect","Caltrops","Footwork","Membership Card"],"campfire_rested":6,"item_purchase_floors":[13,13,38,38,46,46],"current_hp_per_floor":[70,70,65,56,61,62,62,64,64,71,56,56,56,58,58,63,75,73,73,73,56,52,45,67,64,64,53,49,56,56,57,82,61,85,85,85,85,85,85,85,85,85,85,85,75,75,77,77,85,59,85,85,85,78,63],"gold":49,"neow_bonus":"BOSS_RELIC","is_daily":false,"chose_seed":false,"campfire_upgraded":3,"win_rate":0.0,"timestamp":1613529411,"path_taken":["M","M","M","M","?","E","R","M","T","M","E","R","$","M","R","BOSS","M","?","$","M","M","E","R","E","T","E","M","M","?","E","R","BOSS","M","?","?","$","M","R","E","R","T","R","?","$","E","?","R","BOSS","R","$","E","BOSS"],"items_purchased_type":["Card","Potion","Relic","Card","Card","Relic"],"build_version":"2020-12-22","purchased_purges":3,"victory":true,"max_hp_per_floor":[70,70,70,70,75,75,75,75,75,75,75,75,75,75,75,75,75,75,75,75,75,75,75,75,75,75,85,85,85,85,85,85,85,85,85,85,85,85,85,85,85,85,85,85,85,85,85,85,85,85,85,85,85,85,85],"relic_stats":{"Blood Vial":32,"Dream Catcher":6,"Nunchaku":[0],"counters":[29,196],"PreservedInsect":240,"Art of War":[25],"Question Card":19,"Smiling Mask":13,"obtain_stats":[{"Pear":27,"Calipers":41,"Vajra":25,"PreservedInsect":38,"Question Card":23,"Smiling Mask":31,"Blood Vial":6,"Dream Catcher":11,"Nunchaku":54,"Philosopher\u0027s Stone":0,"Fusion Hammer":17,"Art of War":47,"Membership Card":46,"Toy Ornithopter":9,"TungstenRod":26,"FossilizedHelix":45,"Ring of the Snake":0,"Runic Pyramid":34},{"Pear":16,"Calipers":24,"Vajra":15,"PreservedInsect":22,"Question Card":14,"Smiling Mask":19,"Blood Vial":5,"Dream Catcher":8,"Nunchaku":28,"Philosopher\u0027s Stone":0,"Fusion Hammer":10,"Art of War":26,"Membership Card":25,"Toy Ornithopter":6,"TungstenRod":15,"FossilizedHelix":25,"Ring of the Snake":0,"Runic Pyramid":20},{"Pear":81,"Calipers":137,"Vajra":74,"PreservedInsect":121,"Question Card":67,"Smiling Mask":99,"Blood Vial":22,"Dream Catcher":32,"Nunchaku":181,"Philosopher\u0027s Stone":0,"Fusion Hammer":42,"Art of War":152,"Membership Card":143,"Toy Ornithopter":25,"TungstenRod":74,"FossilizedHelix":143,"Ring of the Snake":0,"Runic Pyramid":111}],"Toy Ornithopter":36,"TungstenRod":121},"card_choices":[{"not_picked":["Bane","Prepared"],"picked":"Finisher","floor":1.0},{"not_picked":["Slice","Dagger Spray"],"picked":"Bouncing Flask","floor":2.0},{"not_picked":["Deflect","Escape Plan"],"picked":"Crippling Poison","floor":3.0},{"not_picked":["Leg Sweep","Catalyst"],"picked":"Wraith Form v2","floor":4.0},{"not_picked":["Prepared","PiercingWail"],"picked":"Slice","floor":6.0},{"not_picked":["Heel Hook","Slice"],"picked":"Escape Plan","floor":8.0},{"not_picked":["Prepared","Backflip"],"picked":"Bouncing Flask","floor":10.0},{"not_picked":["Poisoned Stab","Predator"],"picked":"Deflect","floor":11.0},{"not_picked":["Dash","Flying Knee","Blade Dance"],"picked":"SKIP","floor":14.0},{"not_picked":["Bullet Time","Grand Finale"],"picked":"Night Terror","floor":16.0},{"not_picked":["Sucker Punch","Poisoned Stab","Bane"],"picked":"SKIP","floor":18.0},{"not_picked":["Finisher","Dodge and Roll+1"],"picked":"Leg Sweep","floor":21.0},{"not_picked":["Choke","Dodge and Roll"],"picked":"PiercingWail","floor":22.0},{"not_picked":["Dodge and Roll","Distraction+1"],"picked":"Prepared","floor":23.0},{"not_picked":["Acrobatics","Prepared","Poisoned Stab"],"picked":"Noxious Fumes+1","floor":24.0},{"not_picked":["Flying Knee","Blur+1","Setup"],"picked":"Malaise","floor":25.0},{"not_picked":["Sucker Punch","Distraction+1","Infinite Blades"],"picked":"Calculated Gamble+1","floor":27.0},{"not_picked":["Choke","Heel Hook","Accuracy","Eviscerate"],"picked":"SKIP","floor":28.0},{"not_picked":["Choke+1","Dagger Spray","Tactician+1","Underhanded Strike"],"picked":"SKIP","floor":29.0},{"not_picked":["Expertise","Deadly Poison","Bane+1","Predator+1"],"picked":"SKIP","floor":31.0},{"not_picked":["Tools of the Trade","Grand Finale","Night Terror"],"picked":"Wraith Form v2","floor":33.0},{"not_picked":["Dagger Spray+1","Quick Slash","Concentrate","Calculated Gamble"],"picked":"SKIP","floor":35.0},{"not_picked":["PiercingWail+1","Accuracy+1","Dagger Throw+1"],"picked":"Backflip","floor":37.0},{"not_picked":["Poisoned Stab+1","Escape Plan","Well Laid Plans+1","Quick Slash"],"picked":"SKIP","floor":39.0},{"not_picked":["Unload","Reflex","Calculated Gamble+1"],"picked":"Corpse Explosion","floor":41.0},{"not_picked":["Setup","Deflect+1","PiercingWail+1","Crippling Poison+1"],"picked":"SKIP","floor":47.0},{"not_picked":["Flying Knee+1","Leg Sweep","Footwork","Cloak And Dagger"],"picked":"SKIP","floor":54}],"player_experience":1372656,"relics_obtained":[{"floor":6.0,"key":"Blood Vial"},{"floor":9.0,"key":"Toy Ornithopter"},{"floor":11.0,"key":"Dream Catcher"},{"floor":23.0,"key":"Question Card"},{"floor":25.0,"key":"Vajra"},{"floor":26.0,"key":"TungstenRod"},{"floor":27.0,"key":"Pear"},{"floor":31.0,"key":"Smiling Mask"},{"floor":41.0,"key":"Calipers"},{"floor":45.0,"key":"FossilizedHelix"},{"floor":47.0,"key":"Art of War"},{"floor":54,"key":"Nunchaku"}],"event_choices":[{"damage_healed":0.0,"max_hp_gain":5.0,"max_hp_loss":0.0,"gold_gain":0.0,"event_name":"Big Fish","player_choice":"Donut","floor":5.0,"gold_loss":0.0,"damage_taken":0.0},{"cards_removed":["Strike_G"],"damage_healed":0.0,"max_hp_gain":0.0,"max_hp_loss":0.0,"gold_gain":0.0,"event_name":"Beggar","player_choice":"Gave Gold","floor":19.0,"gold_loss":75.0,"damage_taken":0.0},{"damage_healed":0.0,"max_hp_gain":0.0,"max_hp_loss":0.0,"gold_gain":0.0,"cards_transformed":["Strike_G","Strike_G"],"event_name":"Drug Dealer","player_choice":"Became Test Subject","floor":30.0,"gold_loss":0.0,"damage_taken":0.0,"cards_obtained":["PiercingWail","Envenom"]},{"cards_removed":["Finisher"],"damage_healed":0.0,"max_hp_gain":0.0,"max_hp_loss":0.0,"gold_gain":0.0,"event_name":"Wheel of Change","player_choice":"Card Removal","floor":36.0,"gold_loss":0.0,"damage_taken":0.0},{"damage_healed":0.0,"max_hp_gain":0.0,"max_hp_loss":0.0,"gold_gain":0.0,"event_name":"Mysterious Sphere","player_choice":"Fight","floor":45.0,"gold_loss":0.0,"damage_taken":0.0},{"damage_healed":0.0,"max_hp_gain":0.0,"max_hp_loss":0.0,"gold_gain":0.0,"event_name":"SecretPortal","player_choice":"Ignored","floor":48.0,"gold_loss":0.0,"damage_taken":0.0}],"is_beta":false,"boss_relics":[{"not_picked":["Ectoplasm","Busted Crown"],"picked":"Fusion Hammer"},{"not_picked":["Snecko Eye","Black Star"],"picked":"Runic Pyramid"}],"items_purged_floors":[13,20,53],"is_endless":false,"potions_floor_spawned":[1,2,3,6,14,21,23,28,29,31,37,39,47,54],"ascension_level":1}}