{"host":"nxma0dbhh74lxenq","time":1613528723,"event":{"mods":["Astrologer","BaseMod","Beaked The Cultist","CapriCore","Colored Map","DeckTracker","Gremlin Mod","Highlight Path","Koishi","Mad Scientist","Minty Spire (QoL Compilation)","StSLib","SuperFastMode","The Bladedancer","The Cursed","The Immortal","The Mystic","YoumuÅiç∞ÈÆódöÎÅj"],"gold_per_floor":[213,230,230,248,248,248,274,274,274,113,113,147,159,169,169,245,245,251,201,215,210,210],"floor_reached":21,"language":"JPN","playtime":862,"items_purged":["Koishi:BasicStrike"],"score":349,"play_id":"34d39db3-3150-469b-a7a2-09bc33204a8b","local_time":"20210217112523","is_ascension_mode":true,"campfire_choices":[{"data":"Koishi:HauntingSlash","floor":6,"key":"SMITH"},{"data":"Koishi:Provoke","floor":8,"key":"SMITH"},{"floor":11,"key":"REST"},{"data":"Koishi:ParalyzingFear","floor":15,"key":"SMITH"}],"circlet_count":0,"master_deck":["AscendersBane","Koishi:BasicDefend","Koishi:BasicDefend","Koishi:BasicDefend","Koishi:Provoke+1","Koishi:HauntingSlash+1","Koishi:ParalyzingFear+1","Koishi:LastRemote","Koishi:TremblingHands","Koishi:PhantomStrike","Koishi:UnansweredLove","Koishi:Whimsy","Koishi:TerrifyingSpectre+1","Koishi:Ego+1","Koishi:TremblingHands+1","Koishi:RollingInRichesHeart+1","Koishi:TraumaticStroke+1","Koishi:MindNumbingTerror"],"relics":["Koishi:ImaginaryFriend","Koishi:BloodstainedWhiteRose","Ancient Tea Set","Pantograph","Shuriken","Astrolabe"],"acts_visited":["Exordium","TheCity"],"potions_floor_usage":[12,21,21],"damage_taken":[{"damage":5,"enemies":"2 Louse","floor":1,"turns":3},{"damage":8,"enemies":"Jaw Worm","floor":2,"turns":5},{"damage":3,"enemies":"Cultist","floor":4,"turns":4},{"damage":5,"enemies":"Lagavulin","floor":12,"turns":10},{"damage":2,"enemies":"Large Slime","floor":13,"turns":4},{"damage":12,"enemies":"2 Fungi Beasts","floor":14,"turns":4},{"damage":24,"enemies":"Hexaghost","floor":16,"turns":13},{"damage":32,"enemies":"Spheric Guardian","floor":18,"turns":7},{"damage":11,"enemies":"Shell Parasite","floor":20,"turns":6},{"damage":42,"enemies":"Sentry and Sphere","floor":21,"turns":5}],"seed_played":"6391759255945487477","potions_obtained":[{"floor":2,"key":"AttackPotion"},{"floor":4,"key":"Regen Potion"},{"floor":12,"key":"SpeedPotion"},{"floor":18,"key":"AttackPotion"}],"is_trial":false,"path_per_floor":["M","M","?","M","?","R","T","R","T","$","R","E","M","M","R","B",null,"M","?","M","M"],"character_chosen":"KOISHI","items_purchased":["Koishi:TremblingHands"],"campfire_rested":1,"item_purchase_floors":[10],"current_hp_per_floor":[48,43,32,33,26,26,26,26,26,26,43,49,52,45,45,42,53,23,23,19,0,0],"gold":210,"neow_bonus":"HUNDRED_GOLD","is_daily":false,"chose_seed":false,"campfire_upgraded":3,"win_rate":0.0,"timestamp":1613528723,"path_taken":["M","M","?","M","?","R","?","R","T","$","R","E","M","M","R","BOSS","M","?","M","?"],"items_purchased_type":["Card"],"build_version":"2020-12-22","purchased_purges":1,"victory":false,"max_hp_per_floor":[57,57,57,57,57,57,57,57,57,57,57,57,57,57,57,57,57,57,57,57,57,57],"card_choices":[{"not_picked":["Koishi:Jaunt","Koishi:MindNumbingTerror"],"picked":"Koishi:ParalyzingFear","floor":1},{"not_picked":["Koishi:BloodcurdlingScream","Koishi:StrangeCloudFist"],"picked":"Koishi:LastRemote","floor":2},{"not_picked":["Koishi:Bloodlust","Koishi:DreadfulBlow","Koishi:ReleaseOfTheId"],"picked":"SKIP","floor":4},{"not_picked":["Koishi:PhilosophyOfTheDespised","Koishi:DNAsFlaw"],"picked":"Koishi:PhantomStrike","floor":12},{"not_picked":["Koishi:FreudianInstinct","Koishi:CatchAndRose"],"picked":"Koishi:UnansweredLove","floor":13},{"not_picked":["Koishi:BramblyRoseGarden","Koishi:FreudianInstinct"],"picked":"Koishi:Whimsy","floor":14},{"not_picked":["Koishi:RuptureMind","Koishi:GrowingPain"],"picked":"Koishi:TerrifyingSpectre","floor":16},{"not_picked":["Koishi:UnseenTerror","Koishi:FleetingPhantom"],"picked":"Koishi:TraumaticStroke+1","floor":18},{"not_picked":["Koishi:LastRemote","Koishi:EmbersOfLove"],"picked":"Koishi:MindNumbingTerror","floor":20}],"player_experience":468545,"relics_obtained":[{"floor":7,"key":"Ancient Tea Set"},{"floor":9,"key":"Pantograph"},{"floor":12,"key":"Shuriken"}],"event_choices":[{"damage_healed":0,"gold_gain":0,"player_choice":"Success","damage_taken":11,"relics_obtained":["Koishi:BloodstainedWhiteRose"],"max_hp_gain":0,"max_hp_loss":0,"event_name":"Scrap Ooze","floor":3,"gold_loss":0},{"cards_removed":["Koishi:BasicStrike"],"damage_healed":0,"gold_gain":0,"player_choice":"Card Removal","damage_taken":7,"max_hp_gain":0,"max_hp_loss":0,"event_name":"Golden Wing","floor":5,"gold_loss":0},{"damage_healed":0,"gold_gain":0,"player_choice":"Upgrade","damage_taken":0,"max_hp_gain":0,"max_hp_loss":0,"event_name":"Designer","floor":19,"gold_loss":50,"cards_upgraded":["Koishi:TerrifyingSpectre"]}],"is_beta":false,"boss_relics":[{"not_picked":["Calling Bell","Runic Dome"],"picked":"Astrolabe"}],"items_purged_floors":[10],"is_endless":false,"potions_floor_spawned":[2,4,12,18],"killed_by":"Sentry and Sphere","ascension_level":19}}