{"host":"d52brwsy6af8zvaq","time":1613535892,"event":{"mods":["AchievementEnabler","BaseMod","Bestiary","Highlight Path","Minty Spire (QoL Compilation)","Quick Restart","Relic Stats","ojb\u0027s Better Paths Mod"],"gold_per_floor":[127,150,176,176,176,217,217,250,299,322,344,13,13,13],"floor_reached":13,"language":"ENG","playtime":463,"items_purged":[],"score":190,"play_id":"1c214981-df99-44f3-967d-4ad88b865a8f","local_time":"20210216212452","is_ascension_mode":true,"campfire_choices":[{"data":"Zap","floor":7.0,"key":"SMITH"}],"circlet_count":0,"master_deck":["AscendersBane","Strike_B","Strike_B","Strike_B","Defend_B","Defend_B","Defend_B","Defend_B","Zap+1","Dualcast","Storm","Lockon","Capacitor","Glacier","Melter","Glacier","Go for the Eyes"],"relics":["Cracked Core","CeramicFish","Singing Bowl","MealTicket","Oddly Smooth Stone","Frozen Egg 2"],"acts_visited":["Exordium"],"potions_floor_usage":[13,13],"damage_taken":[{"damage":10.0,"enemies":"Small Slimes","floor":1.0,"turns":3.0},{"damage":7.0,"enemies":"2 Louse","floor":2.0,"turns":2.0},{"damage":0.0,"enemies":"Cultist","floor":3.0,"turns":2.0},{"damage":15.0,"enemies":"Lagavulin","floor":6.0,"turns":7.0},{"damage":20.0,"enemies":"3 Sentries","floor":8.0,"turns":12.0},{"damage":1.0,"enemies":"Blue Slaver","floor":10.0,"turns":4.0},{"damage":4.0,"enemies":"Looter","floor":11.0,"turns":4.0},{"damage":46,"enemies":"Gremlin Nob","floor":13,"turns":4}],"seed_played":"3844736082518867520","potions_obtained":[{"floor":1.0,"key":"BlessingOfTheForge"},{"floor":3.0,"key":"DistilledChaos"},{"floor":8.0,"key":"DuplicationPotion"}],"is_trial":false,"path_per_floor":["M","M","M","?","?","E","R","E","T","M","M","$","E"],"character_chosen":"DEFECT","items_purchased":["Frozen Egg 2","Go for the Eyes"],"campfire_rested":0,"item_purchase_floors":[12,12],"current_hp_per_floor":[54,47,47,52,52,37,37,19,19,18,14,29,0,0],"gold":13,"neow_bonus":"RANDOM_COMMON_RELIC","is_daily":false,"chose_seed":false,"campfire_upgraded":1,"win_rate":0.0,"timestamp":1613535892,"path_taken":["M","M","M","?","?","E","R","E","T","M","M","$","E"],"items_purchased_type":["Relic","Card"],"build_version":"2020-12-22","purchased_purges":0,"victory":false,"max_hp_per_floor":[71,71,71,76,76,76,76,78,78,78,78,78,78,78],"relic_stats":{"Singing Bowl":2,"counters":[8,38],"CeramicFish":63,"MealTicket":15,"obtain_stats":[{"Singing Bowl":6,"CeramicFish":0,"Oddly Smooth Stone":9,"MealTicket":8,"Frozen Egg 2":12,"Cracked Core":0},{"Singing Bowl":4,"CeramicFish":0,"Oddly Smooth Stone":5,"MealTicket":5,"Frozen Egg 2":7,"Cracked Core":0},{"Singing Bowl":14,"CeramicFish":0,"Oddly Smooth Stone":26,"MealTicket":26,"Frozen Egg 2":34,"Cracked Core":0}]},"card_choices":[{"not_picked":["Leap","White Noise"],"picked":"Storm","floor":1.0},{"not_picked":["Double Energy","Blizzard"],"picked":"Lockon","floor":2.0},{"not_picked":["Leap","Force Field"],"picked":"Capacitor","floor":3.0},{"not_picked":["Barrage","Gash"],"picked":"Glacier","floor":6.0},{"not_picked":["Redo","Amplify","Heatsinks"],"picked":"Singing Bowl","floor":8.0},{"not_picked":["Leap","Sweeping Beam"],"picked":"Melter","floor":10.0},{"not_picked":["Steam","Steam Power"],"picked":"Glacier","floor":11.0}],"player_experience":2291908,"relics_obtained":[{"floor":6.0,"key":"Singing Bowl"},{"floor":8.0,"key":"MealTicket"},{"floor":9.0,"key":"Oddly Smooth Stone"}],"event_choices":[{"damage_healed":0.0,"max_hp_gain":5.0,"max_hp_loss":0.0,"gold_gain":0.0,"event_name":"Big Fish","player_choice":"Donut","floor":4.0,"gold_loss":0.0,"damage_taken":0.0},{"cards_removed":["Strike_B"],"damage_healed":0.0,"max_hp_gain":0.0,"max_hp_loss":0.0,"gold_gain":0.0,"event_name":"Purifier","player_choice":"Purged","floor":5.0,"gold_loss":0.0,"damage_taken":0.0}],"is_beta":false,"boss_relics":[],"items_purged_floors":[],"is_endless":false,"potions_floor_spawned":[1,3,8,11],"killed_by":"Gremlin Nob","ascension_level":20}}