{"host":"p9vmbvw2hh2n16dn","time":1613556843,"event":{"mods":["AchievementEnabler","BaseMod","Block Reminder","Minty Spire (QoL Compilation)","Relic Stats","SuperFastMode"],"gold_per_floor":[119,119,219,234,254,292,292,292,292,313,313,344,368,392,392,392,392],"floor_reached":16,"language":"ENG","playtime":463,"items_purged":[],"score":176,"play_id":"b5175f89-c222-48c4-9cc0-108569b52511","local_time":"20210217111403","is_ascension_mode":true,"campfire_choices":[{"data":"1","floor":7,"key":"LIFT"},{"data":"2","floor":11,"key":"LIFT"},{"floor":15,"key":"REST"}],"circlet_count":0,"master_deck":["AscendersBane","Strike_G","Strike_G","Strike_G","Strike_G","Strike_G","Defend_G","Defend_G","Defend_G","Defend_G","Defend_G","Survivor","Neutralize","Dodge and Roll","Riddle With Holes","Skewer","Tactician+1","Night Terror+1"],"relics":["Busted Crown","Golden Idol","Girya","Blood Vial","Toxic Egg 2","Happy Flower","Juzu Bracelet"],"acts_visited":["Exordium"],"potions_floor_usage":[12,12,16,16],"damage_taken":[{"damage":0,"enemies":"Jaw Worm","floor":1,"turns":5},{"damage":1,"enemies":"Small Slimes","floor":4,"turns":5},{"damage":7,"enemies":"Cultist","floor":5,"turns":4},{"damage":32,"enemies":"3 Sentries","floor":6,"turns":12},{"damage":5,"enemies":"Blue Slaver","floor":10,"turns":2},{"damage":12,"enemies":"Gremlin Nob","floor":12,"turns":3},{"damage":0,"enemies":"Large Slime","floor":14,"turns":6},{"damage":47,"enemies":"Hexaghost","floor":16,"turns":11}],"seed_played":"-8111424783574895889","potions_obtained":[{"floor":5,"key":"Weak Potion"},{"floor":10,"key":"Swift Potion"},{"floor":12,"key":"Weak Potion"},{"floor":14,"key":"Regen Potion"}],"is_trial":false,"path_per_floor":["M","?","?","M","M","E","R","?","T","M","R","E","T","M","R","B"],"character_chosen":"THE_SILENT","items_purchased":[],"campfire_rested":1,"item_purchase_floors":[],"current_hp_per_floor":[63,63,63,62,55,23,23,20,20,17,17,7,7,9,28,0,0],"gold":392,"neow_bonus":"BOSS_RELIC","is_daily":false,"chose_seed":false,"campfire_upgraded":0,"win_rate":0.0,"timestamp":1613556843,"path_taken":["M","?","?","?","M","E","R","?","T","M","R","E","?","M","R","BOSS"],"items_purchased_type":[],"build_version":"2020-12-22","purchased_purges":0,"victory":false,"max_hp_per_floor":[70,65,65,65,65,65,65,65,65,65,65,65,65,65,65,65,65],"relic_stats":{"Blood Vial":8,"Busted Crown":14,"Happy Flower":[5],"counters":[8,48],"Golden Idol":30,"Juzu Bracelet":0,"obtain_stats":[{"Blood Vial":8,"Girya":6,"Busted Crown":0,"Happy Flower":12,"Golden Idol":2,"Juzu Bracelet":13,"Toxic Egg 2":9,"Ring of the Snake":0},{"Blood Vial":4,"Girya":4,"Busted Crown":0,"Happy Flower":6,"Golden Idol":1,"Juzu Bracelet":6,"Toxic Egg 2":4,"Ring of the Snake":0},{"Blood Vial":26,"Girya":26,"Busted Crown":0,"Happy Flower":31,"Golden Idol":5,"Juzu Bracelet":31,"Toxic Egg 2":26,"Ring of the Snake":0}]},"card_choices":[{"not_picked":[],"picked":"Dodge and Roll","floor":1},{"not_picked":[],"picked":"Riddle With Holes","floor":4},{"not_picked":[],"picked":"Skewer","floor":5},{"not_picked":["Caltrops"],"picked":"SKIP","floor":6},{"not_picked":[],"picked":"Tactician+1","floor":10},{"not_picked":[],"picked":"Night Terror+1","floor":12},{"not_picked":["Infinite Blades"],"picked":"SKIP","floor":14}],"player_experience":348703,"relics_obtained":[{"floor":6,"key":"Girya"},{"floor":9,"key":"Toxic Egg 2"},{"floor":12,"key":"Happy Flower"},{"floor":13,"key":"Juzu Bracelet"}],"event_choices":[{"damage_healed":0,"gold_gain":0,"player_choice":"Lose Max HP","damage_taken":0,"relics_obtained":["Golden Idol"],"max_hp_gain":0,"max_hp_loss":5,"event_name":"Golden Idol","floor":2,"gold_loss":0},{"damage_healed":0,"gold_gain":100,"player_choice":"Pray","damage_taken":0,"max_hp_gain":0,"max_hp_loss":0,"event_name":"Golden Shrine","floor":3,"gold_loss":0},{"damage_healed":0,"gold_gain":0,"player_choice":"Success","damage_taken":3,"relics_obtained":["Blood Vial"],"max_hp_gain":0,"max_hp_loss":0,"event_name":"Scrap Ooze","floor":8,"gold_loss":0}],"is_beta":false,"boss_relics":[],"items_purged_floors":[],"is_endless":false,"potions_floor_spawned":[5,10,12,14],"killed_by":"Hexaghost","ascension_level":12}}