{"host":"ohy0y2gq28lmekc7","time":1613569367,"event":{"mods":["AchievementEnabler","Act Like it!","BaseMod","Better Third Choice","BetterRewards","Colored Powertips","Curses Come First","Highlight Path","Minty Spire (QoL Compilation)","Permanent Neow","Quick Restart","Relic Stats","StSLib"],"gold_per_floor":[114,114,129,204,220,245,263,263,263],"floor_reached":8,"language":"ENG","playtime":584,"items_purged":[],"score":58,"play_id":"489d6c78-8a58-411d-a1de-002b30e3d65d","local_time":"20210217144247","is_ascension_mode":false,"campfire_choices":[],"circlet_count":0,"master_deck":["Strike_G","Strike_G","Strike_G","Strike_G","Strike_G","Defend_G","Defend_G","Defend_G","Defend_G","Defend_G","Survivor","Neutralize","Poisoned Stab","Poisoned Stab","Poisoned Stab","Underhanded Strike","Leg Sweep","Terror","Infinite Blades","Outmaneuver","Slice","PiercingWail"],"relics":["Ring of the Snake","The Specimen","Orrery","Du-Vu Doll","NlothsMask","Mercury Hourglass"],"acts_visited":["Exordium"],"potions_floor_usage":[8,8],"damage_taken":[{"damage":0,"enemies":"Jaw Worm","floor":1,"turns":3},{"damage":1,"enemies":"Cultist","floor":3,"turns":3},{"damage":1,"enemies":"Small Slimes","floor":5,"turns":2},{"damage":19,"enemies":"Gremlin Nob","floor":6,"turns":4},{"damage":4,"enemies":"Exordium Wildlife","floor":7,"turns":4},{"damage":16,"enemies":"3 Sentries","floor":8,"turns":4}],"seed_played":"1036836626325960291","potions_obtained":[{"floor":1,"key":"SmokeBomb"},{"floor":6,"key":"SteroidPotion"},{"floor":7,"key":"Swift Potion"}],"is_trial":false,"path_per_floor":["M","?","M","?","M","E","M","E"],"character_chosen":"THE_SILENT","items_purchased":["The Specimen","Orrery"],"campfire_rested":0,"item_purchase_floors":[0,0],"current_hp_per_floor":[45,45,44,33,32,13,9,0,0],"gold":263,"neow_bonus":"","is_daily":false,"chose_seed":false,"campfire_upgraded":0,"win_rate":0.0,"timestamp":1613569367,"path_taken":["M","?","?","?","M","E","M","E"],"items_purchased_type":["Relic","Relic"],"build_version":"2020-12-22","purchased_purges":0,"victory":false,"max_hp_per_floor":[70,70,70,70,70,70,70,70,70],"relic_stats":{"counters":[58,236],"obtain_stats":[{"Calipers":36,"Gremlin Horn":45,"Vajra":10,"Bottled Tornado":31,"HornCleat":9,"Sundial":12,"Philosopher\u0027s Stone":34,"Kunai":43,"Girya":36,"Pear":9,"Happy Flower":6,"Oddly Smooth Stone":40,"Eternal Feather":5,"Tingsha":34,"Pen Nib":0,"Letter Opener":34,"Paper Crane":46,"War Paint":37,"Du-Vu Doll":0,"Shuriken":6,"Bird Faced Urn":12,"Bronze Scales":29,"Molten Egg 2":32,"Black Star":17,"NlothsMask":2,"Lantern":26,"Regal Pillow":27,"Torii":0,"Snake Skull":21,"Juzu Bracelet":29,"Bag of Preparation":45,"Ancient Tea Set":8,"ClockworkSouvenir":30,"Shovel":0,"Mummified Hand":30,"Ninja Scroll":49,"Gambling Chip":31,"Pantograph":41,"Tiny Chest":0,"WingedGreaves":37,"Red Mask":20,"InkBottle":24,"Ring of the Snake":0,"Potion Belt":34,"The Specimen":0,"Thread and Needle":40,"PreservedInsect":45,"Omamori":7,"Frozen Egg 2":26,"White Beast Statue":43,"Mercury Hourglass":0,"Calling Bell":34,"Ornamental Fan":41,"Orrery":19,"Coffee Dripper":17,"Bag of Marbles":27,"Bottled Lightning":42},{"Calipers":23,"Gremlin Horn":28,"Vajra":35,"Bottled Tornado":20,"HornCleat":35,"Sundial":35,"Philosopher\u0027s Stone":21,"Kunai":28,"Girya":46,"Pear":7,"Happy Flower":5,"Oddly Smooth Stone":47,"Eternal Feather":4,"Tingsha":44,"Pen Nib":0,"Letter Opener":44,"Paper Crane":29,"War Paint":46,"Du-Vu Doll":52,"Shuriken":35,"Bird Faced Urn":8,"Bronze Scales":43,"Molten Egg 2":43,"Black Star":38,"NlothsMask":53,"Lantern":15,"Regal Pillow":16,"Torii":30,"Snake Skull":40,"Juzu Bracelet":18,"Bag of Preparation":28,"Ancient Tea Set":35,"ClockworkSouvenir":18,"Shovel":30,"Mummified Hand":43,"Ninja Scroll":51,"Gambling Chip":20,"Pantograph":48,"Tiny Chest":30,"WingedGreaves":24,"Red Mask":13,"InkBottle":15,"Ring of the Snake":0,"Potion Belt":44,"The Specimen":52,"Thread and Needle":27,"PreservedInsect":50,"Omamori":35,"Frozen Egg 2":41,"White Beast Statue":49,"Mercury Hourglass":30,"Calling Bell":44,"Ornamental Fan":48,"Orrery":12,"Coffee Dripper":11,"Bag of Marbles":42,"Bottled Lightning":28},{"Calipers":94,"Gremlin Horn":113,"Vajra":143,"Bottled Tornado":83,"HornCleat":143,"Sundial":143,"Philosopher\u0027s Stone":86,"Kunai":113,"Girya":191,"Pear":35,"Happy Flower":26,"Oddly Smooth Stone":194,"Eternal Feather":20,"Tingsha":185,"Pen Nib":0,"Letter Opener":185,"Paper Crane":118,"War Paint":191,"Du-Vu Doll":216,"Shuriken":143,"Bird Faced Urn":38,"Bronze Scales":178,"Molten Egg 2":178,"Black Star":158,"NlothsMask":219,"Lantern":65,"Regal Pillow":69,"Torii":123,"Snake Skull":166,"Juzu Bracelet":77,"Bag of Preparation":113,"Ancient Tea Set":143,"ClockworkSouvenir":77,"Shovel":123,"Mummified Hand":178,"Ninja Scroll":209,"Gambling Chip":83,"Pantograph":199,"Tiny Chest":123,"WingedGreaves":97,"Red Mask":58,"InkBottle":65,"Ring of the Snake":0,"Potion Belt":185,"The Specimen":216,"Thread and Needle":109,"PreservedInsect":206,"Omamori":143,"Frozen Egg 2":171,"White Beast Statue":204,"Mercury Hourglass":123,"Calling Bell":185,"Ornamental Fan":199,"Orrery":54,"Coffee Dripper":51,"Bag of Marbles":174,"Bottled Lightning":113}],"Ring of the Snake":[116],"Mercury Hourglass":[457]},"card_choices":[{"not_picked":["Quick Slash","Backstab"],"picked":"Poisoned Stab","floor":0},{"not_picked":["Skewer","Dagger Throw"],"picked":"Poisoned Stab","floor":0},{"not_picked":["Underhanded Strike","Bane"],"picked":"Poisoned Stab","floor":0},{"not_picked":["Backflip","Tools of the Trade"],"picked":"Underhanded Strike","floor":0},{"not_picked":["Skewer","Underhanded Strike"],"picked":"Leg Sweep","floor":0},{"not_picked":["Riddle With Holes","Well Laid Plans"],"picked":"Terror","floor":1},{"not_picked":["Underhanded Strike","Quick Slash"],"picked":"Infinite Blades","floor":3},{"not_picked":["Well Laid Plans","Dodge and Roll"],"picked":"Outmaneuver","floor":5},{"not_picked":["Sucker Punch","Finisher"],"picked":"Slice","floor":6},{"not_picked":["Masterful Stab","Reflex"],"picked":"PiercingWail","floor":7}],"player_experience":63556,"relics_obtained":[{"floor":6,"key":"Mercury Hourglass"}],"event_choices":[{"damage_healed":0,"gold_gain":0,"player_choice":"Trade","damage_taken":0,"relics_obtained":["NlothsMask"],"max_hp_gain":0,"max_hp_loss":0,"event_name":"FaceTrader","floor":2,"gold_loss":0},{"damage_healed":0,"gold_gain":75,"player_choice":"Gold","damage_taken":11,"max_hp_gain":0,"max_hp_loss":0,"event_name":"betterThird:BetterGoop","floor":4,"gold_loss":0}],"is_beta":false,"boss_relics":[],"items_purged_floors":[],"is_endless":false,"potions_floor_spawned":[1,6,7],"killed_by":"3 Sentries","ascension_level":0}}