{"host":"snczp9esof91ppiq","time":1613539319,"event":{"mods":["AchievementEnabler","BaseMod","Better Match","Better Note","Better Sensory Stone","Better Skull","Colored Map","Colored Powertips","Hermit","Minty Spire (QoL Compilation)","Relic Stats","StSLib"],"gold_per_floor":[114,126,126,51,51,51,84,98,98,119,84,84,4,39,39,130,130,146,146,146,46,46,46,84,84,84,124,145,145,145],"floor_reached":29,"language":"ENG","playtime":2031,"items_purged":["Injury","Defend_G"],"score":494,"play_id":"43d60c31-c918-4425-9d83-14c144d5a5c6","local_time":"20210216232159","is_ascension_mode":true,"campfire_choices":[{"data":"Dash","floor":6.0,"key":"SMITH"},{"floor":12.0,"key":"REST"},{"data":"Footwork","floor":15.0,"key":"SMITH"},{"data":"Burst","floor":23,"key":"SMITH"},{"floor":25,"key":"REST"}],"circlet_count":0,"master_deck":["AscendersBane","Strike_G","Strike_G","Strike_G","Strike_G","Defend_G","Defend_G","Defend_G","Defend_G","Survivor","Neutralize","Dash+1","Cloak And Dagger","Dagger Spray","Trip","PiercingWail","Malaise","Dagger Spray","Bouncing Flask","Footwork+1","Burst+1","Leg Sweep","RitualDagger","Terror+1","Noxious Fumes"],"relics":["Ring of the Snake","Golden Idol","Darkstone Periapt","Ornamental Fan","Turnip","SlaversCollar","StrikeDummy","Pocketwatch","Strawberry"],"acts_visited":["Exordium","TheCity"],"potions_floor_usage":[18,24,27],"damage_taken":[{"damage":4.0,"enemies":"Jaw Worm","floor":1.0,"turns":6.0},{"damage":0.0,"enemies":"Small Slimes","floor":2.0,"turns":3.0},{"damage":26.0,"enemies":"3 Sentries","floor":7.0,"turns":12.0},{"damage":0.0,"enemies":"2 Louse","floor":8.0,"turns":3.0},{"damage":3.0,"enemies":"Blue Slaver","floor":10.0,"turns":4.0},{"damage":8.0,"enemies":"Lagavulin","floor":14.0,"turns":8.0},{"damage":1.0,"enemies":"The Guardian","floor":16.0,"turns":13.0},{"damage":11,"enemies":"2 Thieves","floor":18,"turns":5},{"damage":7,"enemies":"Book of Stabbing","floor":24,"turns":6},{"damage":44,"enemies":"Gremlin Leader","floor":27,"turns":9},{"damage":0,"enemies":"3 Byrds","floor":28,"turns":4},{"damage":25,"enemies":"Cultist and Chosen","floor":29,"turns":9}],"seed_played":"5356431296936910088","potions_obtained":[{"floor":7.0,"key":"GamblersBrew"},{"floor":8.0,"key":"SkillPotion"},{"floor":16.0,"key":"AttackPotion"},{"floor":22,"key":"Ancient Potion"},{"floor":22,"key":"AttackPotion"}],"is_trial":false,"path_per_floor":["M","M","?","$","?","R","E","M","T","M","?","R","$","E","R","B",null,"M","?","?","$","?","R","E","R","T","E","M","M"],"character_chosen":"THE_SILENT","items_purchased":["Bouncing Flask"],"campfire_rested":2,"item_purchase_floors":[13],"current_hp_per_floor":[55,55,55,55,55,55,29,29,29,26,42,61,61,53,53,52,63,52,52,46,46,46,46,39,58,58,21,21,0,0],"gold":145,"neow_bonus":"TRANSFORM_CARD","is_daily":false,"chose_seed":false,"campfire_upgraded":3,"win_rate":0.0,"timestamp":1613539319,"path_taken":["M","M","?","$","?","R","E","M","T","M","?","R","?","E","R","BOSS","M","?","?","?","?","R","E","R","T","E","?","M"],"items_purchased_type":["Card"],"build_version":"2020-12-22","purchased_purges":2,"victory":false,"max_hp_per_floor":[66,66,66,66,66,66,66,66,66,66,66,66,66,66,66,66,66,66,66,66,66,66,66,66,66,66,73,73,73,73],"relic_stats":{"Darkstone Periapt":0,"counters":[12,82],"Golden Idol":62,"Ornamental Fan":[40],"Turnip":[4],"obtain_stats":[{"Darkstone Periapt":7,"SlaversCollar":17,"Golden Idol":3,"Ornamental Fan":9,"Strawberry":27,"Turnip":14,"StrikeDummy":24,"Ring of the Snake":0,"Pocketwatch":26},{"Darkstone Periapt":3,"SlaversCollar":7,"Golden Idol":2,"Ornamental Fan":4,"Strawberry":10,"Turnip":6,"StrikeDummy":9,"Ring of the Snake":0,"Pocketwatch":9},{"Darkstone Periapt":21,"SlaversCollar":49,"Golden Idol":9,"Ornamental Fan":24,"Strawberry":69,"Turnip":36,"StrikeDummy":60,"Ring of the Snake":0,"Pocketwatch":60}],"Ring of the Snake":[24],"Pocketwatch":[24]},"card_choices":[{"not_picked":["Escape Plan","Slice"],"picked":"Cloak And Dagger","floor":1.0},{"not_picked":["Reflex","Distraction"],"picked":"Dagger Spray","floor":2.0},{"not_picked":["Finesse","Forethought"],"picked":"Trip","floor":5.0},{"not_picked":["Dagger Spray","Deflect"],"picked":"PiercingWail","floor":7.0},{"not_picked":["Dash","Prepared"],"picked":"Malaise","floor":8.0},{"not_picked":["Concentrate","Prepared"],"picked":"Dagger Spray","floor":10.0},{"not_picked":["Deadly Poison","Wraith Form v2"],"picked":"Footwork","floor":14.0},{"not_picked":["Glass Knife","Wraith Form v2"],"picked":"Burst","floor":16.0},{"not_picked":["Outmaneuver+1","Bane"],"picked":"Leg Sweep","floor":18},{"not_picked":["Outmaneuver","Flechettes"],"picked":"Terror+1","floor":24},{"not_picked":["Dash","Deadly Poison"],"picked":"Noxious Fumes","floor":27},{"not_picked":["Calculated Gamble","Masterful Stab+1","Sucker Punch"],"picked":"SKIP","floor":28}],"player_experience":914749,"relics_obtained":[{"floor":7.0,"key":"Darkstone Periapt"},{"floor":9.0,"key":"Ornamental Fan"},{"floor":14.0,"key":"Turnip"},{"floor":24,"key":"StrikeDummy"},{"floor":26,"key":"Pocketwatch"},{"floor":27,"key":"Strawberry"}],"event_choices":[{"damage_healed":0.0,"max_hp_gain":0.0,"max_hp_loss":0.0,"gold_gain":0.0,"event_name":"Golden Idol","player_choice":"Take Wound","floor":3.0,"gold_loss":0.0,"damage_taken":0.0,"relics_obtained":["Golden Idol"],"cards_obtained":["Injury"]},{"damage_healed":0.0,"max_hp_gain":0.0,"max_hp_loss":0.0,"gold_gain":1.0,"event_name":"betterStone:BetterStone","player_choice":"1","floor":5.0,"gold_loss":0.0,"damage_taken":0.0},{"damage_healed":16.0,"max_hp_gain":0.0,"max_hp_loss":0.0,"gold_gain":0.0,"event_name":"The Cleric","player_choice":"Healed","floor":11.0,"gold_loss":35.0,"damage_taken":0.0},{"cards_removed":["Strike_G"],"damage_healed":0,"gold_gain":0,"player_choice":"Give","damage_taken":0,"max_hp_gain":0,"max_hp_loss":0,"event_name":"betterNote:BetterNote","floor":19,"gold_loss":0,"cards_obtained":["Strike_R"]},{"damage_healed":0,"gold_gain":0,"player_choice":"Joined the Cult","damage_taken":6,"max_hp_gain":0,"max_hp_loss":0,"event_name":"Nest","floor":20,"gold_loss":0,"cards_obtained":["RitualDagger"]},{"damage_healed":0,"gold_gain":0,"player_choice":"Got Potions","damage_taken":0,"max_hp_gain":0,"max_hp_loss":0,"event_name":"Lab","floor":22,"gold_loss":0}],"is_beta":false,"boss_relics":[{"not_picked":["Pandora\u0027s Box","Fusion Hammer"],"picked":"SlaversCollar"}],"items_purged_floors":[4,21],"is_endless":false,"potions_floor_spawned":[7,8,16],"killed_by":"Cultist and Chosen","ascension_level":17}}