{"host":"hk6dyp3pgs92n0l4","time":1613536031,"event":{"mods":["AchievementEnabler","BaseMod","Colored Powertips","GifTheSpireLib","Infinite Spire","Minty Spire (QoL Compilation)","Random Character Mod","StSLib","The Bug Knight","The Construct","The Cursed","The Disciple","The Hierophant","The Runesmith"],"gold_per_floor":[117,134,149,2,12,12,31,46,73,100,117,143,163,88,88,88,88],"floor_reached":16,"language":"ENG","playtime":860,"items_purged":["HollowMod:QuickDashStart"],"score":116,"play_id":"14255090-bc65-47a6-bbee-2a92a6646815","local_time":"20210216202711","is_ascension_mode":false,"campfire_choices":[{"data":"HollowMod:DescendingDark","floor":6,"key":"SMITH"},{"data":"HollowMod:ShadowDash","floor":15,"key":"SMITH"}],"circlet_count":0,"master_deck":["HollowMod:NailStrikeStart","HollowMod:NailStrikeStart","HollowMod:NailStrikeStart","HollowMod:NailStrikeStart","HollowMod:QuickDashStart","HollowMod:QuickDashStart","HollowMod:QuickDashStart","HollowMod:FocusHealStart","HollowMod:PogoStrike","HollowMod:VengefulVoid","HollowMod:ShadowDash+1","HollowMod:DescendingDark+1","HollowMod:VengefulVoid","HollowMod:RecoilStrike","HollowMod:SiblingsSouls","HollowMod:ShadowDash"],"relics":["HollowMod:VesselMask","Regal Pillow","Pen Nib","Nunchaku","MealTicket"],"acts_visited":["Exordium"],"potions_floor_usage":[10,10,10,16,16],"damage_taken":[{"damage":23,"enemies":"infinitespire:Voidling","floor":1,"turns":4},{"damage":0,"enemies":"Cultist","floor":2,"turns":3},{"damage":4,"enemies":"Small Slimes","floor":3,"turns":4},{"damage":3,"enemies":"Exordium Wildlife","floor":5,"turns":3},{"damage":0,"enemies":"HollowMod:HuskWarrior","floor":7,"turns":4},{"damage":9,"enemies":"3 Louse","floor":8,"turns":2},{"damage":9,"enemies":"Lagavulin","floor":10,"turns":5},{"damage":1,"enemies":"2 Fungi Beasts","floor":11,"turns":3},{"damage":6,"enemies":"3 Sentries","floor":12,"turns":5},{"damage":1,"enemies":"Exordium Wildlife","floor":13,"turns":3},{"damage":58,"enemies":"The Guardian","floor":16,"turns":9}],"seed_played":"-1878923208674053661","potions_obtained":[{"floor":1,"key":"ColorlessPotion"},{"floor":2,"key":"AttackPotion"},{"floor":3,"key":"EssenceOfSteel"},{"floor":12,"key":"SteroidPotion"},{"floor":13,"key":"Dexterity Potion"}],"is_trial":false,"path_per_floor":["M","M","M","$","M","R","M","M","T","E","M","E","M","$","R","B"],"character_chosen":"THE_BUGKNIGHT","items_purchased":["Regal Pillow"],"campfire_rested":0,"item_purchase_floors":[4],"current_hp_per_floor":[72,72,68,68,65,65,65,56,56,47,46,40,39,54,54,0,0],"gold":88,"neow_bonus":"TEN_PERCENT_HP_BONUS","is_daily":false,"chose_seed":false,"campfire_upgraded":2,"win_rate":0.0,"timestamp":1613536031,"path_taken":["M","M","M","$","M","R","M","M","T","E","?","E","M","$","R","BOSS"],"items_purchased_type":["Relic"],"build_version":"2020-12-22","purchased_purges":1,"victory":false,"max_hp_per_floor":[82,82,82,82,82,82,82,82,82,82,82,82,82,82,82,82,82],"card_choices":[{"not_picked":["HollowMod:GoodIntentions","HollowMod:LifebloodCocoon"],"picked":"HollowMod:VengefulVoid","floor":1},{"not_picked":["HollowMod:VengefulVoid","HollowMod:BaldurShell"],"picked":"HollowMod:ShadowDash","floor":2},{"not_picked":["HollowMod:InfectedCysts","HollowMod:GoodIntentions","HollowMod:InfectedAttack"],"picked":"SKIP","floor":3},{"not_picked":["HollowMod:NewLittleFool","HollowMod:VengefulVoid"],"picked":"HollowMod:DescendingDark","floor":5},{"not_picked":["HollowMod:NewInfectedGuardian","HollowMod:VengefulSpirit"],"picked":"HollowMod:VengefulVoid","floor":7},{"not_picked":["HollowMod:InfectedCysts","HollowMod:HeavyBlow"],"picked":"HollowMod:RecoilStrike","floor":8},{"not_picked":["HollowMod:LifebloodCocoon","HollowMod:ChannelNail"],"picked":"HollowMod:SiblingsSouls","floor":10},{"not_picked":["HollowMod:NewGlowingWomb","HollowMod:DoubleDash","HollowMod:DreamGate"],"picked":"SKIP","floor":11},{"not_picked":["HollowMod:DashSlash","HollowMod:PerfectDash","HollowMod:TaintedHusks"],"picked":"SKIP","floor":12},{"not_picked":["HollowMod:GrimmsGift","HollowMod:FallenFury"],"picked":"HollowMod:ShadowDash","floor":13}],"player_experience":142773,"relics_obtained":[{"floor":9,"key":"Pen Nib"},{"floor":10,"key":"Nunchaku"},{"floor":12,"key":"MealTicket"}],"event_choices":[],"is_beta":false,"boss_relics":[],"items_purged_floors":[14],"is_endless":false,"potions_floor_spawned":[1,2,3,12,13],"killed_by":"The Guardian","ascension_level":0}}