{"host":"9rqk712yu6s3287p","time":1613577908,"event":{"mods":["ATMod(°¢èªMod)","Act Like it!","BaseMod","CapriCore","Chen","Gensokyo","Googly Eyes","Marisa£¨ìFÓê¡¡Ä§ÀíÉ³£©","Minty Spire (QoL Compilation)","MostiFishMod","Onozuka Komachi Mod","Reimu£¨²©ÀöÁéÃÎ£©","Remilia_Scarlet Moed£¨ÀÙÃ×ÀòÑÇ¡¤Ë¹¿¨À×ÌØ£©3.3.5","Remilia£¨ÀÙÃ×ÀòÑÇ£©","RumiaBox-Â¶Ã×æ«µÄÉñÃØºÐ×Ó","StSLib","The Administrix","The Immortal","The Servant 0.9.4","Yakumo Yukari mod","Youmu£¨»êÆÇÑýÃÎ£©","Yuyuko","[IsaacMod]ÒÔÈö¼âËþ","¡¾ÒÅÎï¿¨ÅÆ¡¿REMEMod"],"gold_per_floor":[150,195,262,317,387,437,437],"floor_reached":6,"language":"ZHS","playtime":484,"items_purged":[],"score":80,"play_id":"6157582a-70e5-4ac1-b4cb-1367cc289384","local_time":"20210218000508","daily_mods":["Shiny","Vintage","Heirloom","Time Dilation","Flight","DeadlyEvents","Elite Swarm","Lethality","Midas","Binary"],"is_ascension_mode":true,"campfire_choices":[],"circlet_count":0,"master_deck":["AscendersBane","TricksterDevil","BatForm","ForecastOfChange","CurseOfVladTepes","ScarletMeister","QueenOfMidnight+1","BloodyHallows+1","HeartBreak","BloodRain+1","EquivalentExchange","KillingBlow+1","BloodyCatastrophe+1","ChaoticDestiny","BloodySeventeenLaser+1","HellCatastrophe","ScarletCoffin","DemonKingCradle+1","TransientEternity+1","CeilingFear"],"relics":["Snecko Eye","Busted Crown","AT_ATBox","DaveBox","REME_ComplimentaryCards","HushsDoor","Transparent","D6","MostiFishMod:Haymaker","Art of War","Boot","Mercury Hourglass","SynthV:TestCard","AT_MibuBalloonWealth","Pear","Potion Belt","AT_ArchangelStaff","REME_HandOfSuture","Shuriken","AT_BladeRuinedKing","GnawedLeaf"],"acts_visited":["Exordium"],"potions_floor_usage":[5],"damage_taken":[{"damage":50.0,"enemies":"2 Louse","floor":1.0,"turns":4.0},{"damage":42.0,"enemies":"Cultist","floor":2.0,"turns":3.0},{"damage":45.0,"enemies":"Jaw Worm","floor":3.0,"turns":3.0},{"damage":41,"enemies":"Blue Slaver","floor":4,"turns":2},{"damage":42,"enemies":"Looter","floor":5,"turns":2},{"damage":81,"enemies":"3 Sentries","floor":6,"turns":5}],"seed_played":"-421870409051503423","potions_obtained":[{"floor":1.0,"key":"BlessingOfTheForge"},{"floor":1.0,"key":"FearPotion"},{"floor":2.0,"key":"Weak Potion"},{"floor":3.0,"key":"Weak Potion"},{"floor":4,"key":"Weak Potion"},{"floor":5,"key":"Strength Potion"}],"is_trial":true,"path_per_floor":["M","M","M","M","M","E"],"character_chosen":"REMILIA","items_purchased":[],"campfire_rested":0,"item_purchase_floors":[],"current_hp_per_floor":[70,80,80,80,80,0,0],"gold":437,"neow_bonus":"","is_daily":false,"chose_seed":false,"campfire_upgraded":0,"win_rate":0.0,"timestamp":1613577908,"path_taken":["M","M","M","M","M","E"],"items_purchased_type":[],"build_version":"2020-12-22","purchased_purges":0,"victory":false,"max_hp_per_floor":[70,80,80,80,80,80,80],"card_choices":[],"player_experience":537452,"relics_obtained":[{"floor":1.0,"key":"Art of War"},{"floor":1.0,"key":"Boot"},{"floor":1.0,"key":"Mercury Hourglass"},{"floor":1.0,"key":"SynthV:TestCard"},{"floor":2.0,"key":"AT_MibuBalloonWealth"},{"floor":2.0,"key":"Pear"},{"floor":3.0,"key":"Potion Belt"},{"floor":3.0,"key":"AT_ArchangelStaff"},{"floor":4,"key":"REME_HandOfSuture"},{"floor":4,"key":"Shuriken"},{"floor":5,"key":"AT_BladeRuinedKing"},{"floor":5,"key":"GnawedLeaf"}],"event_choices":[],"is_beta":false,"boss_relics":[],"items_purged_floors":[],"is_endless":false,"potions_floor_spawned":[2],"killed_by":"3 Sentries","ascension_level":20}}