{"host":"5n1fl7z5i1vf7jan","time":1613530354,"event":{"mods":["BaseMod","Minty Spire (QoL Compilation)","Quick Restart","Relic Stats"],"gold_per_floor":[111,122,122,47,67,102,102,102,127,0,0,19,19,45,45,133,142,162,191,116,116,135,135,155,155,180,180,189,209,39,57,57,57,57],"floor_reached":33,"language":"ENG","playtime":1001,"items_purged":[],"score":494,"play_id":"d414dade-5c5a-4684-bc67-c6ce6cf70fbd","local_time":"20210216185234","is_ascension_mode":true,"campfire_choices":[{"floor":8.0,"key":"REST"},{"data":"Bash","floor":11.0,"key":"SMITH"},{"data":"Clothesline","floor":13.0,"key":"SMITH"},{"data":"Pommel Strike","floor":15.0,"key":"SMITH"},{"floor":23.0,"key":"REST"},{"floor":27.0,"key":"REST"},{"floor":32.0,"key":"REST"}],"circlet_count":0,"master_deck":["AscendersBane","Strike_R+1","Defend_R","Defend_R","Defend_R","Defend_R","Bash+1","Cleave+1","Pummel","Sword Boomerang","Clothesline+1","Feel No Pain","Inflame","Pommel Strike+1","Feed","CurseOfTheBell","Power Through","Corruption","Sentinel","Reckless Charge","Spot Weakness","Feel No Pain","Dual Wield"],"relics":["Philosopher\u0027s Stone","Whetstone","CeramicFish","Calling Bell","Pen Nib","InkBottle","Turnip","Juzu Bracelet"],"acts_visited":["Exordium","TheCity"],"potions_floor_usage":[33],"damage_taken":[{"damage":6.0,"enemies":"2 Louse","floor":1.0,"turns":3.0},{"damage":3.0,"enemies":"Jaw Worm","floor":2.0,"turns":3.0},{"damage":10.0,"enemies":"Small Slimes","floor":5.0,"turns":3.0},{"damage":24.0,"enemies":"Gremlin Nob","floor":6.0,"turns":4.0},{"damage":4.0,"enemies":"Looter","floor":12.0,"turns":3.0},{"damage":0.0,"enemies":"Lots of Slimes","floor":14.0,"turns":1.0},{"damage":18.0,"enemies":"Hexaghost","floor":16.0,"turns":9.0},{"damage":31.0,"enemies":"Shell Parasite","floor":18.0,"turns":5.0},{"damage":8.0,"enemies":"Chosen","floor":19.0,"turns":5.0},{"damage":19.0,"enemies":"Centurion and Healer","floor":22.0,"turns":4.0},{"damage":18.0,"enemies":"Snecko","floor":24.0,"turns":5.0},{"damage":22.0,"enemies":"3 Cultists","floor":29.0,"turns":5.0},{"damage":5.0,"enemies":"Chosen and Byrds","floor":31.0,"turns":8.0},{"damage":58,"enemies":"Champ","floor":33,"turns":12}],"seed_played":"1392307171355481039","potions_obtained":[{"floor":1.0,"key":"Weak Potion"},{"floor":2.0,"key":"FearPotion"},{"floor":6.0,"key":"Ancient Potion"},{"floor":14.0,"key":"ColorlessPotion"},{"floor":22.0,"key":"AttackPotion"},{"floor":31.0,"key":"EssenceOfSteel"}],"is_trial":false,"path_per_floor":["M","M","?","?","M","E","?","R","T","$","R","M","R","M","R","B",null,"M","M","?","?","M","R","M","?","T","R","?","M","$","M","R","B"],"character_chosen":"IRONCLAD","items_purchased":["Feel No Pain","Dexterity Potion","Spot Weakness","Feel No Pain","Dual Wield"],"campfire_rested":4,"item_purchase_floors":[10,10,30,30,30],"current_hp_per_floor":[62,59,52,52,42,18,18,40,40,40,40,36,36,36,36,18,61,33,25,25,25,6,29,11,11,11,34,34,15,15,10,34,0,0],"gold":57,"neow_bonus":"BOSS_RELIC","is_daily":false,"chose_seed":false,"campfire_upgraded":3,"win_rate":0.0,"timestamp":1613530354,"path_taken":["M","M","?","?","M","E","?","R","T","?","R","?","R","M","R","BOSS","M","M","?","?","M","R","?","?","T","R","?","M","$","M","R","BOSS"],"items_purchased_type":["Card","Potion","Card","Card","Card"],"build_version":"2020-12-22","purchased_purges":0,"victory":false,"max_hp_per_floor":[75,75,75,75,75,75,75,75,75,75,75,75,75,75,75,75,75,78,78,78,78,78,78,78,78,78,78,78,81,81,81,81,81,81],"relic_stats":{"counters":[14,70],"CeramicFish":108,"Pen Nib":[7],"Turnip":[12],"Juzu Bracelet":0,"Whetstone":["Strike_R","Cleave"],"obtain_stats":[{"Calling Bell":17,"CeramicFish":9,"Philosopher\u0027s Stone":0,"Pen Nib":17,"Turnip":17,"Juzu Bracelet":26,"Whetstone":6,"Burning Blood":0,"InkBottle":17},{"Calling Bell":7,"CeramicFish":4,"Philosopher\u0027s Stone":0,"Pen Nib":7,"Turnip":7,"Juzu Bracelet":11,"Whetstone":4,"Burning Blood":0,"InkBottle":7},{"Calling Bell":26,"CeramicFish":13,"Philosopher\u0027s Stone":0,"Pen Nib":26,"Turnip":26,"Juzu Bracelet":45,"Whetstone":13,"Burning Blood":0,"InkBottle":26}],"InkBottle":[10]},"card_choices":[{"not_picked":["Disarm","Carnage"],"picked":"Cleave","floor":1.0},{"not_picked":["True Grit","Flex"],"picked":"Pummel","floor":2.0},{"not_picked":["Havoc","Heavy Blade"],"picked":"Sword Boomerang","floor":5.0},{"not_picked":["Iron Wave","Sever Soul"],"picked":"Clothesline","floor":6.0},{"not_picked":["Iron Wave","Sever Soul"],"picked":"Inflame","floor":12.0},{"not_picked":["Exhume","Armaments"],"picked":"Pommel Strike","floor":14.0},{"not_picked":["Juggernaut","Impervious"],"picked":"Feed","floor":16.0},{"not_picked":["Anger","Havoc"],"picked":"Power Through","floor":18.0},{"not_picked":["Shrug It Off","Pommel Strike"],"picked":"Corruption","floor":19.0},{"not_picked":["Heavy Blade","Body Slam","Intimidate"],"picked":"SKIP","floor":22.0},{"not_picked":["Body Slam","Headbutt","Pommel Strike"],"picked":"SKIP","floor":24.0},{"not_picked":["Combust","Thunderclap"],"picked":"Reckless Charge","floor":29.0},{"not_picked":["Heavy Blade","Bloodletting","Headbutt"],"picked":"SKIP","floor":31.0}],"player_experience":348477,"relics_obtained":[{"floor":6.0,"key":"Whetstone"},{"floor":9.0,"key":"CeramicFish"},{"floor":17.0,"key":"Pen Nib"},{"floor":17.0,"key":"InkBottle"},{"floor":17.0,"key":"Turnip"},{"floor":26.0,"key":"Juzu Bracelet"}],"event_choices":[{"cards_removed":["Strike_R"],"damage_healed":0.0,"max_hp_gain":0.0,"max_hp_loss":0.0,"gold_gain":0.0,"event_name":"Golden Wing","player_choice":"Card Removal","floor":3.0,"gold_loss":0.0,"damage_taken":7.0},{"cards_removed":["Strike_R"],"damage_healed":0.0,"max_hp_gain":0.0,"max_hp_loss":0.0,"gold_gain":0.0,"event_name":"The Cleric","player_choice":"Card Removal","floor":4.0,"gold_loss":75.0,"damage_taken":0.0},{"damage_healed":0.0,"max_hp_gain":0.0,"max_hp_loss":0.0,"gold_gain":0.0,"event_name":"Liars Game","player_choice":"Ignored","floor":7.0,"gold_loss":0.0,"damage_taken":0.0},{"cards_removed":["Strike_R"],"damage_healed":0.0,"max_hp_gain":0.0,"max_hp_loss":0.0,"gold_gain":0.0,"event_name":"Beggar","player_choice":"Gave Gold","floor":20.0,"gold_loss":75.0,"damage_taken":0.0},{"cards_removed":["Strike_R"],"damage_healed":0.0,"max_hp_gain":0.0,"max_hp_loss":0.0,"gold_gain":0.0,"event_name":"Wheel of Change","player_choice":"Card Removal","floor":21.0,"gold_loss":0.0,"damage_taken":0.0},{"damage_healed":0.0,"max_hp_gain":0.0,"max_hp_loss":0.0,"gold_gain":0.0,"event_name":"Vampires","player_choice":"Ignored","floor":25.0,"gold_loss":0.0,"damage_taken":0.0},{"damage_healed":0.0,"max_hp_gain":0.0,"max_hp_loss":0.0,"gold_gain":0.0,"event_name":"The Library","player_choice":"Read","floor":28.0,"gold_loss":0.0,"damage_taken":0.0,"cards_obtained":["Sentinel"]}],"is_beta":false,"boss_relics":[{"not_picked":["Sozu","Busted Crown"],"picked":"Calling Bell"}],"items_purged_floors":[],"is_endless":false,"potions_floor_spawned":[1,2,6,14,22,31],"killed_by":"Champ","ascension_level":20}}