{"host":"sav7uxregyirlf69","time":1613533234,"event":{"mods":["AchievementEnabler","BaseMod","Colored Map","DeckTracker","Hermit","Keyboard Shortcuts","Minty Spire (QoL Compilation)","READ ME - Guardian Mod","StSLib","SuperFastMode"],"gold_per_floor":[210,210,222,297,0,27,27,70,70,20,40,60,77,94,94,190,190,205,215,235,85,104,131,131,131,131],"floor_reached":25,"language":"KOR","playtime":760,"items_purged":["hermit:Defend_Hermit"],"score":369,"play_id":"347e8960-30b8-45b2-9ef1-a1789e2b25cc","local_time":"20210217124034","is_ascension_mode":true,"campfire_choices":[{"data":"hermit:Combo","floor":7,"key":"SMITH"},{"data":"hermit:HeroicBravado","floor":15,"key":"SMITH"},{"floor":24,"key":"REST"}],"circlet_count":0,"master_deck":["hermit:Strike_Hermit","hermit:Strike_Hermit","hermit:Strike_Hermit","hermit:Defend_Hermit","hermit:Defend_Hermit","hermit:Defend_Hermit","hermit:Snapshot","hermit:Covet","hermit:TrackingShot","hermit:Headshot","hermit:Combo+1","hermit:TakeAim","hermit:Dive","hermit:HeroicBravado+1","hermit:Enervate","hermit:Glare"],"relics":["hermit:ClaspedLocket","Orrery","Dead Branch","Odd Mushroom","Pear","Lantern","Lee\u0027s Waffle","Bag of Marbles"],"acts_visited":["Exordium","TheCity"],"potions_floor_usage":[6,16,23,25,25],"damage_taken":[{"damage":4,"enemies":"Jaw Worm","floor":1,"turns":4},{"damage":0,"enemies":"Small Slimes","floor":3,"turns":2},{"damage":23,"enemies":"3 Sentries","floor":6,"turns":8},{"damage":13,"enemies":"The Mushroom Lair","floor":8,"turns":5},{"damage":0,"enemies":"2 Louse","floor":11,"turns":1},{"damage":0,"enemies":"Red Slaver","floor":12,"turns":1},{"damage":0,"enemies":"Large Slime","floor":13,"turns":3},{"damage":0,"enemies":"2 Fungi Beasts","floor":14,"turns":4},{"damage":0,"enemies":"Slime Boss","floor":16,"turns":7},{"damage":13,"enemies":"Spheric Guardian","floor":18,"turns":4},{"damage":27,"enemies":"3 Byrds","floor":19,"turns":7},{"damage":27,"enemies":"Snake Plant","floor":20,"turns":4},{"damage":20,"enemies":"Shelled Parasite and Fungi","floor":22,"turns":6},{"damage":44,"enemies":"Slavers","floor":23,"turns":6},{"damage":65,"enemies":"Gremlin Leader","floor":25,"turns":8}],"seed_played":"1246440574906000671","potions_obtained":[{"floor":1,"key":"SkillPotion"},{"floor":8,"key":"PowerPotion"},{"floor":11,"key":"SmokeBomb"},{"floor":12,"key":"ColorlessPotion"},{"floor":14,"key":"PowerPotion"},{"floor":19,"key":"Block Potion"}],"is_trial":false,"path_per_floor":["M","?","M","?","$","E","R","?","T","?","M","M","M","M","R","B",null,"M","M","M","$","M","E","R","E"],"character_chosen":"HERMIT","items_purchased":["hermit:Combo","Orrery","Lee\u0027s Waffle"],"campfire_rested":1,"item_purchase_floors":[5,5,21],"current_hp_per_floor":[71,71,71,60,60,37,37,24,34,34,34,34,34,34,34,34,72,59,32,5,92,72,28,55,0,0],"gold":131,"neow_bonus":"HUNDRED_GOLD","is_daily":false,"chose_seed":false,"campfire_upgraded":2,"win_rate":0.0,"timestamp":1613533234,"path_taken":["M","?","M","?","$","E","R","?","T","?","M","M","?","M","R","BOSS","M","M","M","$","M","E","R","E"],"items_purchased_type":["Card","Relic","Relic"],"build_version":"2020-12-22","purchased_purges":1,"victory":false,"max_hp_per_floor":[75,75,75,75,75,75,75,75,85,85,85,85,85,85,85,85,85,85,85,85,92,92,92,92,92,92],"card_choices":[{"not_picked":["hermit:LuckOfTheDraw","hermit:Shortfuse"],"picked":"hermit:TrackingShot","floor":1},{"not_picked":["hermit:Manifest","hermit:CursedWeapon","hermit:Determination"],"picked":"SKIP","floor":3},{"not_picked":["hermit:SprayPray","hermit:Determination"],"picked":"hermit:TakeAim","floor":5},{"not_picked":["hermit:Gambit","hermit:Feint"],"picked":"hermit:Dive","floor":5},{"not_picked":["hermit:TrackingShot","hermit:Grudge","hermit:CursedWeapon"],"picked":"SKIP","floor":6},{"not_picked":["hermit:Dive","hermit:Roulette"],"picked":"hermit:HeroicBravado","floor":11},{"not_picked":["hermit:Horror","hermit:GoldenBullet","hermit:Maintenance"],"picked":"SKIP","floor":12},{"not_picked":["hermit:HighCaliber","hermit:LoneWolf","hermit:LowProfile"],"picked":"SKIP","floor":13},{"not_picked":["hermit:SprayPray","hermit:CalledShot"],"picked":"hermit:Enervate","floor":14},{"not_picked":["hermit:Grudge","hermit:TrackingShot","hermit:Dive"],"picked":"SKIP","floor":18},{"not_picked":["hermit:LowProfile","hermit:Vantage","hermit:Determination"],"picked":"SKIP","floor":19},{"not_picked":["hermit:HoleUp","hermit:Coalescence"],"picked":"hermit:Glare","floor":20},{"not_picked":["hermit:WideOpen","hermit:Glare+1","hermit:Vantage"],"picked":"SKIP","floor":22},{"not_picked":["hermit:Shortfuse","hermit:TrackingShot","hermit:HighNoon"],"picked":"SKIP","floor":23}],"player_experience":1626326,"relics_obtained":[{"floor":6,"key":"Dead Branch"},{"floor":8,"key":"Odd Mushroom"},{"floor":9,"key":"Pear"},{"floor":23,"key":"Bag of Marbles"}],"event_choices":[{"damage_healed":0,"gold_gain":0,"cards_transformed":["hermit:Strike_Hermit"],"player_choice":"Change","damage_taken":0,"max_hp_gain":0,"max_hp_loss":0,"event_name":"Living Wall","floor":2,"gold_loss":0,"cards_obtained":["hermit:Headshot"]},{"damage_healed":0,"gold_gain":75,"player_choice":"Gather Gold","damage_taken":11,"max_hp_gain":0,"max_hp_loss":0,"event_name":"World of Goop","floor":4,"gold_loss":0},{"damage_healed":0,"gold_gain":0,"player_choice":"Fought Mushrooms","damage_taken":0,"max_hp_gain":0,"max_hp_loss":0,"event_name":"Mushrooms","floor":8,"gold_loss":0},{"damage_healed":0,"gold_gain":0,"player_choice":"Paid Gold","damage_taken":0,"relics_obtained":["Lantern"],"max_hp_gain":0,"max_hp_loss":0,"event_name":"WeMeetAgain","floor":10,"gold_loss":50}],"is_beta":false,"boss_relics":[{"not_picked":["Calling Bell","hermit:BartenderGlass"],"picked":"hermit:ClaspedLocket"}],"items_purged_floors":[5],"is_endless":false,"potions_floor_spawned":[1,8,11,12,14,19,22],"killed_by":"Gremlin Leader","ascension_level":5}}