{"host":"y6zg4wwu39otf01a","time":1613597189,"event":{"mods":["Act Like it!","Aspiration","BaseMod","Better Altar","Better Match","Better Note","Better Sensory Stone","Better Skull","Better Third Choice","Challenge The Spire","Colored Map","Colored Powertips","Conspire","GifTheSpireLib","Glutton Mod","Halation","Hermit","Highlight Path","Hubris","Infinite Spire","Mimic Mod","Minty Spire (QoL Compilation)","Quick Restart","Random Character Button","Rare Cards Sparkle","Reliquary","Replay The Spire","Retaliation","Ruina","Spicy Shops","StSLib","Stuff the Spire","The Blue Laboratory","The Construct","The Jungle"],"gold_per_floor":[117,117,117,135,55,55,87,87,87,120,120,120,132,132,132,231,231,241,201,52,68,14,14,45,45,45,80,80,80,80,355,355,460,460,473,521,534,534,552,552,577,577,610,610,645,645,661,677,677,677,677,677,111,142,142],"floor_reached":56,"language":"ENG","playtime":3813,"items_purged":[],"score":1599,"play_id":"a46603e0-cb01-4dd2-833b-2b1972e7e0da","local_time":"20210217152629","is_ascension_mode":true,"campfire_choices":[{"data":"infinitespire:Collect","floor":6,"key":"SMITH"},{"floor":11,"key":"REST"},{"data":"StuffTheSpire:Innocence","floor":15,"key":"SMITH"},{"data":"StuffTheSpire:Innocence","floor":23,"key":"SMITH"},{"data":"StuffTheSpire:Innocence","floor":25,"key":"SMITH"},{"floor":29,"key":"REST"},{"data":"StuffTheSpire:DeathNote","floor":32,"key":"SMITH"},{"floor":40,"key":"RECALL"},{"floor":46,"key":"REST"},{"data":"StuffTheSpire:Innocence","floor":49,"key":"SMITH"},{"data":"hermit:Gambit","floor":49,"key":"SMITH"},{"data":"infinitespire:Fortify","floor":52,"key":"SMITH"},{"data":"hermit:Reprieve","floor":52,"key":"SMITH"}],"circlet_count":0,"master_deck":["hermit:Strike_Hermit","hermit:Strike_Hermit","hermit:Strike_Hermit","hermit:Strike_Hermit","hermit:Defend_Hermit","hermit:Defend_Hermit","hermit:Defend_Hermit","hermit:Defend_Hermit","hermit:Snapshot","hermit:Covet","hermit:ShadowCloak","infinitespire:Collect+1","hermit:Gambit+1","hermit:BodyArmor","StuffTheSpire:Innocence+1","hermit:Magnum+1","hermit:TrackingShot","hermit:FatalDesire+1","hermit:BigShot","hermit:Glare","hermit:Glare+1","Parasite","StuffTheSpire:Innocence+1","Injury","StuffTheSpire:Innocence+1","hermit:Snipe+1","hermit:Deadeye+1","StuffTheSpire:DeathNote+1","StuffTheSpire:Innocence+1","Regret","hermit:FinalCanter","hermit:Quickdraw+1","hermit:Deadeye+1","hubris:Wrath","hubris:MerchantsHand","ReplayTheSpireMod:Trickstab","hermit:Reprieve+1","infinitespire:Fortify+1","hermit:Headshot","hermit:BigShot+1","hermit:Coalescence","hermit:Quickdraw"],"relics":["hermit:Momento","NeowsBlessing","infinitespire:Broken Mirror","aspiration:HummingbirdHeart","conspire:GiftBox","Ring of Hypnosis","Ring of Fury","infinitespire:Satchel","reliquary:ThirdArm","ReplayTheSpireMod:CursedCoin","StuffTheSpire:Saxophone","Nunchaku","PreservedInsect","infinitespire:ShieldingShard","SlaversCollar","halation:PenCase","halation:EternalFortune","reliquary:WeakTea","reliquary:Sod","Replay:Lucky Slots","ReplayTheSpireMod:SealedPack","Gremlin Food","Membership Card","OrangePellets","hubris:SlimyHat","reliquary:Boomerang","StuffTheSpire:NeowsTribute","Ornamental Fan"],"acts_visited":["Exordium","TheCity","TheBeyond","TheEnding"],"potions_floor_usage":[10,27,41,41,43,50,55],"damage_taken":[{"damage":0,"enemies":"Small Slimes","floor":1,"turns":1},{"damage":0,"enemies":"2 Louse","floor":4,"turns":1},{"damage":0,"enemies":"3 Sentries","floor":7,"turns":2},{"damage":40,"enemies":"Gremlin Nob","floor":10,"turns":5},{"damage":0,"enemies":"Cultist","floor":13,"turns":2},{"damage":22,"enemies":"Fading Forest","floor":16,"turns":11},{"damage":0,"enemies":"Chosen","floor":18,"turns":3},{"damage":2,"enemies":"Shell Parasite","floor":21,"turns":2},{"damage":28,"enemies":"Gremlin Leader","floor":24,"turns":5},{"damage":0,"enemies":"Book of Stabbing","floor":27,"turns":3},{"damage":34,"enemies":"Automaton","floor":33,"turns":7},{"damage":3,"enemies":"Orb Walker","floor":35,"turns":3},{"damage":6,"enemies":"2 Orb Walkers","floor":36,"turns":5},{"damage":26,"enemies":"3 Shapes","floor":37,"turns":4},{"damage":2,"enemies":"3 Darklings","floor":39,"turns":4},{"damage":0,"enemies":"Nemesis","floor":41,"turns":5},{"damage":0,"enemies":"Maw","floor":43,"turns":4},{"damage":0,"enemies":"Giant Head","floor":45,"turns":6},{"damage":0,"enemies":"Maw","floor":47,"turns":6},{"damage":0,"enemies":"Jaw Worm Horde","floor":48,"turns":4},{"damage":45,"enemies":"conspire:OrnateMirror","floor":50,"turns":6},{"damage":5,"enemies":"Shield and Spear","floor":54,"turns":5},{"damage":11,"enemies":"The Heart","floor":55,"turns":9}],"seed_played":"6371260332860667540","potions_obtained":[{"floor":1,"key":"EssenceOfSteel"},{"floor":13,"key":"blueLaboratory:AbyssPotion"},{"floor":18,"key":"DDmod:CleansePotion"},{"floor":24,"key":"PowerPotion"},{"floor":35,"key":"blueLaboratory:TrueEctoplasm"},{"floor":39,"key":"Regen Potion"},{"floor":41,"key":"ColorlessPotion"},{"floor":48,"key":"Swift Potion"},{"floor":54,"key":"Milkshake"}],"is_trial":false,"path_per_floor":["M","?","?","M","$","R","E","?","T","E","R","?","M","?","R","B",null,"M","?","$","M","$","R","E","R","T","E","?","R","?","?","R","B",null,"M","?","M","?","M","R","E","?","MIM","AVR","E","R","M","M","R","B",null,"R","$","E","B",null],"character_chosen":"HERMIT","items_purchased":["hermit:Gambit","hermit:BigShot","hermit:Glare","ReplayTheSpireMod:CursedCoin","StuffTheSpire:Saxophone","Nunchaku","Membership Card","OrangePellets","hubris:SlimyHat","reliquary:Boomerang","hermit:Coalescence","StuffTheSpire:NeowsTribute"],"campfire_rested":3,"item_purchase_floors":[5,20,20,22,22,22,53,53,53,53,53,53],"current_hp_per_floor":[75,56,56,56,56,56,56,49,49,9,31,31,31,31,31,17,75,75,75,75,73,73,73,45,45,45,45,25,47,47,47,47,13,75,72,66,40,43,41,41,55,55,55,55,59,78,78,78,78,45,78,78,78,78,71],"gold":142,"neow_bonus":"THREE_ENEMY_KILL","is_daily":false,"chose_seed":false,"campfire_upgraded":9,"win_rate":0.0,"timestamp":1613597189,"path_taken":["M","?","?","M","$","R","E","?","T","E","R","?","M","?","R","BOSS","M","?","$","M","?","R","E","R","T","E","?","R","?","?","R","BOSS","M","?","M","?","M","R","E","?","MIM","AVR","E","R","M","M","R","BOSS","R","$","E","BOSS"],"items_purchased_type":["Card","Card","Card","Relic","Relic","Relic","Relic","Relic","Relic","Relic","Card","Relic"],"build_version":"2020-12-22","purchased_purges":0,"victory":true,"max_hp_per_floor":[75,75,75,75,75,75,75,75,75,75,75,75,75,75,75,75,75,75,75,75,75,75,75,75,75,75,75,75,75,75,75,75,75,75,75,75,75,78,78,78,78,78,78,78,78,78,78,78,78,78,78,78,78,78,78],"card_choices":[{"not_picked":["hermit:Gestalt","hermit:TrackingShot"],"picked":"hermit:ShadowCloak","floor":1},{"not_picked":["infinitespire:SealOfDarkness+","ReplayTheSpireMod:Black Plague"],"picked":"infinitespire:Collect","floor":2},{"not_picked":["hermit:Gestalt","hermit:Feint","hermit:NoHoldsBarred"],"picked":"SKIP","floor":4},{"not_picked":["hermit:HeroicBravado","hermit:Roulette"],"picked":"hermit:BodyArmor","floor":7},{"not_picked":["hermit:FatalDesire","hermit:HeroicBravado"],"picked":"hermit:Magnum","floor":10},{"not_picked":["hermit:Roulette","hermit:CalledShot"],"picked":"hermit:TrackingShot","floor":10},{"not_picked":["hermit:Misfire","hermit:Brawl","hermit:ItchyTrigger"],"picked":"SKIP","floor":13},{"not_picked":["hermit:HighNoon","hermit:HeroicBravado"],"picked":"hermit:FatalDesire","floor":16},{"not_picked":["hermit:ItchyTrigger","hermit:TrackingShot","hermit:Desperado+1"],"picked":"SKIP","floor":18},{"not_picked":["hermit:TrackingShot","hermit:Dive"],"picked":"hermit:Glare+1","floor":21},{"not_picked":["hermit:Manifest","hermit:Glare"],"picked":"hermit:Snipe+1","floor":24},{"not_picked":["hermit:Determination+1","hermit:Reprieve"],"picked":"hermit:Deadeye","floor":27},{"not_picked":["StuffTheSpire:Harmony","StuffTheSpire:CelestialWarden"],"picked":"StuffTheSpire:Innocence","floor":30},{"not_picked":["hermit:Adapt","hermit:EternalForm"],"picked":"hermit:FinalCanter","floor":33},{"not_picked":["hermit:EyeOfTheStorm+1","hermit:Manifest+1"],"picked":"hermit:Quickdraw+1","floor":35},{"not_picked":["hermit:NoHoldsBarred+1","hermit:Vantage"],"picked":"hermit:Deadeye+1","floor":36},{"not_picked":["hermit:Roulette","hermit:Snipe+1","hermit:Dive"],"picked":"SKIP","floor":37},{"not_picked":["hermit:Combo+1","hermit:HighCaliber","hermit:CalledShot+1"],"picked":"SKIP","floor":39},{"not_picked":["hermit:HoleUp","hermit:Glare","hermit:LoneWolf"],"picked":"SKIP","floor":41},{"not_picked":["construct:DefenseMode","m_Survivalism"],"picked":"hubris:MerchantsHand","floor":44},{"not_picked":["Blind","Dark Shackles"],"picked":"ReplayTheSpireMod:Trickstab","floor":44},{"not_picked":["hermit:BlackWind","hermit:Purgatory"],"picked":"hermit:Reprieve","floor":44},{"not_picked":["infinitespire:SevenWalls","infinitespire:DeathsTouch"],"picked":"infinitespire:Fortify","floor":44},{"not_picked":["hermit:CursedWeapon+1","hermit:DeadOrAlive"],"picked":"hermit:Headshot","floor":45},{"not_picked":["hermit:Headshot","hermit:Showdown","hermit:CalledShot+1"],"picked":"SKIP","floor":47},{"not_picked":["hermit:Roulette","hermit:Headshot"],"picked":"hermit:BigShot+1","floor":48},{"not_picked":["hermit:WideOpen","hermit:LoneWolf"],"picked":"hermit:Quickdraw","floor":54}],"player_experience":874021,"relics_obtained":[{"floor":7,"key":"infinitespire:Broken Mirror"},{"floor":9,"key":"aspiration:HummingbirdHeart"},{"floor":10,"key":"conspire:GiftBox"},{"floor":12,"key":"Ring of Hypnosis"},{"floor":12,"key":"Ring of Fury"},{"floor":24,"key":"PreservedInsect"},{"floor":26,"key":"infinitespire:ShieldingShard"},{"floor":27,"key":"Replay:Baseball"},{"floor":36,"key":"halation:PenCase"},{"floor":41,"key":"reliquary:WeakTea"},{"floor":45,"key":"Gremlin Food"},{"floor":54,"key":"Ornamental Fan"}],"event_choices":[{"damage_healed":0,"gold_gain":0,"player_choice":"Leave","damage_taken":0,"max_hp_gain":0,"max_hp_loss":0,"event_name":"conspire:Investor","floor":3,"gold_loss":0},{"damage_healed":0,"gold_gain":0,"player_choice":"Upgraded Two","damage_taken":0,"max_hp_gain":0,"max_hp_loss":0,"event_name":"Designer","floor":19,"gold_loss":40,"cards_upgraded":["hermit:FatalDesire","hermit:Magnum"]},{"damage_healed":0,"gold_gain":275,"player_choice":"Desecrate","damage_taken":0,"max_hp_gain":0,"max_hp_loss":0,"event_name":"Golden Shrine","floor":31,"gold_loss":0,"cards_obtained":["Regret"]},{"damage_healed":0,"gold_gain":0,"player_choice":"Fight","damage_taken":0,"max_hp_gain":0,"max_hp_loss":0,"event_name":"Mysterious Sphere","floor":36,"gold_loss":0},{"damage_healed":0,"gold_gain":0,"player_choice":"Gave Potion","damage_taken":0,"relics_obtained":["reliquary:Sod"],"max_hp_gain":0,"max_hp_loss":0,"event_name":"WeMeetAgain","floor":42,"gold_loss":0}],"is_beta":false,"boss_relics":[{"not_picked":["halation:LoveArrow","infinitespire:Cupcake"],"picked":"reliquary:ThirdArm"},{"not_picked":["reliquary:Ember","Runic Dome"],"picked":"SlaversCollar"}],"items_purged_floors":[],"is_endless":false,"potions_floor_spawned":[1,13,18,24,33,35,39,41,48,54],"ascension_level":4}}