{"host":"d52brwsy6af8zvaq","time":1613604609,"event":{"mods":["AchievementEnabler","BaseMod","Bestiary","Highlight Path","Minty Spire (QoL Compilation)","Quick Restart","Relic Stats","ojb\u0027s Better Paths Mod"],"gold_per_floor":[118,133,146,163,163,163,188,17,40,40,55,67,67,78,78,156,156,167,1,15,27,77,77,77,77,77],"floor_reached":25,"language":"ENG","playtime":1546,"items_purged":[],"score":410,"play_id":"2c5333c3-1f41-42e5-9ea4-cb8b9a618e6c","local_time":"20210217163009","is_ascension_mode":true,"campfire_choices":[{"floor":6.0,"key":"REST"},{"floor":13.0,"key":"REST"},{"data":"Sunder","floor":15.0,"key":"SMITH"},{"data":"Zap","floor":23,"key":"SMITH"}],"circlet_count":0,"master_deck":["AscendersBane","Strike_B","Strike_B","Defend_B","Defend_B","Defend_B","Defend_B","Zap+1","Dualcast","Cold Snap","Gash","Ball Lightning","Sunder+1","Leap","Darkness","Conserve Battery","BootSequence","Reinforced Body","Echo Form"],"relics":["Cracked Core","Regal Pillow","Omamori","ClockworkSouvenir","Bronze Scales","Empty Cage","Runic Capacitor"],"acts_visited":["Exordium","TheCity"],"potions_floor_usage":[25],"damage_taken":[{"damage":1.0,"enemies":"Cultist","floor":1.0,"turns":3.0},{"damage":1.0,"enemies":"2 Louse","floor":2.0,"turns":2.0},{"damage":13.0,"enemies":"Small Slimes","floor":3.0,"turns":3.0},{"damage":5.0,"enemies":"Exordium Thugs","floor":4.0,"turns":3.0},{"damage":36.0,"enemies":"Gremlin Nob","floor":7.0,"turns":4.0},{"damage":5.0,"enemies":"3 Louse","floor":11.0,"turns":2.0},{"damage":9.0,"enemies":"Looter","floor":12.0,"turns":3.0},{"damage":2.0,"enemies":"Lots of Slimes","floor":14.0,"turns":2.0},{"damage":12.0,"enemies":"The Guardian","floor":16.0,"turns":11.0},{"damage":6,"enemies":"Shell Parasite","floor":18,"turns":7},{"damage":3,"enemies":"3 Byrds","floor":20,"turns":3},{"damage":21,"enemies":"Shelled Parasite and Fungi","floor":21,"turns":5},{"damage":36,"enemies":"Gremlin Leader","floor":25,"turns":2}],"seed_played":"-1874071364239702231","potions_obtained":[{"floor":2.0,"key":"Fire Potion"},{"floor":3.0,"key":"Fire Potion"},{"floor":11.0,"key":"PotionOfCapacity"},{"floor":12.0,"key":"PowerPotion"},{"floor":16.0,"key":"Swift Potion"}],"is_trial":false,"path_per_floor":["M","M","M","M","?","R","E","$","T","?","M","M","R","M","R","B",null,"M","$","M","M","?","R","?","E"],"character_chosen":"DEFECT","items_purchased":["ClockworkSouvenir","Runic Capacitor"],"campfire_rested":2,"item_purchase_floors":[8,19],"current_hp_per_floor":[59,58,45,40,14,54,18,18,18,18,13,4,44,42,42,30,71,65,65,62,41,41,41,35,0,0],"gold":77,"neow_bonus":"TWENTY_PERCENT_HP_BONUS","is_daily":false,"chose_seed":false,"campfire_upgraded":2,"win_rate":0.0,"timestamp":1613604609,"path_taken":["M","?","M","M","?","R","E","$","T","?","?","M","R","M","R","BOSS","M","$","M","M","?","R","?","E"],"items_purchased_type":["Relic","Relic"],"build_version":"2020-12-22","purchased_purges":0,"victory":false,"max_hp_per_floor":[85,85,85,85,85,85,85,85,85,85,85,85,85,85,85,85,85,85,85,85,85,85,85,85,85,85],"relic_stats":{"Regal Pillow":30,"counters":[13,50],"Bronze Scales":[172],"obtain_stats":[{"Regal Pillow":5,"Bronze Scales":9,"Omamori":7,"Runic Capacitor":19,"Cracked Core":0,"Empty Cage":17,"ClockworkSouvenir":8},{"Regal Pillow":4,"Bronze Scales":5,"Omamori":5,"Runic Capacitor":10,"Cracked Core":0,"Empty Cage":9,"ClockworkSouvenir":5},{"Regal Pillow":11,"Bronze Scales":15,"Omamori":15,"Runic Capacitor":40,"Cracked Core":0,"Empty Cage":33,"ClockworkSouvenir":15}]},"card_choices":[{"not_picked":["Rebound","Tempest"],"picked":"Cold Snap","floor":1.0},{"not_picked":["Rip and Tear","Rebound"],"picked":"Gash","floor":2.0},{"not_picked":["Hello World","Fusion"],"picked":"Ball Lightning","floor":3.0},{"not_picked":["Capacitor","Streamline"],"picked":"Sunder","floor":4.0},{"not_picked":["Heatsinks","BootSequence"],"picked":"Leap","floor":7.0},{"not_picked":["Hologram","Rebound"],"picked":"Conserve Battery","floor":11.0},{"not_picked":["Sunder","Aggregate"],"picked":"BootSequence","floor":12.0},{"not_picked":["Leap","Sweeping Beam"],"picked":"Reinforced Body","floor":14.0},{"not_picked":["All For One","Seek"],"picked":"Echo Form","floor":16.0},{"not_picked":["Aggregate","Ball Lightning","Stack"],"picked":"SKIP","floor":18},{"not_picked":["Rip and Tear","Double Energy","Ball Lightning"],"picked":"SKIP","floor":20},{"not_picked":["Conserve Battery","Chaos","Ball Lightning"],"picked":"SKIP","floor":21}],"player_experience":2298042,"relics_obtained":[{"floor":7.0,"key":"Omamori"},{"floor":9.0,"key":"Bronze Scales"}],"event_choices":[{"damage_healed":0.0,"max_hp_gain":0.0,"max_hp_loss":0.0,"gold_gain":0.0,"event_name":"Scrap Ooze","player_choice":"Success","floor":5.0,"gold_loss":0.0,"damage_taken":26.0,"relics_obtained":["Regal Pillow"]},{"damage_healed":0.0,"max_hp_gain":0.0,"max_hp_loss":0.0,"gold_gain":0.0,"event_name":"Match and Keep!","player_choice":"1 cards matched","floor":10.0,"gold_loss":0.0,"damage_taken":0.0,"cards_obtained":["Darkness"]},{"damage_healed":0,"gold_gain":50,"player_choice":"Stole From Cult","damage_taken":0,"max_hp_gain":0,"max_hp_loss":0,"event_name":"Nest","floor":22,"gold_loss":0},{"damage_healed":0,"gold_gain":0,"player_choice":"","damage_taken":6,"max_hp_gain":0,"max_hp_loss":0,"event_name":"Knowing Skull","floor":24,"potions_obtained":[],"gold_loss":0,"cards_obtained":[]}],"is_beta":false,"boss_relics":[{"not_picked":["Fusion Hammer","SacredBark"],"picked":"Empty Cage"}],"items_purged_floors":[],"is_endless":false,"potions_floor_spawned":[2,3,11,12,16,18],"killed_by":"Gremlin Leader","ascension_level":20}}