{"host":"sav7uxregyirlf69","time":1613539719,"event":{"mods":["AchievementEnabler","BaseMod","Colored Map","DeckTracker","Hermit","Keyboard Shortcuts","Minty Spire (QoL Compilation)","READ ME - Guardian Mod","StSLib","SuperFastMode"],"gold_per_floor":[360,376,395,409,409,434,452,452,478,478,350,368,76,94,94,192,192,203,203,163,179,33,33,33,33],"floor_reached":24,"language":"KOR","playtime":585,"items_purged":[],"score":248,"play_id":"b30c3229-9aef-49e6-aabb-1bc2010ee601","local_time":"20210217142839","is_ascension_mode":true,"campfire_choices":[{"floor":8,"key":"REST"},{"data":"hermit:Maintenance","floor":10,"key":"SMITH"},{"data":"hermit:Gestalt","floor":15,"key":"SMITH"},{"data":"hermit:BodyArmor","floor":23,"key":"SMITH"}],"circlet_count":0,"master_deck":["hermit:Strike_Hermit","hermit:Strike_Hermit","hermit:Strike_Hermit","hermit:Strike_Hermit","hermit:Defend_Hermit","hermit:Defend_Hermit","hermit:Defend_Hermit","hermit:Defend_Hermit","hermit:Snapshot","hermit:Covet","hermit:SprayPray","hermit:Dive","hermit:Vantage","hermit:Maintenance+1","hermit:FinalCanter","hermit:PistolWhip","hermit:Gestalt+1","Jack Of All Trades","hermit:Glare","hermit:HighNoon+1","hermit:BodyArmor+1"],"relics":["hermit:Momento","Toy Ornithopter","Art of War","Bag of Marbles","Runic Pyramid","Happy Flower"],"acts_visited":["Exordium","TheCity"],"potions_floor_usage":[7,7,16,24],"damage_taken":[{"damage":6.0,"enemies":"2 Louse","floor":1.0,"turns":3.0},{"damage":1.0,"enemies":"Cultist","floor":2.0,"turns":3.0},{"damage":8.0,"enemies":"Small Slimes","floor":3.0,"turns":3.0},{"damage":13.0,"enemies":"2 Fungi Beasts","floor":4.0,"turns":5.0},{"damage":21.0,"enemies":"Lagavulin","floor":6.0,"turns":7.0},{"damage":10,"enemies":"Exordium Thugs","floor":7,"turns":4},{"damage":1,"enemies":"Exordium Wildlife","floor":12,"turns":3},{"damage":1,"enemies":"Looter","floor":14,"turns":2},{"damage":1,"enemies":"Slime Boss","floor":16,"turns":8},{"damage":9,"enemies":"Chosen","floor":18,"turns":6},{"damage":22,"enemies":"Spheric Guardian","floor":21,"turns":6},{"damage":45,"enemies":"Masked Bandits","floor":24,"turns":5}],"seed_played":"-4047308468015033069","potions_obtained":[{"floor":2.0,"key":"Fire Potion"},{"floor":4.0,"key":"Energy Potion"},{"floor":6.0,"key":"hermit:BlackBile"},{"floor":14,"key":"FearPotion"},{"floor":21,"key":"Explosive Potion"}],"is_trial":false,"path_per_floor":["M","M","M","M","?","E","M","R","T","R","$","M","$","M","R","B",null,"M","?","?","M","$","R","?"],"character_chosen":"HERMIT","items_purchased":["Strength Potion","hermit:PistolWhip","Bag of Marbles","Jack Of All Trades","FearPotion","Happy Flower"],"campfire_rested":1,"item_purchase_floors":[11,11,13,13,13,22],"current_hp_per_floor":[62,61,53,40,40,19,19,39,39,39,39,38,38,37,37,41,61,52,52,52,30,30,30,0,0],"gold":33,"neow_bonus":"TWO_FIFTY_GOLD","is_daily":false,"chose_seed":false,"campfire_upgraded":3,"win_rate":0.0,"timestamp":1613539719,"path_taken":["M","M","M","M","?","E","M","R","T","R","?","M","$","M","R","BOSS","M","?","?","?","$","R","?"],"items_purchased_type":["Potion","Card","Relic","Card","Potion","Relic"],"build_version":"2020-12-22","purchased_purges":0,"victory":false,"max_hp_per_floor":[68,68,68,68,68,68,68,68,68,68,68,68,68,68,68,68,68,68,68,68,68,68,68,68,68],"card_choices":[{"not_picked":["hermit:Dive","hermit:Misfire"],"picked":"hermit:SprayPray","floor":1.0},{"not_picked":["hermit:SprayPray","hermit:Shortfuse"],"picked":"hermit:Dive","floor":2.0},{"not_picked":["hermit:BodyArmor","hermit:Midnight"],"picked":"hermit:Vantage","floor":3.0},{"not_picked":["hermit:EyeOfTheStorm","hermit:Feint"],"picked":"hermit:Maintenance","floor":4.0},{"not_picked":["hermit:Cheat","hermit:Dive"],"picked":"hermit:FinalCanter","floor":6.0},{"not_picked":["hermit:CalledShot","hermit:Combo","hermit:NoHoldsBarred"],"picked":"SKIP","floor":7},{"not_picked":["hermit:EyeOfTheStorm","hermit:Quickdraw"],"picked":"hermit:Gestalt","floor":12},{"not_picked":["hermit:Snipe","hermit:NoHoldsBarred"],"picked":"hermit:Glare","floor":14},{"not_picked":["hermit:Gambit","hermit:FatalDesire"],"picked":"hermit:HighNoon","floor":16},{"not_picked":["hermit:Glare","hermit:Grudge","hermit:SprayPray"],"picked":"SKIP","floor":18},{"not_picked":["hermit:Midnight","hermit:Dive","hermit:TrackingShot"],"picked":"SKIP","floor":21}],"player_experience":1627086,"relics_obtained":[{"floor":6.0,"key":"Toy Ornithopter"},{"floor":9,"key":"Art of War"}],"event_choices":[{"damage_healed":0.0,"max_hp_gain":0.0,"max_hp_loss":0.0,"gold_gain":0.0,"event_name":"Match and Keep!","player_choice":"0 cards matched","floor":5.0,"gold_loss":0.0,"damage_taken":0.0,"cards_obtained":[]},{"damage_healed":0,"gold_gain":0,"player_choice":"Read","damage_taken":0,"max_hp_gain":0,"max_hp_loss":0,"event_name":"The Library","floor":19,"gold_loss":0,"cards_obtained":["hermit:BodyArmor"]},{"damage_healed":0,"gold_gain":0,"player_choice":"Upgrade","damage_taken":0,"max_hp_gain":0,"max_hp_loss":0,"event_name":"Designer","floor":20,"gold_loss":40,"cards_upgraded":["hermit:HighNoon"]},{"damage_healed":0,"gold_gain":0,"player_choice":"Fought Bandits","damage_taken":0,"max_hp_gain":0,"max_hp_loss":0,"event_name":"Masked Bandits","floor":24,"gold_loss":0}],"is_beta":false,"boss_relics":[{"not_picked":["Coffee Dripper","hermit:DentedPlate"],"picked":"Runic Pyramid"}],"items_purged_floors":[],"is_endless":false,"potions_floor_spawned":[2,4,6,14,21],"killed_by":"Masked Bandits","ascension_level":5}}