{"host":"l46m38yewlsb1e16","time":1613590041,"event":{"mods":["BaseMod","Infinite Spire","Minty Spire (QoL Compilation)","Replay The Spire","Shop Mod","StSLib","The Jungle"],"gold_per_floor":[12,24,36,36,36,66,66,94,94,123,139,166,177,204,204,303,303,320,320,320,330,349,349,379,396,420,455,455,455,486,499,499,602,602,614,614,629,23,37,37,66,66,66,92,103,103,116,216,216,313,313,317,317,18,18,12,27,27,28,28,128,119,119,130,124,124,175,175,160,145,117,117,106,66,110,119,119,119,100,82,75,75,75,126,126,121,104,104,104,53,44,44,43,43,25,25,16,16,66,78,114,126,144,159,168,168,148,59,51,51,51,42,43,118,168,170,170,236,236,239,239,36,36,25,32,36,29,29,34,34,34,19,19,19,99,99,81,66,66,66,63,49,46,46,124,124,123,101,76,63,63,0,0],"floor_reached":152,"language":"ENG","playtime":13300,"items_purged":["Strike_G","Defend_G","Escape Plan","Languid","Escape Plan","Dash"],"score":5433,"play_id":"0bf818a8-a03d-4a91-a8cf-736a9dcaee71","local_time":"20210217192721","is_ascension_mode":true,"campfire_choices":[{"data":"Accuracy","floor":7,"key":"SMITH"},{"data":"Noxious Fumes","floor":15,"key":"SMITH"},{"data":"Envenom","floor":23,"key":"SMITH"},{"data":"infinitespire:NeuralNetwork","floor":32,"key":"SMITH"},{"floor":40,"key":"RECALL"},{"data":"Outmaneuver","floor":49,"key":"SMITH"},{"data":"Storm of Steel","floor":66,"key":"SMITH"},{"data":"Outmaneuver","floor":78,"key":"SMITH"},{"data":"Catalyst","floor":83,"key":"SMITH"},{"data":"After Image","floor":96,"key":"SMITH"},{"data":"ReplayTheSpireMod:Shiv Toss","floor":100,"key":"SMITH"},{"data":"Footwork","floor":110,"key":"SMITH"},{"data":"ReplayTheSpireMod:Faulty Equipment","floor":117,"key":"SMITH"},{"data":"A Thousand Cuts","floor":131,"key":"SMITH"},{"data":"infinitespire:Punishment","floor":134,"key":"SMITH"},{"data":"Accuracy","floor":144,"key":"SMITH"},{"data":"infinitespire:NeuralNetwork","floor":146,"key":"SMITH"},{"data":"Footwork","floor":151,"key":"SMITH"}],"circlet_count":0,"master_deck":["Strike_G+1","Defend_G+1","Storm of Steel+1","Acrobatics","Footwork+1","Accuracy+1","Escape Plan+1","ReplayTheSpireMod:Scrap Shanks","Hidden Blade","Acrobatics","Envenom+1","infinitespire:NeuralNetwork+1","Hidden Blade","Blade Dance","Sneak Up+1","Hidden Blade","ReplayTheSpireMod:Shiv Toss+1","Prepared+1","ReplayTheSpireMod:Scrap Shanks","Calculated Gamble","Backflip","Distraction+1","infinitespire:NeuralNetwork+1","ReplayTheSpireMod:The Works+1","Backstab+1","Acrobatics","infinitespire:Collect+1","Outmaneuver+1","Prepared","Footwork+1","Calculated Gamble","After Image+1","Replay:Fractal Strike","ReplayTheSpireMod:Scrap Shanks","Backflip+1","Outmaneuver+1","Outmaneuver+1","Doppelganger+1","infinitespire:FutureSight+1","Storm of Steel+1","Acrobatics+1","Accuracy+1","Phantasmal Killer+1","Madness+1","Madness+1","A Thousand Cuts+1","ReplayTheSpireMod:The Works+1","Leap+1","Beam Cell+1","Hidden Blade+1","ReplayTheSpireMod:Shiv Toss+1","infinitespire:Punishment+1","Phantasmal Killer+1","Hidden Blade+1","Prepared+1","Storm of Steel+1","Madness+1","Accuracy+1","Flying Knee+1","Pot Of Greed+1","Pot Of Greed+1","Pot Of Greed+1","Pot Of Greed+1","Pot Of Greed+1","Blur+1","Pot Of Greed+1"],"relics":["Ring of the Serpent","Divine Protection","Thread and Needle","Odd Mushroom","Coffee Dripper","Nloth\u0027s Gift","infinitespire:Beetle Shell","MutagenicStrength","Garlic","SlaversCollar","Replay:Towering Pillar of Hats","Art of War","infinitespire:Broken Mirror","infinitespire:Eraser","ReplayTheSpireMod:Ninjato","Oddly Smooth Stone","Du-Vu Doll","ChewingGum","Lantern","Mercury Hourglass","Paper Crane","Replay:Bottled Steam","theJungle:PaperFaux","infinitespire:WardingShard","infinitespire:CheckeredPen","Toxic Egg 2","WingedGreaves","Replay:Mystery Machine","Orichalcum","Replay:WaspNest","Potion Belt","Ring of Panic","Ring of Greed","Smiling Mask","HoveringKite","MerchantsRug","Replay:Rubber Ducky","BranchBurnRelic","Bottled Flame","Ancient Tea Set","Tiny House","Bird Faced Urn","Busted Crown","Blue Doll","MealTicket","Bag of Preparation","Omamori","theJungle:SpiritDisease","Replay:Drink Me","Grinning Jar","Spirit Poop","Pocketwatch","Quantum Egg"],"acts_visited":["Exordium","TheCity","TheBeyond","Exordium","theJungle:Jungle","TheBeyond","Exordium","theJungle:Jungle","TheBeyond"],"potions_floor_usage":[6,6,13,21,24,25,30,44,63],"damage_taken":[{"damage":0,"enemies":"Cultist","floor":1,"turns":3},{"damage":0,"enemies":"2 Louse","floor":2,"turns":3},{"damage":0,"enemies":"Small Slimes","floor":3,"turns":3},{"damage":4,"enemies":"Lagavulin","floor":6,"turns":9},{"damage":5,"enemies":"Replay:BlueRogue","floor":8,"turns":3},{"damage":4,"enemies":"Gremlin Nob","floor":10,"turns":4},{"damage":0,"enemies":"Red Slaver","floor":11,"turns":4},{"damage":0,"enemies":"3 Sentries","floor":12,"turns":6},{"damage":0,"enemies":"3 Louse","floor":13,"turns":3},{"damage":0,"enemies":"The Mushroom Lair","floor":14,"turns":4},{"damage":0,"enemies":"Fading Forest","floor":16,"turns":11},{"damage":0,"enemies":"Shell Parasite","floor":18,"turns":4},{"damage":0,"enemies":"2 Thieves","floor":21,"turns":3},{"damage":0,"enemies":"Cultist and Chosen","floor":22,"turns":3},{"damage":3,"enemies":"Slavers","floor":24,"turns":3},{"damage":1,"enemies":"Centurion and Healer","floor":25,"turns":4},{"damage":25,"enemies":"Book of Stabbing","floor":27,"turns":5},{"damage":0,"enemies":"Slavers","floor":30,"turns":2},{"damage":0,"enemies":"3 Cultists","floor":31,"turns":3},{"damage":0,"enemies":"Champ","floor":33,"turns":7},{"damage":19,"enemies":"3 Darklings","floor":35,"turns":4},{"damage":0,"enemies":"3 Shapes","floor":37,"turns":5},{"damage":0,"enemies":"Spire Growth","floor":39,"turns":3},{"damage":0,"enemies":"R_Hoarder","floor":41,"turns":5},{"damage":0,"enemies":"Nemesis","floor":44,"turns":3},{"damage":0,"enemies":"Sphere and 2 Shapes","floor":45,"turns":2},{"damage":0,"enemies":"Writhing Mass","floor":47,"turns":3},{"damage":0,"enemies":"infinitespire:Three Voidlings","floor":48,"turns":2},{"damage":33,"enemies":"Nightmare_Alpha","floor":48,"turns":9},{"damage":0,"enemies":"Donu and Deca","floor":50,"turns":2},{"damage":0,"enemies":"2 Louse","floor":52,"turns":1},{"damage":0,"enemies":"Small Slimes","floor":53,"turns":1},{"damage":0,"enemies":"Jaw Worm","floor":56,"turns":2},{"damage":9,"enemies":"Lagavulin","floor":57,"turns":1},{"damage":0,"enemies":"Gremlin Nob","floor":59,"turns":2},{"damage":0,"enemies":"Large Slime","floor":62,"turns":1},{"damage":0,"enemies":"3 Sentries","floor":63,"turns":1},{"damage":0,"enemies":"Looter","floor":64,"turns":1},{"damage":0,"enemies":"Lagavulin","floor":65,"turns":2},{"damage":0,"enemies":"Hexaghost","floor":67,"turns":2},{"damage":0,"enemies":"theJungle:5_Spyders","floor":69,"turns":1},{"damage":0,"enemies":"theJungle:MUSHROOMGANG","floor":70,"turns":1},{"damage":0,"enemies":"theJungle:2_Flameangoes","floor":71,"turns":3},{"damage":0,"enemies":"theJungle:2_Snecko_Cultists","floor":73,"turns":2},{"damage":0,"enemies":"Nightmare","floor":74,"turns":4},{"damage":0,"enemies":"theJungle:Cassacara","floor":76,"turns":1},{"damage":0,"enemies":"Snake Plant","floor":79,"turns":1},{"damage":0,"enemies":"theJungle:2_Flameangoes","floor":80,"turns":2},{"damage":0,"enemies":"theJungle:2_Phrogs","floor":81,"turns":1},{"damage":0,"enemies":"theJungle:QueenSpyder","floor":84,"turns":3},{"damage":0,"enemies":"3 Shapes","floor":86,"turns":2},{"damage":0,"enemies":"3 Darklings","floor":87,"turns":2},{"damage":0,"enemies":"R_Hoarder","floor":91,"turns":2},{"damage":0,"enemies":"Giant Head","floor":93,"turns":1},{"damage":0,"enemies":"R_Hoarder","floor":95,"turns":3},{"damage":33,"enemies":"Writhing Mass","floor":97,"turns":2},{"damage":0,"enemies":"Awakened One","floor":101,"turns":3},{"damage":0,"enemies":"Small Slimes","floor":103,"turns":2},{"damage":0,"enemies":"Jaw Worm","floor":104,"turns":1},{"damage":0,"enemies":"3 Sentries","floor":108,"turns":2},{"damage":0,"enemies":"Cultist","floor":109,"turns":2},{"damage":0,"enemies":"Gremlin Gang","floor":112,"turns":2},{"damage":0,"enemies":"Gremlin Nob","floor":113,"turns":2},{"damage":0,"enemies":"3 Sentries","floor":116,"turns":3},{"damage":87,"enemies":"Hexaghost","floor":118,"turns":3},{"damage":0,"enemies":"theJungle:Flameango_and_Byrd","floor":120,"turns":2},{"damage":0,"enemies":"theJungle:GiantWrat","floor":124,"turns":2},{"damage":0,"enemies":"theJungle:Cassacara","floor":125,"turns":2},{"damage":0,"enemies":"theJungle:2_Snecko_Cultists","floor":126,"turns":2},{"damage":0,"enemies":"theJungle:MamaSnecko","floor":127,"turns":3},{"damage":13,"enemies":"theJungle:2_Phrogs","floor":129,"turns":4},{"damage":0,"enemies":"theJungle:SlimyTreeVines","floor":132,"turns":3},{"damage":16,"enemies":"theJungle:QueenSpyder","floor":135,"turns":3},{"damage":0,"enemies":"3 Darklings","floor":137,"turns":3},{"damage":0,"enemies":"3 Shapes","floor":138,"turns":3},{"damage":0,"enemies":"R_Hoarder","floor":142,"turns":4},{"damage":0,"enemies":"Writhing Mass","floor":143,"turns":2},{"damage":0,"enemies":"Sphere and 2 Shapes","floor":147,"turns":3},{"damage":35,"enemies":"Nemesis","floor":148,"turns":5},{"damage":0,"enemies":"4 Shapes","floor":149,"turns":3},{"damage":14,"enemies":"R_Hoarder","floor":150,"turns":4},{"damage":262,"enemies":"infinitespire:LordOfFortification","floor":152,"turns":5}],"seed_played":"6988418626963881650","potions_obtained":[{"floor":1,"key":"CunningPotion"},{"floor":2,"key":"SkillPotion"},{"floor":6,"key":"PowerPotion"},{"floor":10,"key":"SpeedPotion"},{"floor":13,"key":"Fire Potion"},{"floor":14,"key":"DistilledChaos"},{"floor":18,"key":"infinitespire:BlackPotion"},{"floor":25,"key":"Swift Potion"},{"floor":30,"key":"Milkshake"},{"floor":33,"key":"Elixir"},{"floor":37,"key":"Block Potion"},{"floor":41,"key":"LiquidMemories"},{"floor":44,"key":"Adrenaline Potion"},{"floor":67,"key":"Energy Potion"},{"floor":75,"key":"GamblersBrew"},{"floor":95,"key":"SpeedPotion"},{"floor":101,"key":"DistilledChaos"},{"floor":116,"key":"DuplicationPotion"}],"is_trial":false,"path_per_floor":["M","M","M","?","?","E","R","E","T","E","M","E","M","?","R","B",null,"M","?","AVR","M","M","R","E","M","T","E","?","?","E","M","R","B",null,"M","?","M","$","M","R","E","AVR","T","E","M","?","M","?","R","B",null,"M","M","$","?","M","E","?","E","T","?","M","E","M","E","R","B",null,"M","M","M","?","M","NM","?","E","T","R","M","M","E","$","R","B",null,"M","M","?","$","$","E","?","E","T","E","R","M","$","?","R","B",null,"M","M","$","?","$","E","M","R","T","M","E","?","AVR","E","R","B",null,"M","?","$","?","M","E","M","E","T","E","?","R","M","?","R","B",null,"M","M","?","?","$","E","M","R","T","R","M","E","M","E","R","B"],"character_chosen":"THE_SILENT","items_purchased":["ReplayTheSpireMod:Scrap Shanks","Replay:Towering Pillar of Hats","Calculated Gamble","Backflip","Art of War","Lantern","Footwork","Accuracy+1","MerchantsRug","Blue Doll","Accuracy"],"campfire_rested":0,"item_purchase_floors":[38,38,38,38,38,54,54,90,105,122,141],"current_hp_per_floor":[63,63,63,63,49,45,45,40,40,36,36,36,36,36,36,36,62,62,62,62,62,62,62,69,68,68,43,43,43,43,43,43,43,71,52,52,52,52,52,52,52,52,52,52,52,52,52,19,19,19,65,65,65,65,65,65,56,36,50,50,50,50,50,50,50,50,50,83,83,83,83,83,83,83,46,46,46,46,46,46,46,46,46,46,82,82,82,104,104,104,104,91,91,91,91,91,58,58,58,58,58,93,93,93,93,93,93,93,93,93,93,102,102,91,96,96,96,24,88,90,109,109,109,109,109,109,109,109,104,104,104,116,116,116,106,87,87,87,76,76,87,87,87,87,87,87,87,52,72,81,81,0,0],"gold":0,"neow_bonus":"TRANSFORM_TWO_CARDS","is_daily":false,"chose_seed":false,"campfire_upgraded":17,"win_rate":0.0,"timestamp":1613590041,"path_taken":["M","M","M","?","?","E","R","E","T","E","M","E","M","?","R","BOSS","M","?","AVR","M","M","R","E","?","T","E","?","?","E","M","R","BOSS","M","?","M","$","?","R","E","AVR","T","E","M","?","?","?","R","BOSS","M","M","$","?","?","E","?","E","T","?","M","E","?","E","R","BOSS","M","M","M","?","M","NM","?","E","T","R","?","M","E","?","R","BOSS","M","M","?","?","$","E","?","E","T","E","R","M","$","?","R","BOSS","M","M","$","?","$","E","M","R","T","M","E","?","AVR","E","R","BOSS","M","?","?","?","?","E","M","E","T","E","?","R","?","?","R","BOSS","M","M","?","?","$","E","?","R","T","R","M","E","M","E","R","BOSS"],"items_purchased_type":["Card","Relic","Card","Card","Relic","Relic","Card","Card","Relic","Relic","Card"],"build_version":"2020-12-22","purchased_purges":6,"victory":false,"max_hp_per_floor":[70,70,70,70,70,70,70,70,70,70,70,70,70,70,70,70,70,70,70,70,70,70,70,80,80,80,80,80,80,80,80,80,80,80,80,80,80,80,80,80,80,80,80,80,80,80,80,80,80,80,80,80,80,80,80,80,80,80,94,94,94,94,94,94,94,94,94,94,94,94,94,94,94,94,94,94,94,94,94,94,94,94,94,94,94,94,94,104,104,104,104,104,104,104,104,104,104,104,104,104,104,104,104,104,104,104,104,104,104,104,104,104,104,104,109,109,109,109,109,109,109,109,109,109,109,109,109,109,116,116,116,116,116,116,116,87,87,87,87,87,87,87,87,87,87,87,87,87,87,87,87,87,87],"card_choices":[{"not_picked":["Flying Knee","Caltrops"],"picked":"Acrobatics","floor":1},{"not_picked":["Quick Slash","Choke","Slice"],"picked":"SKIP","floor":2},{"not_picked":["Dagger Spray","Calculated Gamble"],"picked":"Footwork","floor":3},{"not_picked":["Masterful Stab","Draining Mist"],"picked":"Accuracy","floor":6},{"not_picked":["Dagger Spray","Flying Knee"],"picked":"Noxious Fumes","floor":8},{"not_picked":["Deadly Poison","Sneak Up"],"picked":"Escape Plan","floor":10},{"not_picked":["Dagger Throw","Prepared"],"picked":"ReplayTheSpireMod:Scrap Shanks","floor":11},{"not_picked":["PiercingWail","Skewer"],"picked":"Catalyst","floor":12},{"not_picked":["All Out Attack","Flying Knee"],"picked":"Hidden Blade","floor":13},{"not_picked":["Skewer","PiercingWail"],"picked":"Acrobatics","floor":14},{"not_picked":["Unload","After Image"],"picked":"Envenom","floor":16},{"not_picked":["Fluid Movement","Endless Agony"],"picked":"Bouncing Flask","floor":18},{"not_picked":["Blur","PiercingWail"],"picked":"Hidden Blade","floor":21},{"not_picked":["Deflect","Night Terror"],"picked":"Escape Plan","floor":22},{"not_picked":["Wraith Form v2","Crippling Poison","Eviscerate"],"picked":"SKIP","floor":24},{"not_picked":["Acrobatics+1","Concentrate"],"picked":"Blade Dance","floor":25},{"not_picked":["ReplayTheSpireMod:Necrosis","Acrobatics"],"picked":"Escape Plan","floor":27},{"not_picked":["Corpse Explosion","Deflect"],"picked":"Sneak Up+1","floor":30},{"not_picked":["Fluid Movement","Slice"],"picked":"Hidden Blade","floor":31},{"not_picked":["Night Terror","ReplayTheSpireMod:Necrosis"],"picked":"Tools of the Trade","floor":33},{"not_picked":["Backflip+1","Dagger Spray+1"],"picked":"ReplayTheSpireMod:Shiv Toss","floor":35},{"not_picked":["Quick Slash","Crippling Poison+1"],"picked":"Prepared+1","floor":37},{"not_picked":["Sucker Punch+1","Dodge and Roll","Dagger Spray"],"picked":"SKIP","floor":39},{"not_picked":["Night Terror","Poisoned Stab"],"picked":"Distraction+1","floor":41},{"not_picked":["Skewer","Accuracy+1"],"picked":"ReplayTheSpireMod:The Works+1","floor":44},{"not_picked":["Dagger Throw","Deadly Poison+1"],"picked":"Backstab+1","floor":45},{"not_picked":["Backflip","Flying Knee"],"picked":"Slice+1","floor":47},{"not_picked":["ReplayTheSpireMod:Black Plague","infinitespire:Execution"],"picked":"infinitespire:Collect","floor":48},{"not_picked":["Sucker Punch+1","Venomology"],"picked":"Outmaneuver","floor":48},{"not_picked":["Dodge and Roll","Sucker Punch"],"picked":"Prepared","floor":52},{"not_picked":["Toxin Wave","Dagger Throw","Blade Dance"],"picked":"SKIP","floor":53},{"not_picked":["Backflip","Setup"],"picked":"Calculated Gamble","floor":56},{"not_picked":["Venomology","Bane"],"picked":"After Image","floor":57},{"not_picked":["infinitespire:Fortify","ReplayTheSpireMod:Haul"],"picked":"Replay:Fractal Strike","floor":58},{"not_picked":["Atom Bomb","Infinite Blades","Underhanded Strike"],"picked":"SKIP","floor":59},{"not_picked":["Hidden Blade","Tactician"],"picked":"Outmaneuver","floor":62},{"not_picked":["Venomology","Setup","Tools of the Trade"],"picked":"SKIP","floor":63},{"not_picked":["Dagger Spray","Heel Hook","Backflip"],"picked":"SKIP","floor":64},{"not_picked":["Blade Dance","Tools of the Trade","Backstab"],"picked":"SKIP","floor":65},{"not_picked":["Leg Sweep","Deflect","Bouncing Flask"],"picked":"SKIP","floor":69},{"not_picked":["Prepared+1","Blur","Slice"],"picked":"SKIP","floor":70},{"not_picked":["Sucker Punch","Dodge and Roll","Slice"],"picked":"SKIP","floor":71},{"not_picked":["Sucker Punch","Endless Agony+1","Calculated Gamble"],"picked":"SKIP","floor":73},{"not_picked":["Crippling Poison","Dagger Spray"],"picked":"ReplayTheSpireMod:Scrap Shanks","floor":74},{"not_picked":["Cloak And Dagger+1","Dodge and Roll"],"picked":"Backflip+1","floor":75},{"not_picked":["Wraith Form v2","Dagger Throw"],"picked":"Outmaneuver","floor":76},{"not_picked":["Dagger Spray","Prepared+1"],"picked":"Outmaneuver+1","floor":79},{"not_picked":["Backflip+1","Deadly Poison+1","Infinite Blades+1"],"picked":"SKIP","floor":80},{"not_picked":["Calculated Gamble+1","Finisher"],"picked":"Doppelganger+1","floor":81},{"not_picked":["infinitespire:Collect","infinitespire:Punishment"],"picked":"infinitespire:FutureSight","floor":84},{"not_picked":["Night Terror+1","ReplayTheSpireMod:From All Sides"],"picked":"Storm of Steel+1","floor":84},{"not_picked":["PiercingWail+1","Backflip+1","Bane"],"picked":"SKIP","floor":86},{"not_picked":["Dodge and Roll+1","Grand Finale"],"picked":"Acrobatics+1","floor":87},{"not_picked":["Backflip+1","Dagger Throw+1"],"picked":"Phantasmal Killer+1","floor":91},{"not_picked":["Replay:Bag of Tricks+1","Quick Slash+1"],"picked":"Bane+1","floor":93},{"not_picked":["Dagger Spray","Wraith Form v2","Expertise+1"],"picked":"SKIP","floor":95},{"not_picked":["Outmaneuver+1","ReplayTheSpireMod:Necrosis+1","Blade Dance+1"],"picked":"SKIP","floor":97},{"not_picked":["Phantasmal Killer+1","Die Die Die"],"picked":"A Thousand Cuts","floor":101},{"not_picked":["Poisoned Stab","Bane"],"picked":"ReplayTheSpireMod:The Works+1","floor":103},{"not_picked":["Blade Dance+1","Outmaneuver+1","Quick Slash"],"picked":"SKIP","floor":104},{"not_picked":["Die Die Die","ReplayTheSpireMod:Tripwire+1","Prepared+1"],"picked":"SKIP","floor":108},{"not_picked":["infinitespire:Neurotoxin+1","Flying Knee"],"picked":"Dash","floor":109},{"not_picked":["Dash","Bouncing Flask+1"],"picked":"Hidden Blade+1","floor":112},{"not_picked":["Cloak And Dagger+1","ReplayTheSpireMod:From All Sides"],"picked":"ReplayTheSpireMod:Shiv Toss+1","floor":113},{"not_picked":["Eviscerate","Night Terror+1","Footwork"],"picked":"SKIP","floor":116},{"not_picked":["Atom Bomb","Poison Darts+1"],"picked":"Phantasmal Killer+1","floor":118},{"not_picked":[],"picked":"Hidden Blade+1","floor":120},{"not_picked":[],"picked":"Prepared+1","floor":124},{"not_picked":["Outmaneuver+1"],"picked":"SKIP","floor":125},{"not_picked":["Poisoned Stab"],"picked":"SKIP","floor":126},{"not_picked":["Eviscerate+1"],"picked":"SKIP","floor":127},{"not_picked":["Predator"],"picked":"SKIP","floor":129},{"not_picked":["Prepared+1"],"picked":"SKIP","floor":132},{"not_picked":[],"picked":"Storm of Steel+1","floor":135},{"not_picked":["Slice+1"],"picked":"SKIP","floor":137},{"not_picked":["PiercingWail+1"],"picked":"SKIP","floor":138},{"not_picked":[],"picked":"Flying Knee+1","floor":142},{"not_picked":[],"picked":"Blur+1","floor":143},{"not_picked":["Underhanded Strike+1"],"picked":"SKIP","floor":147},{"not_picked":["Flying Knee"],"picked":"SKIP","floor":148},{"not_picked":["Atom Bomb"],"picked":"SKIP","floor":149},{"not_picked":["Masterful Stab"],"picked":"SKIP","floor":150}],"player_experience":360061,"relics_obtained":[{"floor":6,"key":"Whetstone"},{"floor":8,"key":"Divine Protection"},{"floor":10,"key":"Thread and Needle"},{"floor":12,"key":"Torii"},{"floor":14,"key":"Odd Mushroom"},{"floor":24,"key":"Pear"},{"floor":26,"key":"infinitespire:Beetle Shell"},{"floor":27,"key":"Replay:Baseball"},{"floor":30,"key":"Garlic"},{"floor":41,"key":"infinitespire:Broken Mirror"},{"floor":43,"key":"ReplayTheSpireMod:Ninjato"},{"floor":44,"key":"Oddly Smooth Stone"},{"floor":48,"key":"Du-Vu Doll"},{"floor":57,"key":"Mercury Hourglass"},{"floor":59,"key":"Mango"},{"floor":60,"key":"Paper Crane"},{"floor":63,"key":"Replay:Bottled Steam"},{"floor":65,"key":"StoneCalendar"},{"floor":74,"key":"Gremlin Food"},{"floor":75,"key":"infinitespire:WardingShard"},{"floor":76,"key":"infinitespire:CheckeredPen"},{"floor":77,"key":"Toxic Egg 2"},{"floor":81,"key":"WingedGreaves"},{"floor":91,"key":"Replay:Mystery Machine"},{"floor":93,"key":"Orichalcum"},{"floor":94,"key":"Replay:WaspNest"},{"floor":95,"key":"Potion Belt"},{"floor":99,"key":"Ring of Panic"},{"floor":99,"key":"Ring of Greed"},{"floor":99,"key":"MawBank"},{"floor":99,"key":"Smiling Mask"},{"floor":108,"key":"Replay:Rubber Ducky"},{"floor":111,"key":"Bottled Flame"},{"floor":113,"key":"Ancient Tea Set"},{"floor":116,"key":"Bird Faced Urn"},{"floor":125,"key":"MealTicket"},{"floor":127,"key":"Bag of Preparation"},{"floor":128,"key":"Omamori"},{"floor":129,"key":"Strawberry"},{"floor":142,"key":"Grinning Jar"},{"floor":145,"key":"Spirit Poop"},{"floor":148,"key":"Pocketwatch"},{"floor":150,"key":"Quantum Egg"}],"event_choices":[{"damage_healed":0,"gold_gain":0,"player_choice":"Leave","damage_taken":0,"max_hp_gain":0,"max_hp_loss":0,"event_name":"The Cleric","floor":4,"gold_loss":0},{"damage_healed":0,"gold_gain":0,"player_choice":"Entered Light","damage_taken":14,"max_hp_gain":0,"max_hp_loss":0,"event_name":"Shining Light","floor":5,"gold_loss":0,"cards_upgraded":["Defend_G","Strike_G"]},{"damage_healed":0,"gold_gain":0,"player_choice":"Fought Mushrooms","damage_taken":0,"max_hp_gain":0,"max_hp_loss":0,"event_name":"Mushrooms","floor":14,"gold_loss":0},{"damage_healed":0,"gold_gain":0,"player_choice":"Traded Relic","damage_taken":0,"relics_obtained":["Nloth\u0027s Gift"],"max_hp_gain":0,"max_hp_loss":0,"event_name":"N\u0027loth","floor":19,"relics_lost":["Torii"],"gold_loss":0},{"cards_removed":["Strike_G"],"damage_healed":0,"gold_gain":0,"player_choice":"Elegance","damage_taken":0,"max_hp_gain":0,"max_hp_loss":0,"event_name":"Back to Basics","floor":28,"gold_loss":0},{"damage_healed":0,"gold_gain":0,"player_choice":"Inject Mutagens","damage_taken":0,"relics_obtained":["MutagenicStrength"],"max_hp_gain":0,"max_hp_loss":0,"event_name":"Drug Dealer","floor":29,"gold_loss":0},{"cards_removed":["Defend_G"],"damage_healed":0,"gold_gain":0,"player_choice":"Purged","damage_taken":0,"max_hp_gain":0,"max_hp_loss":0,"event_name":"Purifier","floor":36,"gold_loss":0},{"damage_healed":0,"gold_gain":0,"cards_transformed":["Defend_G"],"player_choice":"Transformed","damage_taken":0,"max_hp_gain":0,"max_hp_loss":0,"event_name":"Transmorgrifier","floor":46,"gold_loss":0,"cards_obtained":["Acrobatics"]},{"cards_removed":["Strike_G"],"damage_healed":0,"gold_gain":0,"player_choice":"Card Removal","damage_taken":0,"max_hp_gain":0,"max_hp_loss":0,"event_name":"Wheel of Change","floor":55,"gold_loss":0},{"damage_healed":0,"gold_gain":100,"player_choice":"Pray","damage_taken":0,"max_hp_gain":0,"max_hp_loss":0,"event_name":"Golden Shrine","floor":61,"gold_loss":0},{"cards_removed":["Tools of the Trade"],"damage_healed":12,"gold_gain":0,"player_choice":"Offered Rare","damage_taken":0,"max_hp_gain":10,"max_hp_loss":0,"event_name":"Bonfire Elementals","floor":88,"gold_loss":0},{"damage_healed":0,"gold_gain":0,"player_choice":"Embrace Madness","damage_taken":13,"max_hp_gain":0,"max_hp_loss":0,"event_name":"Winding Halls","floor":92,"gold_loss":0,"cards_obtained":["Madness","Madness"]},{"damage_healed":0,"gold_gain":75,"player_choice":"Gather Gold","damage_taken":11,"max_hp_gain":0,"max_hp_loss":0,"event_name":"World of Goop","floor":114,"gold_loss":0},{"cards_removed":["Escape Plan"],"damage_healed":19,"gold_gain":0,"player_choice":"Offered Uncommon","damage_taken":0,"max_hp_gain":0,"max_hp_loss":0,"event_name":"Bonfire Elementals","floor":121,"gold_loss":0},{"damage_healed":0,"gold_gain":0,"player_choice":"Upgraded","damage_taken":0,"max_hp_gain":0,"max_hp_loss":0,"event_name":"Upgrade Shrine","floor":123,"gold_loss":0,"cards_upgraded":["infinitespire:Collect"]},{"damage_healed":0,"gold_gain":0,"player_choice":"Ignored","damage_taken":0,"max_hp_gain":0,"max_hp_loss":0,"event_name":"Transmorgrifier","floor":130,"gold_loss":0},{"damage_healed":0,"gold_gain":0,"player_choice":"Embrace Madness","damage_taken":11,"max_hp_gain":0,"max_hp_loss":0,"event_name":"Winding Halls","floor":139,"gold_loss":0,"cards_obtained":["Madness","Madness"]},{"cards_removed":["Madness"],"damage_healed":0,"gold_gain":0,"player_choice":"Purged","damage_taken":0,"max_hp_gain":0,"max_hp_loss":0,"event_name":"Purifier","floor":140,"gold_loss":0}],"is_beta":false,"boss_relics":[{"not_picked":["WristBlade","SacredBark"],"picked":"Coffee Dripper"},{"not_picked":["Painkiller Herb","infinitespire:Cupcake"],"picked":"SlaversCollar"},{"not_picked":["Snecko Eye","Fusion Hammer"],"picked":"ChewingGum"},{"not_picked":["Replay:Fungal Core","Runic Pyramid"],"picked":"Ring of the Serpent"},{"not_picked":["Velvet Choker","Pandora\u0027s Box"],"picked":"Empty Cage"},{"not_picked":["Fusion Hammer","Replay:Bronze Core"],"picked":"HoveringKite"},{"not_picked":["Snecko Eye","Painkiller Herb"],"picked":"Busted Crown"},{"not_picked":["Cursed Key","Snecko Heart"],"picked":"Replay:Drink Me"}],"items_purged_floors":[20,54,105,107,122,141],"is_endless":true,"potions_floor_spawned":[1,2,6,10,13,14,18,25,30,33,37,41,44,45,50,56,57,62,67,73,76,80,86,95,101,104,109,112,116,118,120,126,132,135,138,142],"killed_by":"infinitespire:LordOfFortification","ascension_level":6}}