{"host":"8rgpnls124hwjv5t","time":1613520542,"event":{"mods":["BaseMod","Colored Map","Colored Powertips","DeckTracker","Highlight Path","Minty Spire (QoL Compilation)","Permanent Neow","Quick Restart","Relic Stats","Shop Mod","StSLib"],"gold_per_floor":[369,381,397,0,16,51,51,85,108,121,135,161,161,161,161,161,161],"floor_reached":16,"language":"ENG","playtime":833,"items_purged":[],"score":244,"play_id":"3476f21b-3f97-4bd1-8974-340626949303","local_time":"20210216190902","is_ascension_mode":true,"campfire_choices":[{"floor":7,"key":"DIG"},{"floor":15,"key":"REST"}],"circlet_count":0,"master_deck":["AscendersBane","Strike_G","Strike_G","Strike_G","Strike_G","Strike_G","Defend_G+1","Defend_G","Defend_G+1","Defend_G","Defend_G","Survivor","Neutralize","Escape Plan","Dagger Throw","Skewer","Riddle With Holes","Venomology","Underhanded Strike","Leg Sweep"],"relics":["Ring of the Snake","Shovel","Bag of Preparation","Akabeko","Blood Vial","War Paint","Gambling Chip","HornCleat"],"acts_visited":["Exordium"],"potions_floor_usage":[6,8,12,12,16,16],"damage_taken":[{"damage":20,"enemies":"Jaw Worm","floor":1,"turns":8},{"damage":1,"enemies":"Small Slimes","floor":2,"turns":3},{"damage":0,"enemies":"2 Louse","floor":3,"turns":3},{"damage":7,"enemies":"Large Slime","floor":5,"turns":8},{"damage":8,"enemies":"Gremlin Nob","floor":6,"turns":3},{"damage":2,"enemies":"3 Sentries","floor":8,"turns":8},{"damage":1,"enemies":"2 Fungi Beasts","floor":10,"turns":3},{"damage":0,"enemies":"Looter","floor":11,"turns":2},{"damage":7,"enemies":"Lagavulin","floor":12,"turns":7},{"damage":44,"enemies":"Slime Boss","floor":16,"turns":9}],"seed_played":"-5114754955656542744","potions_obtained":[{"floor":1,"key":"FearPotion"},{"floor":6,"key":"Ancient Potion"},{"floor":12,"key":"Poison Potion"}],"is_trial":false,"path_per_floor":["M","M","M","$","M","E","R","E","T","M","M","E","?","?","R","B"],"character_chosen":"THE_SILENT","items_purchased":["Shovel","AttackPotion"],"campfire_rested":1,"item_purchase_floors":[4,4],"current_hp_per_floor":[39,38,38,38,31,23,23,21,21,22,24,19,19,19,37,0,0],"gold":161,"neow_bonus":"TWO_FIFTY_GOLD","is_daily":false,"chose_seed":false,"campfire_upgraded":0,"win_rate":0.0,"timestamp":1613520542,"path_taken":["M","M","M","$","M","E","R","E","T","M","M","E","?","?","R","BOSS"],"items_purchased_type":["Relic","Potion"],"build_version":"2020-12-22","purchased_purges":0,"victory":false,"max_hp_per_floor":[60,60,60,60,60,60,60,60,60,60,60,60,60,60,60,60,60],"relic_stats":{"Blood Vial":8,"Shovel":1,"counters":[10,54],"Gambling Chip":[8],"Bag of Preparation":[10],"War Paint":["Defend_G","Defend_G"],"obtain_stats":[{"Blood Vial":8,"Shovel":4,"HornCleat":14,"Gambling Chip":12,"Bag of Preparation":6,"War Paint":9,"Akabeko":7,"Ring of the Snake":0},{"Blood Vial":6,"Shovel":3,"HornCleat":9,"Gambling Chip":9,"Bag of Preparation":5,"War Paint":6,"Akabeko":5,"Ring of the Snake":0},{"Blood Vial":33,"Shovel":14,"HornCleat":45,"Gambling Chip":45,"Bag of Preparation":25,"War Paint":33,"Akabeko":25,"Ring of the Snake":0}],"Ring of the Snake":[20]},"card_choices":[{"not_picked":["Accuracy","Acrobatics"],"picked":"Escape Plan","floor":1},{"not_picked":["PiercingWail","Poisoned Stab"],"picked":"Dagger Throw","floor":2},{"not_picked":["Deflect","Calculated Gamble"],"picked":"Skewer","floor":3},{"not_picked":["Concentrate","Well Laid Plans"],"picked":"Riddle With Holes","floor":5},{"not_picked":["Outmaneuver","Well Laid Plans"],"picked":"Venomology","floor":6},{"not_picked":["Deadly Poison","Prepared","Acrobatics"],"picked":"SKIP","floor":8},{"not_picked":["Backflip","Dagger Throw"],"picked":"Underhanded Strike","floor":10},{"not_picked":["Dodge and Roll","Underhanded Strike","Flying Knee"],"picked":"SKIP","floor":11},{"not_picked":["Dagger Throw","Glass Knife"],"picked":"Leg Sweep","floor":12}],"player_experience":601822,"relics_obtained":[{"floor":6,"key":"Bag of Preparation"},{"floor":7,"key":"Akabeko"},{"floor":8,"key":"Blood Vial"},{"floor":9,"key":"War Paint"},{"floor":12,"key":"Gambling Chip"}],"event_choices":[{"damage_healed":0,"gold_gain":0,"player_choice":"Ignored","damage_taken":0,"max_hp_gain":0,"max_hp_loss":0,"event_name":"Liars Game","floor":13,"gold_loss":0},{"damage_healed":0,"gold_gain":0,"player_choice":"Searched \u00271\u0027 times","damage_taken":0,"relics_obtained":["HornCleat"],"max_hp_gain":0,"max_hp_loss":0,"event_name":"Dead Adventurer","floor":14,"gold_loss":0}],"is_beta":false,"boss_relics":[],"items_purged_floors":[],"is_endless":false,"potions_floor_spawned":[1,6,12],"killed_by":"Slime Boss","ascension_level":20}}