{"host":"1ycuxm9gov0tl9zf","time":1613601487,"event":{"mods":["Act Like it!","BaseMod","Downfall","Hallownest","Marisa（F雨　魔理沙）","Minty Spire (QoL Compilation)","Reimu（博丽灵梦）","Remilia（蕾米莉亚）","Replay The Spire","Shop Mod","StSLib","The Administrix","The Bug Knight"],"gold_per_floor":[109,128,128,128,138,170,95,121,121,121,139,139,158,158,158,168,168,270,270,270,270],"floor_reached":20,"language":"ZHS","playtime":1342,"items_purged":["Poor:ReiMu"],"score":182,"play_id":"3e987d7f-0ab8-45bd-bc4a-e65f599d0f69","local_time":"20210218063807","is_ascension_mode":false,"campfire_choices":[{"data":"MeteoricShower","floor":12,"key":"SMITH"},{"floor":17,"key":"REST"}],"circlet_count":0,"master_deck":["Strike_MRS","Strike_MRS","Strike_MRS","Strike_MRS","Defend_MRS","Defend_MRS+1","Defend_MRS","Defend_MRS+1","UpSweep","MeteoricShower+1","WitchLeyline","GrandCross","SuperPerseids","MachineGunSpark","Neutralize","Singularity","Prepared","MagicAbsorber","EscapeVelocity","CurseOfTheBell"],"relics":["YidongShenshe:ReiMu","Centennial Puzzle","ReplayTheSpireMod:Shallot","War Paint","Happy Flower","m_TsuchinokoRing","Calling Bell","HollowMod:PaleOreRelic","Question Card","Ginger"],"acts_visited":["Exordium","Hallownest:CityofTears"],"potions_floor_usage":[8],"damage_taken":[{"damage":0,"enemies":"2 Louse","floor":1,"turns":3},{"damage":1,"enemies":"Jaw Worm","floor":2,"turns":3},{"damage":0,"enemies":"Small Slimes","floor":5,"turns":3},{"damage":16,"enemies":"Lagavulin","floor":6,"turns":4},{"damage":15,"enemies":"Gremlin Nob","floor":8,"turns":4},{"damage":0,"enemies":"Exordium Wildlife","floor":11,"turns":3},{"damage":0,"enemies":"Looter","floor":13,"turns":3},{"damage":12,"enemies":"Exordium Thugs","floor":16,"turns":3},{"damage":33,"enemies":"The Guardian","floor":18,"turns":9},{"damage":0,"enemies":"Hallownest:3_Youths","floor":20,"turns":1}],"seed_played":"130266311584124843","potions_obtained":[{"floor":1,"key":"Languid Potion"},{"floor":6,"key":"BlessingOfTheForge"},{"floor":13,"key":"LiquidBronze"},{"floor":16,"key":"Weak Potion"}],"is_trial":false,"path_per_floor":["M","M","?","?","M","E","$","E","T","?","M","R","M","PTL","PTL","M","R","B",null,"M"],"character_chosen":"MARISA","items_purchased":[],"campfire_rested":1,"item_purchase_floors":[],"current_hp_per_floor":[75,74,74,56,56,40,40,25,25,25,25,25,25,25,25,13,35,2,75,75,75],"gold":270,"neow_bonus":"","is_daily":false,"chose_seed":false,"campfire_upgraded":1,"win_rate":0.0,"timestamp":1613601487,"path_taken":["M","M","?","?","M","E","$","E","T","?","M","R","M","PTL","PTL","M","R","BOSS","M"],"items_purchased_type":[],"build_version":"2020-12-22","purchased_purges":1,"victory":false,"max_hp_per_floor":[75,75,75,75,75,75,75,75,75,75,75,75,75,75,75,75,75,75,75,75,75],"card_choices":[{"not_picked":["PropBag","AsteroidBelt"],"picked":"MeteoricShower","floor":1},{"not_picked":["Singularity","GravityBeat"],"picked":"WitchLeyline","floor":2},{"not_picked":["GalacticHalo","IllusionStar"],"picked":"GrandCross","floor":5},{"not_picked":["CasketOfStar","GravityBeat"],"picked":"SuperPerseids","floor":6},{"not_picked":["MagicAbsorber","UnstableBomb"],"picked":"MachineGunSpark","floor":8},{"not_picked":["DeepEcoloBomb","Slice"],"picked":"Singularity","floor":11},{"not_picked":["PowerUp","UnstableBomb"],"picked":"Prepared","floor":13},{"not_picked":["Skewer","Escape Plan"],"picked":"MagicAbsorber","floor":16},{"not_picked":["BigCrunch","AbsoluteMagnitude"],"picked":"EscapeVelocity","floor":18}],"player_experience":0,"relics_obtained":[{"floor":6,"key":"ReplayTheSpireMod:Shallot"},{"floor":8,"key":"War Paint"},{"floor":9,"key":"Happy Flower"},{"floor":19,"key":"HollowMod:PaleOreRelic"},{"floor":19,"key":"Question Card"},{"floor":19,"key":"Ginger"}],"event_choices":[{"damage_healed":0,"gold_gain":0,"player_choice":"带走神社","damage_taken":0,"relics_obtained":["YidongShenshe:ReiMu"],"max_hp_gain":0,"max_hp_loss":0,"event_name":"yidonshenshe","floor":3,"gold_loss":0,"cards_obtained":["Poor:ReiMu"]},{"damage_healed":0,"gold_gain":0,"player_choice":"Success","damage_taken":18,"relics_obtained":["Centennial Puzzle"],"max_hp_gain":0,"max_hp_loss":0,"event_name":"Scrap Ooze","floor":4,"gold_loss":0}],"is_beta":false,"boss_relics":[{"not_picked":["Snecko Eye","Ectoplasm"],"picked":"Calling Bell"}],"items_purged_floors":[7],"is_endless":false,"potions_floor_spawned":[1,6,13,16],"killed_by":"Hallownest:3_Youths","ascension_level":0}}