{"host":"19r1ww88x2tc73i0","time":1613549915,"event":{"mods":["BaseMod","BetterRewards","Colored Map","Minty Spire (QoL Compilation)","Relic Stats","StSLib","SuperFastMode","slay the spire mod where everything is the same but ironclad has a cowboy hat"],"gold_per_floor":[109,120,179,194,18,47,58,86,86,120,270,5,5,22,22,100,100,110,129,129,44,56,56,86,86,86,113,125,156,171,184,184,259,259,329,399,181,181,223,273,336,387,387,387,387,12,28,73,73,73,73],"floor_reached":50,"language":"ENG","playtime":2649,"items_purged":[],"score":1306,"play_id":"c7410e42-a70d-49b8-b2a6-5a46507abf96","local_time":"25640217151835","is_ascension_mode":true,"campfire_choices":[{"data":"Eruption","floor":13.0,"key":"SMITH"},{"data":"Vigilance","floor":15.0,"key":"SMITH"},{"floor":23.0,"key":"REST"},{"floor":25.0,"key":"REST"},{"data":"1","floor":32.0,"key":"LIFT"},{"data":"2","floor":45.0,"key":"LIFT"},{"floor":49,"key":"RECALL"}],"circlet_count":0,"master_deck":["AscendersBane","Eruption+1","Vigilance+1","FlyingSleeves+1","TalkToTheHand+1","FearNoEvil+1","BowlingBash+1","CrushJoints+1","Consecrate+1","FlurryOfBlows+1","JustLucky+1","WheelKick+1","Study+1","Wireheading+1","Weave+1","DeusExMachina+1","Fasting2+1","BattleHymn+1","Protect","DeusExMachina","Nirvana+1","SpiritShield","MasterReality+1","Omniscience","Wish","ReachHeaven+1","Halt","Weave+1","JustLucky+1","SashWhip+1","Devotion+1","Prostrate","CutThroughFate+1","Fasting2+1"],"relics":["PureWater","Membership Card","GoldenEye","Omamori","Molten Egg 2","Ice Cream","Damaru","Frozen Egg 2","HornCleat","The Courier","ClockworkSouvenir","FossilizedHelix","Fusion Hammer","War Paint","Happy Flower","Girya","Oddly Smooth Stone","Nunchaku","Pandora\u0027s Box","Thread and Needle","CloakClasp","Bronze Scales","Torii","Potion Belt","TheAbacus","Bottled Lightning"],"acts_visited":["Exordium","TheCity","TheBeyond"],"potions_floor_usage":[],"damage_taken":[{"damage":2.0,"enemies":"Small Slimes","floor":1.0,"turns":2.0},{"damage":1.0,"enemies":"2 Louse","floor":2.0,"turns":4.0},{"damage":2.0,"enemies":"Jaw Worm","floor":4.0,"turns":2.0},{"damage":18.0,"enemies":"Lagavulin","floor":6.0,"turns":3.0},{"damage":0.0,"enemies":"3 Louse","floor":7.0,"turns":3.0},{"damage":7.0,"enemies":"3 Sentries","floor":8.0,"turns":5.0},{"damage":0.0,"enemies":"Lagavulin","floor":10.0,"turns":3.0},{"damage":0.0,"enemies":"Looter","floor":14.0,"turns":1.0},{"damage":18.0,"enemies":"Hexaghost","floor":16.0,"turns":4.0},{"damage":7.0,"enemies":"Shell Parasite","floor":18.0,"turns":2.0},{"damage":11.0,"enemies":"2 Thieves","floor":19.0,"turns":2.0},{"damage":0.0,"enemies":"Centurion and Healer","floor":22.0,"turns":4.0},{"damage":12.0,"enemies":"Gremlin Leader","floor":24.0,"turns":3.0},{"damage":37.0,"enemies":"Book of Stabbing","floor":27.0,"turns":4.0},{"damage":8.0,"enemies":"Snake Plant","floor":28.0,"turns":3.0},{"damage":18.0,"enemies":"Gremlin Leader","floor":29.0,"turns":5.0},{"damage":0.0,"enemies":"Snecko","floor":30.0,"turns":3.0},{"damage":3.0,"enemies":"Shelled Parasite and Fungi","floor":31.0,"turns":5.0},{"damage":0.0,"enemies":"Automaton","floor":33.0,"turns":6.0},{"damage":0.0,"enemies":"3 Shapes","floor":35.0,"turns":4.0},{"damage":0.0,"enemies":"Orb Walker","floor":36.0,"turns":2.0},{"damage":18.0,"enemies":"Writhing Mass","floor":39.0,"turns":4.0},{"damage":0.0,"enemies":"Giant Head","floor":40.0,"turns":5.0},{"damage":0.0,"enemies":"Jaw Worm Horde","floor":41.0,"turns":4.0},{"damage":16.0,"enemies":"Reptomancer","floor":42.0,"turns":4.0},{"damage":0.0,"enemies":"Transient","floor":47.0,"turns":5.0},{"damage":18.0,"enemies":"3 Darklings","floor":48.0,"turns":3.0},{"damage":17,"enemies":"Awakened One","floor":50,"turns":4}],"seed_played":"-3801602033379555661","potions_obtained":[{"floor":1.0,"key":"Weak Potion"},{"floor":6.0,"key":"GamblersBrew"},{"floor":10.0,"key":"SteroidPotion"},{"floor":27.0,"key":"Explosive Potion"},{"floor":28.0,"key":"FairyPotion"},{"floor":33.0,"key":"Explosive Potion"},{"floor":39.0,"key":"PowerPotion"}],"is_trial":false,"path_per_floor":["M","M","?","M","$","E","M","E","T","E","?","$","R","M","R","B",null,"M","M","?","?","M","R","E","R","T","E","M","E","M","M","R","B",null,"M","M","$","?","M","E","M","E","T","?","R","$","M","M","R","B"],"character_chosen":"WATCHER","items_purchased":["Membership Card","GoldenEye","Omamori","Molten Egg 2","FlyingSleeves+1","Ice Cream","CrushJoints+1","ClockworkSouvenir","FossilizedHelix","Study+1","Wireheading+1","Devotion+1","Prostrate","Thread and Needle","Torii","Potion Belt","TheAbacus","Bottled Lightning"],"campfire_rested":2,"item_purchase_floors":[0,0,0,0,0,5,5,12,12,12,12,37,37,37,46,46,46,46],"current_hp_per_floor":[59,58,58,56,56,38,38,31,31,31,31,31,31,31,31,13,54,47,36,36,36,36,56,44,64,64,27,19,1,1,20,20,20,56,56,56,56,56,38,38,38,22,22,22,22,22,22,4,4,0,0],"gold":73,"neow_bonus":"","is_daily":false,"chose_seed":false,"campfire_upgraded":2,"win_rate":0.0,"timestamp":1613549915,"path_taken":["M","M","?","M","$","E","M","E","T","E","?","?","R","M","R","BOSS","M","M","?","?","M","R","E","R","T","E","M","E","M","M","R","BOSS","M","M","$","?","M","E","M","E","T","?","R","$","M","?","R","BOSS"],"items_purchased_type":["Relic","Relic","Relic","Relic","Card","Relic","Card","Relic","Relic","Card","Card","Card","Card","Relic","Relic","Relic","Relic","Relic"],"build_version":"2020-12-22","purchased_purges":0,"victory":false,"max_hp_per_floor":[68,68,68,68,68,68,68,68,68,68,68,68,68,68,68,68,68,68,68,68,68,68,68,68,68,68,68,68,68,68,68,68,68,68,68,68,68,65,65,65,65,65,65,65,65,65,65,65,65,65,65],"relic_stats":{"Nunchaku":[13],"TheAbacus":[0],"Happy Flower":[20],"Torii":0,"counters":[70,240],"Bronze Scales":[51],"Pandora\u0027s Box":["MasterReality","Omniscience","Wish","ReachHeaven","Halt","Weave","JustLucky","SashWhip"],"CloakClasp":[33],"War Paint":["DeusExMachina","Defend_P"],"GoldenEye":[81],"obtain_stats":[{"Ice Cream":5,"Regal Pillow":41,"Lantern":11,"Torii":46,"CeramicFish":0,"CloakClasp":40,"Whetstone":6,"Boot":29,"ClockworkSouvenir":0,"Centennial Puzzle":10,"Nunchaku":29,"HornCleat":9,"TheAbacus":46,"DollysMirror":53,"Philosopher\u0027s Stone":17,"Tiny Chest":0,"Fusion Hammer":17,"InkBottle":26,"Potion Belt":26,"Girya":8,"Happy Flower":23,"Astrolabe":0,"Blue Candle":45,"Oddly Smooth Stone":25,"Damaru":36,"Thread and Needle":12,"PreservedInsect":0,"Pen Nib":0,"The Courier":10,"Omamori":0,"War Paint":9,"Orichalcum":14,"Frozen Egg 2":8,"Medical Kit":22,"GoldenEye":0,"Du-Vu Doll":9,"Busted Crown":34,"MutagenicStrength":19,"Bronze Scales":25,"Molten Egg 2":0,"Pandora\u0027s Box":34,"Art of War":54,"Bag of Marbles":0,"Membership Card":0,"Bottled Lightning":46,"PureWater":0,"StrikeDummy":24,"FossilizedHelix":6},{"Ice Cream":45,"Regal Pillow":23,"Lantern":35,"Torii":67,"CeramicFish":29,"CloakClasp":65,"Whetstone":33,"Boot":17,"ClockworkSouvenir":29,"Centennial Puzzle":6,"Nunchaku":58,"HornCleat":48,"TheAbacus":67,"DollysMirror":27,"Philosopher\u0027s Stone":10,"Tiny Chest":29,"Fusion Hammer":51,"InkBottle":16,"Potion Belt":41,"Girya":5,"Happy Flower":15,"Astrolabe":0,"Blue Candle":24,"Oddly Smooth Stone":16,"Damaru":21,"Thread and Needle":35,"PreservedInsect":29,"Pen Nib":29,"The Courier":49,"Omamori":29,"War Paint":34,"Orichalcum":36,"Frozen Egg 2":48,"Medical Kit":14,"GoldenEye":42,"Du-Vu Doll":5,"Busted Crown":20,"MutagenicStrength":38,"Bronze Scales":41,"Molten Egg 2":42,"Pandora\u0027s Box":61,"Art of War":28,"Bag of Marbles":29,"Membership Card":29,"Bottled Lightning":67,"PureWater":0,"StrikeDummy":41,"FossilizedHelix":4},{"Ice Cream":149,"Regal Pillow":85,"Lantern":120,"Torii":228,"CeramicFish":104,"CloakClasp":220,"Whetstone":115,"Boot":64,"ClockworkSouvenir":104,"Centennial Puzzle":23,"Nunchaku":191,"HornCleat":160,"TheAbacus":228,"DollysMirror":95,"Philosopher\u0027s Stone":41,"Tiny Chest":104,"Fusion Hammer":168,"InkBottle":62,"Potion Belt":139,"Girya":18,"Happy Flower":59,"Astrolabe":0,"Blue Candle":87,"Oddly Smooth Stone":62,"Damaru":76,"Thread and Needle":120,"PreservedInsect":104,"Pen Nib":104,"The Courier":163,"Omamori":104,"War Paint":117,"Orichalcum":123,"Frozen Egg 2":160,"Medical Kit":56,"GoldenEye":141,"Du-Vu Doll":18,"Busted Crown":74,"MutagenicStrength":131,"Bronze Scales":139,"Molten Egg 2":141,"Pandora\u0027s Box":205,"Art of War":98,"Bag of Marbles":104,"Membership Card":104,"Bottled Lightning":228,"PureWater":0,"StrikeDummy":139,"FossilizedHelix":15}]},"card_choices":[{"not_picked":["PathToVictory","EmptyFist+1"],"picked":"TalkToTheHand+1","floor":1.0},{"not_picked":["Adaptation","Protect"],"picked":"FearNoEvil+1","floor":2.0},{"not_picked":["FearNoEvil+1","PathToVictory"],"picked":"BowlingBash+1","floor":4.0},{"not_picked":["Collect","BowlingBash+1"],"picked":"Consecrate+1","floor":6.0},{"not_picked":["Evaluate","EmptyBody"],"picked":"FlurryOfBlows+1","floor":7.0},{"not_picked":["InnerPeace","Indignation"],"picked":"JustLucky+1","floor":8.0},{"not_picked":["Study+1","Omniscience"],"picked":"WheelKick+1","floor":10.0},{"not_picked":["Consecrate+1","EmptyFist+1"],"picked":"Weave+1","floor":14.0},{"not_picked":["Judgement","Alpha"],"picked":"DeusExMachina","floor":16.0},{"not_picked":["WindmillStrike+1","Consecrate+1","BowlingBash+1"],"picked":"SKIP","floor":18.0},{"not_picked":["Study+1","ThirdEye"],"picked":"Fasting2+1","floor":19.0},{"not_picked":["FollowUp+1","Halt"],"picked":"BattleHymn+1","floor":22.0},{"not_picked":["PathToVictory+1","Crescendo+1","LikeWater+1"],"picked":"SKIP","floor":24.0},{"not_picked":["FollowUp+1","Consecrate+1"],"picked":"Protect","floor":27.0},{"not_picked":["Protect","FlurryOfBlows+1"],"picked":"DeusExMachina","floor":28.0},{"not_picked":["LikeWater+1","Halt","ClearTheMind"],"picked":"SKIP","floor":29.0},{"not_picked":["EmptyBody","Consecrate+1","EmptyFist+1"],"picked":"SKIP","floor":30.0},{"not_picked":["FollowUp+1","WheelKick+1"],"picked":"Nirvana+1","floor":31.0},{"not_picked":["ConjureBlade","Judgement"],"picked":"SpiritShield","floor":33.0},{"not_picked":["CrushJoints+1","FlyingSleeves+1","FlurryOfBlows+1"],"picked":"SKIP","floor":35.0},{"not_picked":["EmptyBody","Perseverance","FollowUp+1"],"picked":"SKIP","floor":36.0},{"not_picked":["Evaluate","ForeignInfluence"],"picked":"CutThroughFate+1","floor":39.0},{"not_picked":["Halt","JustLucky+1","FlurryOfBlows+1"],"picked":"SKIP","floor":40.0},{"not_picked":["Conclude+1","CrushJoints+1","FlurryOfBlows+1"],"picked":"SKIP","floor":41.0},{"not_picked":["Pray","Blasphemy","MentalFortress+1"],"picked":"SKIP","floor":42.0},{"not_picked":["CrushJoints+1","Crescendo+1","WreathOfFlame+1"],"picked":"SKIP","floor":47.0},{"not_picked":["EmptyBody","Crescendo","BowlingBash+1"],"picked":"SKIP","floor":48.0}],"player_experience":1113522,"relics_obtained":[{"floor":6.0,"key":"Damaru"},{"floor":8.0,"key":"Frozen Egg 2"},{"floor":9.0,"key":"HornCleat"},{"floor":10.0,"key":"The Courier"},{"floor":24.0,"key":"Happy Flower"},{"floor":26.0,"key":"Girya"},{"floor":27.0,"key":"Oddly Smooth Stone"},{"floor":29.0,"key":"Nunchaku"},{"floor":40.0,"key":"CloakClasp"},{"floor":42.0,"key":"Bronze Scales"}],"event_choices":[{"damage_healed":0.0,"max_hp_gain":0.0,"max_hp_loss":0.0,"gold_gain":59.0,"event_name":"Golden Wing","player_choice":"Gained Gold","floor":3.0,"gold_loss":0.0,"damage_taken":0.0},{"damage_healed":0.0,"max_hp_gain":0.0,"max_hp_loss":0.0,"gold_gain":150.0,"event_name":"Liars Game","player_choice":"AGREE","floor":11.0,"gold_loss":0.0,"damage_taken":0.0,"cards_obtained":["Doubt"]},{"damage_healed":0.0,"max_hp_gain":0.0,"max_hp_loss":0.0,"gold_gain":0.0,"event_name":"Vampires","player_choice":"Ignored","floor":20.0,"gold_loss":0.0,"damage_taken":0.0},{"damage_healed":0.0,"max_hp_gain":0.0,"max_hp_loss":0.0,"gold_gain":0.0,"event_name":"Addict","player_choice":"Obtained Relic","floor":21.0,"gold_loss":85.0,"damage_taken":0.0,"relics_obtained":["War Paint"]},{"damage_healed":0.0,"max_hp_gain":0.0,"max_hp_loss":3.0,"gold_gain":0.0,"event_name":"Winding Halls","player_choice":"Max HP","floor":38.0,"gold_loss":0.0,"damage_taken":0.0},{"damage_healed":0.0,"max_hp_gain":0.0,"max_hp_loss":0.0,"gold_gain":0.0,"event_name":"Duplicator","player_choice":"Copied","floor":44.0,"gold_loss":0.0,"damage_taken":0.0,"cards_obtained":["Fasting2"]}],"is_beta":false,"boss_relics":[{"not_picked":["Cursed Key","SlaversCollar"],"picked":"Fusion Hammer"},{"not_picked":["SacredBark","Velvet Choker"],"picked":"Pandora\u0027s Box"}],"items_purged_floors":[],"is_endless":false,"potions_floor_spawned":[1,6,10,16,27,28,33,39,40,47],"killed_by":"Awakened One","ascension_level":16}}