{"host":"dm3der2z84gf27js","time":1613591474,"event":{"mods":["AchievementEnabler","BaseMod","Bestiary","Better Note","Better Third Choice","Colored Map","Colored Powertips","Marisa????????","Minty Spire (QoL Compilation)","Onozuka Komachi Mod","StSLib","The Marked","The Servant 0.9.4"],"gold_per_floor":[119,294,294,314,55,100,127,127,127,184,209,209,42,71,71,232,232,280,113,148,200,200,200,200,218,244,104,104,198,198,277,277,462,462,476,506,613,613,682,682,682,752,798,810,864,932,944,631,631,631,631,631,147,182,222],"floor_reached":56,"language":"ENG","playtime":3179,"items_purged":["Doubt","Injury"],"score":1398,"play_id":"e1573d65-d324-48ed-94a3-4ff278df838c","local_time":"20210217145114","is_ascension_mode":true,"campfire_choices":[{"floor":8,"key":"RECALL"},{"floor":12,"key":"REST"},{"data":"Robbery","floor":15,"key":"SMITH"},{"data":"MillisecondPulsars","floor":23,"key":"SMITH"},{"data":"StarDustReverie","floor":28,"key":"SMITH"},{"floor":32,"key":"REST"},{"floor":40,"key":"REST"},{"floor":41,"key":"REST"},{"data":"1","floor":44,"key":"LIFT"},{"data":"2","floor":47,"key":"LIFT"},{"floor":49,"key":"REST"},{"data":"3","floor":52,"key":"LIFT"}],"circlet_count":0,"master_deck":["Strike_MRS","Strike_MRS","Strike_MRS","Defend_MRS","Defend_MRS+1","MasterSpark","UpSweep","GasGiant","MilkyWay","WitchOfGreed","DeepEcoloBomb","6A","Robbery+1","IllusionStar","GalacticHalo","ChargeUpSpray","AsteroidBelt","StarDustReverie+1","EnergyRecoil+1","DarkMatter","WitchLeyline","AsteroidBelt","MillisecondPulsars+1","JA","NonDirectionalLaser","DoubleSpark","WitchOfGreed","NonDirectionalLaser","Parasite","Parasite","GrandCross","EscapeVelocity","CurseOfTheBell","EarthLightRay","MysteriousBeam","SprinkleStarSeal+1","GravityBeat","MeteoricShower+1","ManaRampage","DoubleSpark","AsteroidBelt","SuperPerseids","IllusionStar","ManaRampage","OrrerysSun"],"relics":["MiniHakkero","Membership Card","CaptainsWheel","Boot","Torii","Cursed Key","Gremlin Horn","Smiling Mask","Tiny Chest","Nunchaku","ShroomBag","Calling Bell","Omamori","Shuriken","Girya","WingedGreaves","Matryoshka","Bottled Tornado","Potion Belt","MawBank","Calipers","Toy Ornithopter","Vajra","HandDrill","AmplifyWand","Mango","DollysMirror","Lizard Tail"],"acts_visited":["Exordium","TheCity","TheBeyond","TheEnding"],"potions_floor_usage":[6,6,10,16,16,18,21,25,29,31,31,33,33,33,35,37,37,42,42,45,45,46,46,46,46,50,50,50,54,55,55,55],"damage_taken":[{"damage":8,"enemies":"2 Louse","floor":1,"turns":3},{"damage":0,"enemies":"Small Slimes","floor":4,"turns":3},{"damage":16,"enemies":"3 Sentries","floor":6,"turns":9},{"damage":0,"enemies":"Jaw Worm","floor":7,"turns":3},{"damage":1,"enemies":"Gremlin Nob","floor":10,"turns":5},{"damage":4,"enemies":"Red Slaver","floor":11,"turns":3},{"damage":1,"enemies":"Exordium Wildlife","floor":14,"turns":3},{"damage":19,"enemies":"Hexaghost","floor":16,"turns":9},{"damage":12,"enemies":"Shell Parasite","floor":18,"turns":5},{"damage":0,"enemies":"3 Byrds","floor":20,"turns":5},{"damage":2,"enemies":"Snecko","floor":21,"turns":5},{"damage":0,"enemies":"3 Cultists","floor":25,"turns":2},{"damage":40,"enemies":"Slavers","floor":29,"turns":6},{"damage":0,"enemies":"Gremlin Leader","floor":31,"turns":7},{"damage":24,"enemies":"Collector","floor":33,"turns":5},{"damage":0,"enemies":"Orb Walker","floor":35,"turns":2},{"damage":1,"enemies":"3 Shapes","floor":36,"turns":4},{"damage":66,"enemies":"2 Orb Walkers","floor":37,"turns":6},{"damage":11,"enemies":"Reptomancer","floor":42,"turns":5},{"damage":1,"enemies":"Spire Growth","floor":45,"turns":4},{"damage":33,"enemies":"Nemesis","floor":46,"turns":5},{"damage":25,"enemies":"Donu and Deca","floor":50,"turns":3},{"damage":3,"enemies":"Shield and Spear","floor":54,"turns":3},{"damage":23,"enemies":"The Heart","floor":55,"turns":5}],"seed_played":"3222061609918085041","potions_obtained":[{"floor":0,"key":"StarNLove"},{"floor":0,"key":"DuplicationPotion"},{"floor":0,"key":"Regen Potion"},{"floor":6,"key":"PowerPotion"},{"floor":7,"key":"BottledSpark"},{"floor":7,"key":"CultistPotion"},{"floor":16,"key":"Strength Potion"},{"floor":18,"key":"Dexterity Potion"},{"floor":18,"key":"Swift Potion"},{"floor":21,"key":"DuplicationPotion"},{"floor":25,"key":"Strength Potion"},{"floor":29,"key":"Block Potion"},{"floor":29,"key":"Swift Potion"},{"floor":29,"key":"Strength Potion"},{"floor":31,"key":"ColorlessPotion"},{"floor":31,"key":"AttackPotion"},{"floor":33,"key":"Dexterity Potion"},{"floor":33,"key":"Energy Potion"},{"floor":33,"key":"BlessingOfTheForge"},{"floor":36,"key":"Explosive Potion"},{"floor":37,"key":"ColorlessPotion"},{"floor":37,"key":"Dexterity Potion"},{"floor":37,"key":"ColorlessPotion"},{"floor":42,"key":"AttackPotion"},{"floor":42,"key":"EssenceOfSteel"},{"floor":45,"key":"Block Potion"},{"floor":45,"key":"ShroomBrew"},{"floor":45,"key":"Explosive Potion"},{"floor":46,"key":"SteroidPotion"},{"floor":46,"key":"Fire Potion"}],"is_trial":false,"path_per_floor":["M","?","?","M","$","E","M","R","T","E","M","R","$","M","R","B",null,"M","$","M","M","?","R","?","M","T","$","R","E","?","E","R","B",null,"M","M","?","?","T","R","R","E","T","R","M","E","R","$","R","B",null,"R","$","E","B",null],"character_chosen":"MARISA","items_purchased":["Membership Card","WitchOfGreed","DeepEcoloBomb","ChargeUpSpray","Torii","Gremlin Horn","DarkMatter","Tiny Chest","WitchOfGreed","DoubleSpark","Toy Ornithopter","Vajra","HandDrill","BlessingOfTheForge","DistilledChaos","AsteroidBelt","SuperPerseids","IllusionStar","AmplifyWand","Mango","Swift Potion","Strength Potion","FearPotion","DollysMirror"],"campfire_rested":5,"item_purchase_floors":[5,5,5,13,13,19,19,27,27,48,48,48,48,48,48,48,53,53,53,53,53,53,53,53],"current_hp_per_floor":[67,67,52,52,52,51,51,51,51,50,46,68,68,67,67,48,75,63,63,63,61,61,61,61,61,61,61,61,21,21,21,43,21,75,75,75,17,17,17,39,61,56,56,56,59,30,30,30,52,42,75,75,89,88,82],"gold":222,"neow_bonus":"THREE_SMALL_POTIONS","is_daily":false,"chose_seed":false,"campfire_upgraded":3,"win_rate":0.0,"timestamp":1613591474,"path_taken":["M","?","?","M","$","E","M","R","T","E","M","R","$","?","R","BOSS","M","$","M","M","?","R","?","?","T","$","R","E","?","E","R","BOSS","M","M","?","?","?","R","R","E","T","R","?","E","R","$","R","BOSS","R","$","E","BOSS"],"items_purchased_type":["Relic","Card","Card","Card","Relic","Relic","Card","Relic","Card","Card","Relic","Relic","Relic","Potion","Potion","Card","Card","Card","Relic","Relic","Potion","Potion","Potion","Relic"],"build_version":"2020-12-22","purchased_purges":2,"victory":true,"max_hp_per_floor":[75,75,75,75,75,75,75,75,75,75,75,75,75,75,75,75,75,75,75,75,75,75,75,75,75,75,75,75,75,75,75,75,75,75,75,75,75,75,75,75,75,75,75,75,75,75,75,75,75,75,75,75,89,89,89],"card_choices":[{"not_picked":["GalacticHalo","IllusionStar"],"picked":"GasGiant","floor":1},{"not_picked":["MagicChant","LuminesStrike"],"picked":"MilkyWay","floor":4},{"not_picked":["AlicesGift","AsteroidBelt"],"picked":"6A","floor":6},{"not_picked":["OrrerysSun","ChargingUp"],"picked":"Robbery","floor":7},{"not_picked":["OpenUniverse","DoubleSpark"],"picked":"IllusionStar","floor":10},{"not_picked":["IllusionStar","StarlightTyphoon"],"picked":"GalacticHalo","floor":11},{"not_picked":["IllusionStar","ShootingEcho"],"picked":"AsteroidBelt","floor":14},{"not_picked":["CollectingQuirk","AbsoluteMagnitude"],"picked":"StarDustReverie","floor":16},{"not_picked":["MilkyWay","UnstableBomb"],"picked":"EnergyRecoil+1","floor":18},{"not_picked":["WitchOfGreed","DeepEcoloBomb+1"],"picked":"WitchLeyline","floor":20},{"not_picked":["ChargingUp","PowerUp"],"picked":"AsteroidBelt","floor":21},{"not_picked":["PowerUp","Occultation"],"picked":"DoubleSpark","floor":25},{"not_picked":["Occultation","WitchOfGreed+1"],"picked":"NonDirectionalLaser","floor":29},{"not_picked":["MillisecondPulsars","SporeBomb"],"picked":"GrandCross","floor":31},{"not_picked":["MaximisePower","MillisecondPulsars"],"picked":"EscapeVelocity","floor":33},{"not_picked":["WitchLeyline","DarkSpark+1"],"picked":"EarthLightRay","floor":35},{"not_picked":["WitchLeyline","MilkyWay"],"picked":"MysteriousBeam","floor":36},{"not_picked":["GasGiant","Orbital+1"],"picked":"SprinkleStarSeal+1","floor":37},{"not_picked":["MagicChant+1","6A"],"picked":"GravityBeat","floor":42},{"not_picked":["SprinkleStarSeal","FairyDestructionRay+1"],"picked":"MeteoricShower+1","floor":45},{"not_picked":["BlazeAway","NonDirectionalLaser"],"picked":"ManaRampage","floor":46},{"not_picked":["GasGiant+1","RefractionSpark+1"],"picked":"OrrerysSun","floor":54}],"player_experience":229087,"relics_obtained":[{"floor":6,"key":"CaptainsWheel"},{"floor":10,"key":"Boot"},{"floor":26,"key":"Smiling Mask"},{"floor":29,"key":"Nunchaku"},{"floor":31,"key":"ShroomBag"},{"floor":34,"key":"Omamori"},{"floor":34,"key":"Shuriken"},{"floor":34,"key":"Girya"},{"floor":37,"key":"WingedGreaves"},{"floor":39,"key":"Matryoshka"},{"floor":42,"key":"Bottled Tornado"},{"floor":43,"key":"Potion Belt"},{"floor":43,"key":"MawBank"},{"floor":46,"key":"Calipers"},{"floor":54,"key":"Lizard Tail"}],"event_choices":[{"damage_healed":0,"gold_gain":175,"player_choice":"AGREE","damage_taken":119,"max_hp_gain":0,"max_hp_loss":0,"event_name":"betterThird:BetterSerpent","floor":2,"gold_loss":0},{"damage_healed":67,"gold_gain":0,"player_choice":"Upgrade","damage_taken":15,"max_hp_gain":0,"max_hp_loss":75,"event_name":"betterThird:BetterShining","floor":3,"gold_loss":0,"cards_upgraded":["Defend_MRS","Defend_MRS"]},{"cards_removed":["Robbery"],"damage_healed":0,"gold_gain":0,"player_choice":"Take \u0026 Give","damage_taken":0,"max_hp_gain":0,"max_hp_loss":0,"event_name":"betterNote:BetterNote","floor":22,"gold_loss":0,"cards_obtained":["MillisecondPulsars"]},{"damage_healed":0,"gold_gain":0,"cards_transformed":["Defend_MRS","Strike_MRS"],"player_choice":"Became Test Subject","damage_taken":0,"max_hp_gain":0,"max_hp_loss":0,"event_name":"Drug Dealer","floor":24,"gold_loss":0,"cards_obtained":["JA","NonDirectionalLaser"]},{"damage_healed":0,"gold_gain":0,"player_choice":"Ignored","damage_taken":0,"max_hp_gain":0,"max_hp_loss":0,"event_name":"Beggar","floor":30,"gold_loss":0},{"damage_healed":0,"gold_gain":0,"player_choice":"Fight","damage_taken":0,"max_hp_gain":0,"max_hp_loss":0,"event_name":"Mysterious Sphere","floor":37,"gold_loss":0},{"cards_removed":["Defend_MRS"],"damage_healed":0,"gold_gain":0,"player_choice":"Removed Skill","damage_taken":0,"max_hp_gain":0,"max_hp_loss":0,"event_name":"Falling","floor":38,"gold_loss":0}],"is_beta":false,"boss_relics":[{"not_picked":["Busted Crown","Sozu"],"picked":"Cursed Key"},{"not_picked":["SacredBark","Philosopher\u0027s Stone"],"picked":"Calling Bell"}],"items_purged_floors":[5,27],"is_endless":false,"potions_floor_spawned":[1,6,7,18,25,29,33,37,42,45],"ascension_level":1}}