{"host":"scy0o1xotfn36lpl","time":1613590262,"event":{"mods":["AchievementEnabler","Aspiration","BaseMod","Better Altar","Better Note","Better Sensory Stone","Better Skull","Better Third Choice","Colored Map","Curses Come First","Downfall","GifTheSpireLib","Googly Eyes","Highlight Path","Minty Spire (QoL Compilation)","Permanent Neow","Spicy Shops","StSLib","everything is the same but u backflip on backflip"],"gold_per_floor":[115,115,129,148,159,159,234,269,292,292,292,321,334,334,334,431,431,445,445,445,457,471,471,514,136,136,173,173,173],"floor_reached":28,"language":"ENG","playtime":1744,"items_purged":["Injury","Worship+1"],"score":280,"play_id":"38dd560e-0c75-4d56-b381-9fbd4d9f8ab0","local_time":"20210217113102","is_ascension_mode":false,"campfire_choices":[{"data":"Eruption","floor":6.0,"key":"SMITH"},{"floor":11.0,"key":"REST"},{"floor":15,"key":"REST"},{"data":"Devotion","floor":23,"key":"SMITH"}],"circlet_count":0,"master_deck":["Strike_P+1","Strike_P","Strike_P","Defend_P","Defend_P","Defend_P","Defend_P","Eruption+1","Vigilance","Prostrate","TalkToTheHand+1","FlurryOfBlows+1","ThirdEye","Indignation","Wallop+1","Swivel","BowlingBash+1","HandOfGreed+1","Consecrate+1","Devotion+1","FlurryOfBlows+1"],"relics":["PureWater","aspiration:Nostalgia","Cracked Core","Molten Egg 2","Bag of Preparation","Whetstone","Dream Catcher","Smiling Mask","Busted Crown","Membership Card","Bottled Flame","GoldenEye"],"acts_visited":["Exordium","TheCity"],"potions_floor_usage":[22,22,22],"damage_taken":[{"damage":14.0,"enemies":"Small Slimes","floor":1.0,"turns":3.0},{"damage":0.0,"enemies":"2 Louse","floor":3.0,"turns":2.0},{"damage":1.0,"enemies":"Jaw Worm","floor":4.0,"turns":3.0},{"damage":10.0,"enemies":"Looter","floor":5.0,"turns":2.0},{"damage":10.0,"enemies":"3 Sentries","floor":8.0,"turns":6.0},{"damage":10,"enemies":"Lagavulin","floor":12,"turns":7},{"damage":0,"enemies":"3 Louse","floor":13,"turns":2},{"damage":0,"enemies":"Slime Boss","floor":16,"turns":4},{"damage":0,"enemies":"Chosen","floor":18,"turns":3},{"damage":12,"enemies":"Spheric Guardian","floor":21,"turns":3},{"damage":16,"enemies":"Snake Plant","floor":22,"turns":4},{"damage":16,"enemies":"Centurion and Healer","floor":24,"turns":4},{"damage":0,"enemies":"Snecko","floor":27,"turns":2},{"damage":60,"enemies":"Book of Stabbing","floor":28,"turns":7}],"seed_played":"4015967176947103013","potions_obtained":[{"floor":4.0,"key":"Regen Potion"},{"floor":5.0,"key":"AttackPotion"},{"floor":12,"key":"Guardian:BlockOnCardUsePotion"},{"floor":16,"key":"Fruit Juice"},{"floor":18,"key":"Weak Potion"},{"floor":24,"key":"FairyPotion"},{"floor":27,"key":"PowerPotion"}],"is_trial":false,"path_per_floor":["M","?","M","M","M","R","?","E","T","?","R","E","M","?","R","B",null,"M","?","?","M","M","R","M","$","T","M","E"],"character_chosen":"WATCHER","items_purchased":["Membership Card","Bottled Flame"],"campfire_rested":2,"item_purchase_floors":[25,25],"current_hp_per_floor":[58,58,58,57,52,52,41,31,31,24,45,35,35,35,56,56,72,72,72,72,60,49,49,33,33,33,33,0,0],"gold":173,"neow_bonus":"NOSTALGIA","is_daily":false,"chose_seed":false,"campfire_upgraded":2,"win_rate":0.0,"timestamp":1613590262,"path_taken":["M","?","M","M","M","R","?","E","T","?","R","E","M","?","R","BOSS","M","?","?","M","?","R","M","$","T","M","E"],"items_purchased_type":["Relic","Relic"],"build_version":"2020-12-22","purchased_purges":2,"victory":false,"max_hp_per_floor":[72,72,72,72,72,72,72,72,72,72,72,72,72,72,72,72,72,72,72,72,72,77,77,77,77,77,77,77,77],"card_choices":[{"not_picked":["BattleHymn","EmptyMind"],"picked":"Prostrate","floor":1.0},{"not_picked":["ThirdEye","Collect"],"picked":"TalkToTheHand+1","floor":3.0},{"not_picked":["Protect","SashWhip+1"],"picked":"FlurryOfBlows+1","floor":4.0},{"not_picked":["EmptyFist+1","PathToVictory"],"picked":"ThirdEye","floor":5.0},{"not_picked":["Evaluate","InnerPeace"],"picked":"Indignation","floor":8.0},{"not_picked":["Swivel","Indignation"],"picked":"Wallop+1","floor":11.0},{"not_picked":["ReachHeaven+1","Weave+1"],"picked":"Swivel","floor":12},{"not_picked":["MentalFortress","PathToVictory"],"picked":"BowlingBash+1","floor":13},{"not_picked":["Panacea","Good Instincts"],"picked":"HandOfGreed+1","floor":14},{"not_picked":["JustLucky+1","SignatureMove+1"],"picked":"Consecrate+1","floor":15},{"not_picked":["Vault","Wish"],"picked":"Devotion","floor":16},{"not_picked":["Vengeance"],"picked":"SKIP","floor":18},{"not_picked":[],"picked":"Worship+1","floor":21},{"not_picked":["ThirdEye"],"picked":"SKIP","floor":22},{"not_picked":["EmptyFist+1"],"picked":"SKIP","floor":24},{"not_picked":[],"picked":"FlurryOfBlows+1","floor":27}],"player_experience":66184,"relics_obtained":[{"floor":8.0,"key":"Bag of Preparation"},{"floor":9.0,"key":"Whetstone"},{"floor":12,"key":"Smiling Mask"},{"floor":26,"key":"GoldenEye"}],"event_choices":[{"damage_healed":0.0,"max_hp_gain":0.0,"max_hp_loss":0.0,"gold_gain":75.0,"event_name":"betterThird:BetterGoop","player_choice":"Gold","floor":7.0,"gold_loss":0.0,"damage_taken":11.0},{"damage_healed":0.0,"max_hp_gain":0.0,"max_hp_loss":0.0,"gold_gain":0.0,"event_name":"betterThird:BetterScrap","player_choice":"Relic ","floor":10.0,"gold_loss":0.0,"damage_taken":7.0,"cards_obtained":["Combust"]},{"damage_healed":0,"gold_gain":1,"player_choice":"1","damage_taken":0,"max_hp_gain":0,"max_hp_loss":0,"event_name":"betterStone:BetterStone","floor":14,"gold_loss":0},{"damage_healed":0,"gold_gain":0,"player_choice":"Ignored","damage_taken":0,"max_hp_gain":0,"max_hp_loss":0,"event_name":"betterNote:BetterNote","floor":19,"gold_loss":0,"cards_obtained":["DevaForm"]},{"cards_removed":["Strike_P"],"damage_healed":0,"gold_gain":0,"player_choice":"Offered Basic","damage_taken":0,"max_hp_gain":0,"max_hp_loss":0,"event_name":"Bonfire Elementals","floor":20,"gold_loss":0}],"is_beta":false,"boss_relics":[{"not_picked":["Astrolabe","aspiration:BursterCore"],"picked":"Busted Crown"}],"items_purged_floors":[25,25],"is_endless":false,"potions_floor_spawned":[4,5,12,16,18,24,27],"killed_by":"Book of Stabbing","ascension_level":0}}