{"host":"xb2tau8pgi8aflss","time":1613567989,"event":{"mods":["AchievementEnabler","BaseMod","Hermit","Minty Spire (QoL Compilation)","StSLib","SuperFastMode"],"gold_per_floor":[110,110,32,48,67,100,110,110,110,110,122,122,154,154,154,253,253,263,278,135,135,54,54,54],"floor_reached":23,"language":"KOR","playtime":600,"items_purged":["hermit:Spite"],"score":239,"play_id":"b98b8d72-fa8b-4feb-a482-8852d50a61fa","local_time":"20210217221949","is_ascension_mode":true,"campfire_choices":[{"data":"hermit:EyeOfTheStorm","floor":8,"key":"SMITH"},{"data":"hermit:EyeOfTheStorm","floor":10,"key":"SMITH"},{"floor":12,"key":"REST"},{"floor":15,"key":"DIG"}],"circlet_count":0,"master_deck":["hermit:Snapshot","hermit:Covet","hermit:Enervate+1","hermit:EyeOfTheStorm+1","hermit:Vantage","hermit:CalledShot","hermit:EyeOfTheStorm+1","hermit:BigShot","hermit:Coalescence","hermit:Snipe","Regret","hermit:Roughhouse","hermit:RoundhouseKick","hermit:Reprieve","hermit:Ricochet","hermit:GoldenBullet","hermit:Midnight","hermit:Roughhouse","hermit:Horror","hermit:Glare","hermit:Combo","hermit:GhostlyPresence","hermit:GhostlyPresence"],"relics":["hermit:Momento","Bottled Lightning","Shovel","Boot","Matryoshka","Pandora\u0027s Box"],"acts_visited":["Exordium","TheCity"],"potions_floor_usage":[6,6,23],"damage_taken":[{"damage":13,"enemies":"Small Slimes","floor":1,"turns":4},{"damage":1,"enemies":"Cultist","floor":4,"turns":3},{"damage":0,"enemies":"2 Louse","floor":5,"turns":2},{"damage":18,"enemies":"Gremlin Nob","floor":6,"turns":5},{"damage":0,"enemies":"Looter","floor":7,"turns":2},{"damage":20,"enemies":"Gremlin Gang","floor":11,"turns":5},{"damage":7,"enemies":"Lagavulin","floor":13,"turns":4},{"damage":37,"enemies":"Slime Boss","floor":16,"turns":9},{"damage":34,"enemies":"2 Thieves","floor":18,"turns":3},{"damage":10,"enemies":"Spheric Guardian","floor":19,"turns":4},{"damage":45,"enemies":"Book of Stabbing","floor":23,"turns":4}],"seed_played":"7427812453692657242","potions_obtained":[{"floor":1,"key":"hermit:Tonic"},{"floor":4,"key":"SteroidPotion"},{"floor":11,"key":"FearPotion"},{"floor":16,"key":"PowerPotion"},{"floor":18,"key":"DuplicationPotion"}],"is_trial":false,"path_per_floor":["M","?","$","M","M","E","M","R","T","R","M","R","E","?","R","B",null,"M","M","$","?","$","E"],"character_chosen":"HERMIT","items_purchased":["hermit:EyeOfTheStorm","hermit:Vantage","hermit:GhostlyPresence","hermit:GhostlyPresence"],"campfire_rested":1,"item_purchase_floors":[3,3,20,22],"current_hp_per_floor":[69,69,69,68,68,50,50,50,50,50,30,54,47,47,47,10,82,48,38,38,32,32,0,0],"gold":54,"neow_bonus":"TEN_PERCENT_HP_BONUS","is_daily":false,"chose_seed":false,"campfire_upgraded":2,"win_rate":0.0,"timestamp":1613567989,"path_taken":["M","?","$","?","M","E","?","R","T","R","?","R","E","?","R","BOSS","M","M","$","?","$","E"],"items_purchased_type":["Card","Card","Card","Card"],"build_version":"2020-12-22","purchased_purges":1,"victory":false,"max_hp_per_floor":[82,82,82,82,82,82,82,82,82,82,82,82,82,82,82,82,82,82,82,82,82,82,82,82],"card_choices":[{"not_picked":["hermit:Cheat","hermit:Gestalt"],"picked":"hermit:Enervate","floor":1},{"not_picked":["hermit:Roulette","hermit:SprayPray"],"picked":"hermit:CalledShot","floor":4},{"not_picked":["hermit:Headshot","hermit:WideOpen"],"picked":"hermit:EyeOfTheStorm","floor":5},{"not_picked":["hermit:FinalCanter","hermit:HoleUp"],"picked":"hermit:BigShot","floor":6},{"not_picked":["hermit:Ricochet","hermit:HighCaliber"],"picked":"hermit:Coalescence","floor":7},{"not_picked":["hermit:LuckOfTheDraw","hermit:Manifest"],"picked":"hermit:Snipe","floor":11},{"not_picked":["hermit:Misfire","hermit:TakeCover","hermit:CalledShot"],"picked":"SKIP","floor":13},{"not_picked":["hermit:OverwhelmingPower","hermit:FinalCanter"],"picked":"hermit:Roughhouse","floor":16},{"not_picked":["hermit:FullyLoaded","hermit:SprayPray"],"picked":"hermit:Glare","floor":18},{"not_picked":["hermit:Shortfuse+1","hermit:Coalescence"],"picked":"hermit:Combo","floor":19}],"player_experience":845950,"relics_obtained":[{"floor":6,"key":"Bottled Lightning"},{"floor":13,"key":"Shovel"},{"floor":15,"key":"Matryoshka"}],"event_choices":[{"damage_healed":0,"gold_gain":0,"player_choice":"Upgraded","damage_taken":0,"max_hp_gain":0,"max_hp_loss":0,"event_name":"Upgrade Shrine","floor":2,"gold_loss":0,"cards_upgraded":["hermit:Enervate"]},{"damage_healed":0,"gold_gain":0,"player_choice":"Box","damage_taken":0,"relics_obtained":["Boot"],"max_hp_gain":0,"max_hp_loss":0,"event_name":"Big Fish","floor":14,"gold_loss":0,"cards_obtained":["Regret"]},{"damage_healed":0,"gold_gain":0,"player_choice":"","damage_taken":6,"max_hp_gain":0,"max_hp_loss":0,"event_name":"Knowing Skull","floor":21,"potions_obtained":[],"gold_loss":0,"cards_obtained":[]}],"is_beta":false,"boss_relics":[{"not_picked":["Philosopher\u0027s Stone","Runic Pyramid"],"picked":"Pandora\u0027s Box"}],"items_purged_floors":[20],"is_endless":false,"potions_floor_spawned":[1,4,11,16,18],"killed_by":"Book of Stabbing","ascension_level":4}}