{"host":"tzwikg9s6mkzv6w0","time":1613570304,"event":{"mods":["BaseMod","Good Game Mod","Minty Spire (QoL Compilation)","Spicy Shops","StSLib"],"gold_per_floor":[111,111,186,111,111,141,141,172,196,215,231,312,312,312,312,408,408,418,193,193,193,43,72,106,124,195,209,209,242,242,275,275,377,377,397,449,274,274,274,274,299,299,323,62,90,108,126,126,126,126,126,126,53,88,88],"floor_reached":56,"language":"ZHS","playtime":10624,"items_purged":["Strike_G","Strike_G","Strike_G","Strike_G","Defend_G","Defend_G"],"score":2183,"play_id":"df446cf5-f087-464d-add9-7a5e901d452e","local_time":"20210217215824","is_ascension_mode":true,"campfire_choices":[{"floor":7.0,"key":"REST"},{"data":"Apotheosis","floor":13.0,"key":"SMITH"},{"floor":15.0,"key":"RECALL"},{"data":"Well Laid Plans","floor":28.0,"key":"SMITH"},{"floor":30.0,"key":"REST"},{"data":"Acrobatics","floor":32.0,"key":"SMITH"},{"floor":40,"key":"REST"},{"floor":42,"key":"REST"},{"floor":49,"key":"REST"},{"floor":52,"key":"REST"}],"circlet_count":0,"master_deck":["AscendersBane","Defend_G","Defend_G","Defend_G","Survivor","Neutralize","Adrenaline","Apotheosis+1","Concentrate","Tactician","Terror","Acrobatics+1","Blade Dance","Doppelganger","Grand Finale","Prepared","Well Laid Plans+1","Backflip+1","Escape Plan","Deep Breath","Adrenaline","Reflex"],"relics":["Ring of the Snake","REME:ComplimentaryCards","Ginger","Dream Catcher","HornCleat","Omamori","Question Card","Sozu","WingedGreaves","Ancient Tea Set","Oddly Smooth Stone","Matryoshka","Lantern","Ninja Scroll","Fusion Hammer","TungstenRod","Bottled Tornado","Toy Ornithopter","Medical Kit","Bird Faced Urn","Chemical X","Blood Vial"],"acts_visited":["Exordium","TheCity","TheBeyond","TheEnding"],"potions_floor_usage":[],"damage_taken":[{"damage":0.0,"enemies":"2 Louse","floor":1.0,"turns":4.0},{"damage":29.0,"enemies":"Gremlin Nob","floor":6.0,"turns":6.0},{"damage":8.0,"enemies":"3 Sentries","floor":8.0,"turns":12.0},{"damage":0.0,"enemies":"Jaw Worm","floor":10.0,"turns":4.0},{"damage":0.0,"enemies":"Small Slimes","floor":11.0,"turns":3.0},{"damage":0.0,"enemies":"Hexaghost","floor":16.0,"turns":8.0},{"damage":0.0,"enemies":"Shell Parasite","floor":18.0,"turns":5.0},{"damage":24.0,"enemies":"Gremlin Leader","floor":23.0,"turns":5.0},{"damage":0.0,"enemies":"Slavers","floor":24.0,"turns":2.0},{"damage":0.0,"enemies":"3 Byrds","floor":25.0,"turns":3.0},{"damage":0.0,"enemies":"Centurion and Healer","floor":27.0,"turns":5.0},{"damage":5.0,"enemies":"Book of Stabbing","floor":29.0,"turns":3.0},{"damage":5.0,"enemies":"Slavers","floor":31.0,"turns":3.0},{"damage":41.0,"enemies":"Collector","floor":33.0,"turns":8.0},{"damage":1.0,"enemies":"3 Darklings","floor":35.0,"turns":3.0},{"damage":0.0,"enemies":"2 Orb Walkers","floor":36.0,"turns":4.0},{"damage":0,"enemies":"Reptomancer","floor":41,"turns":3},{"damage":0,"enemies":"Giant Head","floor":45,"turns":2},{"damage":0,"enemies":"3 Shapes","floor":46,"turns":1},{"damage":0,"enemies":"Sphere and 2 Shapes","floor":47,"turns":2},{"damage":0,"enemies":"Awakened One","floor":50,"turns":3},{"damage":0,"enemies":"Shield and Spear","floor":54,"turns":3},{"damage":39,"enemies":"The Heart","floor":55,"turns":5}],"seed_played":"-9070049614280377950","potions_obtained":[{"floor":1.0,"key":"SpeedPotion"},{"floor":6.0,"key":"Poison Potion"},{"floor":8.0,"key":"Energy Potion"}],"is_trial":false,"path_per_floor":["M","?","?","$","?","E","R","E","T","M","M","T","R","?","R","B",null,"M","$","?","?","$","E","E","M","T","M","R","E","R","E","R","B",null,"M","?","$","?","?","R","E","R","T","$","E","M","M","$","R","B",null,"R","$","E","B",null],"character_chosen":"THE_SILENT","items_purchased":["Medical Kit","Chemical X"],"campfire_rested":6,"item_purchase_floors":[44,53],"current_hp_per_floor":[45,45,34,34,34,5,26,18,18,18,18,18,18,18,18,18,57,57,57,57,57,57,33,33,33,33,33,33,28,49,44,44,3,53,52,52,52,52,52,70,70,70,70,70,70,70,70,70,70,70,70,70,70,70,31],"gold":88,"neow_bonus":"RANDOM_COLORLESS_2","is_daily":false,"chose_seed":false,"campfire_upgraded":3,"win_rate":0.0,"timestamp":1613570304,"path_taken":["M","?","?","?","?","E","R","E","T","?","M","?","R","?","R","BOSS","M","$","?","?","$","E","E","M","T","M","R","E","R","E","R","BOSS","M","?","$","?","?","R","E","R","T","?","E","?","M","$","R","BOSS","R","$","E","BOSS"],"items_purchased_type":["Relic","Relic"],"build_version":"2020-12-22","purchased_purges":6,"victory":true,"max_hp_per_floor":[70,70,70,70,70,70,70,70,70,70,70,70,70,70,70,70,70,70,70,70,70,70,70,70,70,70,70,70,70,70,70,70,70,70,70,70,70,70,70,70,70,70,70,70,70,70,70,70,70,70,70,70,70,70,70],"card_choices":[{"not_picked":["Violence","Transmutation"],"picked":"Apotheosis","floor":0.0},{"not_picked":["Cloak And Dagger","Underhanded Strike"],"picked":"Expertise","floor":1.0},{"not_picked":["Quick Slash","Outmaneuver"],"picked":"Concentrate","floor":6.0},{"not_picked":["Deadly Poison","Noxious Fumes"],"picked":"Tactician","floor":7.0},{"not_picked":["All Out Attack","Backflip"],"picked":"Terror","floor":8.0},{"not_picked":["Underhanded Strike","Calculated Gamble"],"picked":"Acrobatics","floor":10.0},{"not_picked":["Dodge and Roll","Accuracy"],"picked":"Blade Dance","floor":11.0},{"not_picked":["Adrenaline","After Image","Unload"],"picked":"Grand Finale","floor":16.0},{"not_picked":["Finisher","Concentrate","Tactician","Dagger Spray"],"picked":"SKIP","floor":18.0},{"not_picked":["Deflect","Dodge and Roll","Bane"],"picked":"Prepared","floor":23.0},{"not_picked":["Riddle With Holes","Heel Hook","Terror"],"picked":"Well Laid Plans","floor":24.0},{"not_picked":["Dash+1","Poisoned Stab","Dagger Spray","Deadly Poison"],"picked":"SKIP","floor":25.0},{"not_picked":["Bane","Accuracy","Dagger Throw","Dagger Spray"],"picked":"SKIP","floor":27.0},{"not_picked":["Unload","Finisher","PiercingWail","Terror"],"picked":"SKIP","floor":29.0},{"not_picked":["Underhanded Strike","Dagger Spray","Prepared"],"picked":"Backflip+1","floor":30.0},{"not_picked":["Terror+1","Riddle With Holes","Outmaneuver","Dodge and Roll"],"picked":"SKIP","floor":31.0},{"not_picked":["Dagger Throw","Underhanded Strike","Cloak And Dagger","Masterful Stab"],"picked":"SKIP","floor":35.0},{"not_picked":["Concentrate+1","Distraction","Outmaneuver"],"picked":"Escape Plan","floor":36.0},{"not_picked":["Violence","Swift Strike","Panache"],"picked":"Deep Breath","floor":39},{"not_picked":["Quick Slash+1","Endless Agony+1","All Out Attack"],"picked":"Adrenaline","floor":41},{"not_picked":["Bane","Cloak And Dagger","Underhanded Strike+1","Endless Agony"],"picked":"SKIP","floor":45},{"not_picked":["Deadly Poison","Dodge and Roll","Flying Knee"],"picked":"Reflex","floor":46},{"not_picked":["Flying Knee","Outmaneuver+1","Infinite Blades","Cloak And Dagger"],"picked":"SKIP","floor":47},{"not_picked":["Blade Dance","Sucker Punch+1","Accuracy","PiercingWail"],"picked":"SKIP","floor":54}],"player_experience":117341,"relics_obtained":[{"floor":6.0,"key":"Dream Catcher"},{"floor":8.0,"key":"HornCleat"},{"floor":9.0,"key":"Omamori"},{"floor":12.0,"key":"Question Card"},{"floor":23.0,"key":"Ancient Tea Set"},{"floor":24.0,"key":"Oddly Smooth Stone"},{"floor":26.0,"key":"Matryoshka"},{"floor":29.0,"key":"Lantern"},{"floor":31.0,"key":"Ninja Scroll"},{"floor":36.0,"key":"TungstenRod"},{"floor":41,"key":"Bottled Tornado"},{"floor":43,"key":"Toy Ornithopter"},{"floor":45,"key":"Bird Faced Urn"},{"floor":54,"key":"Blood Vial"}],"event_choices":[{"damage_healed":0.0,"max_hp_gain":0.0,"max_hp_loss":0.0,"gold_gain":0.0,"event_name":"Shining Light","player_choice":"Ignored","floor":2.0,"gold_loss":0.0,"damage_taken":0.0},{"damage_healed":0.0,"max_hp_gain":0.0,"max_hp_loss":0.0,"gold_gain":75.0,"event_name":"World of Goop","player_choice":"Gather Gold","floor":3.0,"gold_loss":0.0,"damage_taken":11.0},{"damage_healed":0.0,"max_hp_gain":0.0,"max_hp_loss":0.0,"gold_gain":0.0,"event_name":"WeMeetAgain","player_choice":"Gave Potion","floor":5.0,"gold_loss":0.0,"damage_taken":0.0,"relics_obtained":["Ginger"]},{"damage_healed":0.0,"max_hp_gain":0.0,"max_hp_loss":0.0,"gold_gain":0.0,"cards_transformed":["Expertise"],"event_name":"Transmorgrifier","player_choice":"Transformed","floor":14.0,"gold_loss":0.0,"damage_taken":0.0,"cards_obtained":["Doppelganger"]},{"cards_removed":["Strike_G"],"damage_healed":0.0,"max_hp_gain":0.0,"max_hp_loss":0.0,"gold_gain":0.0,"event_name":"Back to Basics","player_choice":"Elegance","floor":20.0,"gold_loss":0.0,"damage_taken":0.0},{"damage_healed":0.0,"max_hp_gain":0.0,"max_hp_loss":0.0,"gold_gain":0.0,"event_name":"The Mausoleum","player_choice":"Opened","floor":21.0,"gold_loss":0.0,"damage_taken":0.0,"relics_obtained":["WingedGreaves"]},{"damage_healed":0.0,"max_hp_gain":0.0,"max_hp_loss":0.0,"gold_gain":0.0,"event_name":"Mysterious Sphere","player_choice":"Fight","floor":36.0,"gold_loss":0.0,"damage_taken":0.0},{"damage_healed":0.0,"max_hp_gain":0.0,"max_hp_loss":0.0,"gold_gain":0.0,"event_name":"Tomb of Lord Red Mask","player_choice":"Ignored","floor":38.0,"gold_loss":0.0,"damage_taken":0.0},{"damage_healed":0,"gold_gain":0,"player_choice":"Memory 1","damage_taken":0,"max_hp_gain":0,"max_hp_loss":0,"event_name":"SensoryStone","floor":39,"gold_loss":0}],"is_beta":false,"boss_relics":[{"not_picked":["Busted Crown","WristBlade"],"picked":"Sozu"},{"not_picked":["SacredBark","Runic Dome"],"picked":"Fusion Hammer"}],"items_purged_floors":[4,19,19,22,37,44],"is_endless":false,"potions_floor_spawned":[1,6,8,24,27,29,33,36,41,47],"ascension_level":12}}