{"host":"vk2xyavtylxbvrfq","time":1613540723,"event":{"mods":["Bard","BaseMod","Bestiary","Better Altar","Better Match","Better Note","Better Sensory Stone","Better Skull","Better Vampires","Block Reminder","Bossed Relics","Colored Map","Curses Come First","Displayed Cursed Tome","Downfall","Fox Events","Hermit","Ironclad Rager","Marked Mod","Minty Spire (QoL Compilation)","Quick Restart","Rare Cards Sparkle","Relic Sorter","Reliquary","Robot Space Explorer","StSLib","The Hayseed","The Runesmith","TheSurvivalist","Unceasing Turn Reminder"],"gold_per_floor":[114,125,125,300,300,334,40,74,150,150,150],"floor_reached":10,"language":"ENG","playtime":220,"items_purged":[],"score":129,"play_id":"0ef520b5-9b7e-487a-9e07-5be75b9b76ba","local_time":"20210217004523","is_ascension_mode":true,"campfire_choices":[],"circlet_count":0,"master_deck":["hermit:Strike_Hermit","hermit:Strike_Hermit","hermit:Strike_Hermit","hermit:Strike_Hermit","hermit:Defend_Hermit","hermit:Defend_Hermit","hermit:Defend_Hermit","hermit:Defend_Hermit","hermit:Snapshot","hermit:Covet","hermit:GhostlyPresence","hermit:CalledShot","Master of Strategy","Doubt","hermit:HighNoon","hermit:FullyLoaded"],"relics":["hermit:Momento","NeowsBlessing","Orichalcum","reliquary:Bookmark","Bag of Preparation","hermit:Spyglass","Bottled Flame"],"acts_visited":["Exordium"],"potions_floor_usage":[8],"damage_taken":[{"damage":0,"enemies":"Cultist","floor":1,"turns":1},{"damage":0,"enemies":"Jaw Worm","floor":2,"turns":1},{"damage":0,"enemies":"3 Sentries","floor":6,"turns":1},{"damage":25,"enemies":"Gremlin Nob","floor":8,"turns":5},{"damage":26,"enemies":"Lagavulin","floor":10,"turns":7}],"seed_played":"3394898412491089955","potions_obtained":[{"floor":1,"key":"BlessingOfTheForge"}],"is_trial":false,"path_per_floor":["M","M","?","?","?","E","$","E","T","E"],"character_chosen":"HERMIT","items_purchased":["reliquary:Bookmark","Bag of Preparation"],"campfire_rested":0,"item_purchase_floors":[7,7],"current_hp_per_floor":[68,68,68,68,73,73,73,48,48,22,22],"gold":150,"neow_bonus":"THREE_ENEMY_KILL","is_daily":false,"chose_seed":false,"campfire_upgraded":0,"win_rate":0.0,"timestamp":1613540723,"path_taken":["M","?","?","?","?","E","?","E","T","E"],"items_purchased_type":["Relic","Relic"],"build_version":"2020-12-22","purchased_purges":0,"victory":false,"max_hp_per_floor":[75,75,75,75,80,80,80,80,80,80,80],"card_choices":[{"not_picked":["hermit:EyeOfTheStorm","hermit:Quickdraw"],"picked":"hermit:GhostlyPresence","floor":1},{"not_picked":["hermit:LowProfile","hermit:Ricochet"],"picked":"hermit:CalledShot","floor":2},{"not_picked":["Impatience","PanicButton"],"picked":"Master of Strategy","floor":3},{"not_picked":["hermit:Virtue","hermit:Glare"],"picked":"hermit:HighNoon","floor":6},{"not_picked":["hermit:Coalescence","hermit:EternalForm"],"picked":"hermit:FullyLoaded","floor":8}],"player_experience":1400789,"relics_obtained":[{"floor":6,"key":"Orichalcum"},{"floor":8,"key":"hermit:Spyglass"},{"floor":9,"key":"Bottled Flame"}],"event_choices":[{"damage_healed":0,"gold_gain":1,"player_choice":"1","damage_taken":0,"max_hp_gain":0,"max_hp_loss":0,"event_name":"betterStone:BetterStone","floor":3,"gold_loss":0},{"damage_healed":0,"gold_gain":175,"player_choice":"AGREE","damage_taken":0,"max_hp_gain":0,"max_hp_loss":0,"event_name":"Liars Game","floor":4,"gold_loss":0,"cards_obtained":["Doubt"]},{"damage_healed":0,"gold_gain":0,"player_choice":"Donut","damage_taken":0,"max_hp_gain":5,"max_hp_loss":0,"event_name":"Big Fish","floor":5,"gold_loss":0}],"is_beta":false,"boss_relics":[],"items_purged_floors":[],"is_endless":false,"potions_floor_spawned":[1],"killed_by":"Lagavulin","ascension_level":6}}