{"host":"ul3z8ex5o8l5j7mh","time":1613590618,"event":{"mods":["AchievementEnabler","BaseMod","Bestiary","Colored Map","Colored Powertips","DeckTracker","Keyboard Shortcuts","Minty Spire (QoL Compilation)","Relic Sorter","Relic Stats","SuperFastMode"],"gold_per_floor":[113,113,124,89,101,131,131,156,156,6,6,20,35,67,67,169,169,180,104,119,119,119,119],"floor_reached":22,"language":"ENG","playtime":1031,"items_purged":["Defend_R"],"score":265,"play_id":"30785584-74e7-43f5-b9e5-93a6ffe5e1f7","local_time":"20210217203658","is_ascension_mode":true,"campfire_choices":[{"floor":7.0,"key":"REST"},{"floor":11,"key":"REST"},{"floor":15,"key":"REST"}],"circlet_count":0,"master_deck":["Strike_R","Strike_R","Strike_R","Strike_R","Strike_R","Defend_R","Defend_R","Defend_R","Bash","Shrug It Off","Armaments","Clothesline","Perfected Strike","Evolve","Combust","Juggernaut","Reaper","Combust","Feel No Pain","Blood for Blood+1"],"relics":["Runic Pyramid","Lantern","Mummified Hand","Orichalcum","Sundial","Potion Belt","SacredBark"],"acts_visited":["TheCity"],"potions_floor_usage":[8,16,22],"damage_taken":[{"damage":7.0,"enemies":"Jaw Worm","floor":1.0,"turns":3.0},{"damage":7.0,"enemies":"2 Louse","floor":3.0,"turns":2.0},{"damage":1.0,"enemies":"Small Slimes","floor":5.0,"turns":4.0},{"damage":39.0,"enemies":"3 Sentries","floor":6.0,"turns":9.0},{"damage":19,"enemies":"Lagavulin","floor":8,"turns":5},{"damage":6,"enemies":"Looter","floor":12,"turns":3},{"damage":10,"enemies":"Lots of Slimes","floor":13,"turns":2},{"damage":12,"enemies":"Gremlin Nob","floor":14,"turns":3},{"damage":33,"enemies":"Slime Boss","floor":16,"turns":9},{"damage":22,"enemies":"Chosen","floor":18,"turns":6},{"damage":29,"enemies":"2 Thieves","floor":20,"turns":5},{"damage":53,"enemies":"Shelled Parasite and Fungi","floor":22,"turns":5}],"seed_played":"5867164127188252728","potions_obtained":[{"floor":3.0,"key":"BloodPotion"},{"floor":5.0,"key":"LiquidMemories"},{"floor":8,"key":"Energy Potion"},{"floor":16,"key":"Ancient Potion"}],"is_trial":false,"path_per_floor":["M","?","M","?","M","E","R","E","T","$","R","M","M","E","R","B",null,"M","$","M","?","M"],"character_chosen":"IRONCLAD","items_purchased":["Evolve","Feel No Pain"],"campfire_rested":3,"item_purchase_floors":[10,19],"current_hp_per_floor":[65,62,55,75,74,35,59,40,40,40,64,58,48,36,60,27,67,50,50,21,21,0,0],"gold":119,"neow_bonus":"BOSS_RELIC","is_daily":false,"chose_seed":false,"campfire_upgraded":0,"win_rate":0.0,"timestamp":1613590618,"path_taken":["M","?","M","?","M","E","R","E","T","$","R","M","M","E","R","BOSS","M","$","M","?","M"],"items_purchased_type":["Card","Card"],"build_version":"2020-12-22","purchased_purges":1,"victory":false,"max_hp_per_floor":[80,80,80,80,80,80,80,80,80,80,80,80,80,80,80,80,80,80,80,80,80,80,80],"relic_stats":{"counters":[12,56],"Mummified Hand":[25],"Sundial":[4],"Orichalcum":[60],"obtain_stats":[{"Potion Belt":14,"Lantern":2,"Mummified Hand":6,"Sundial":9,"SacredBark":17,"Orichalcum":8,"Burning Blood":0,"Runic Pyramid":0},{"Potion Belt":8,"Lantern":1,"Mummified Hand":4,"Sundial":5,"SacredBark":9,"Orichalcum":5,"Burning Blood":0,"Runic Pyramid":0},{"Potion Belt":31,"Lantern":3,"Mummified Hand":18,"Sundial":23,"SacredBark":40,"Orichalcum":23,"Burning Blood":0,"Runic Pyramid":0}]},"card_choices":[{"not_picked":["Body Slam","Reckless Charge"],"picked":"Shrug It Off","floor":1.0},{"not_picked":["Spot Weakness","True Grit"],"picked":"Armaments","floor":3.0},{"not_picked":["Flex","Headbutt"],"picked":"Clothesline","floor":5.0},{"not_picked":["Burning Pact","Headbutt","Clash"],"picked":"SKIP","floor":6.0},{"not_picked":["Burning Pact","True Grit"],"picked":"Perfected Strike","floor":8},{"not_picked":["Blood for Blood","Entrench"],"picked":"Combust","floor":12},{"not_picked":["Havoc","Bloodletting","Warcry"],"picked":"SKIP","floor":13},{"not_picked":["Fire Breathing","Twin Strike"],"picked":"Juggernaut","floor":14},{"not_picked":["Immolate","Exhume"],"picked":"Reaper","floor":16},{"not_picked":["Rampage","Disarm"],"picked":"Combust","floor":18},{"not_picked":["Flex","Uppercut"],"picked":"Blood for Blood+1","floor":20}],"player_experience":395445,"relics_obtained":[{"floor":6.0,"key":"Mummified Hand"},{"floor":8,"key":"Orichalcum"},{"floor":9,"key":"Sundial"},{"floor":14,"key":"Potion Belt"}],"event_choices":[{"damage_healed":0.0,"max_hp_gain":0.0,"max_hp_loss":0.0,"gold_gain":0.0,"event_name":"Scrap Ooze","player_choice":"Success","floor":2.0,"gold_loss":0.0,"damage_taken":3.0,"relics_obtained":["Lantern"]},{"damage_healed":20.0,"max_hp_gain":0.0,"max_hp_loss":0.0,"gold_gain":0.0,"event_name":"The Cleric","player_choice":"Healed","floor":4.0,"gold_loss":35.0,"damage_taken":0.0},{"damage_healed":0,"gold_gain":0,"player_choice":"Ignored","damage_taken":0,"max_hp_gain":0,"max_hp_loss":0,"event_name":"Cursed Tome","floor":21,"gold_loss":0}],"is_beta":false,"boss_relics":[{"not_picked":["Empty Cage","Coffee Dripper"],"picked":"SacredBark"}],"items_purged_floors":[10],"is_endless":false,"potions_floor_spawned":[3,5,8,16],"killed_by":"Shelled Parasite and Fungi","ascension_level":6}}