{"host":"9rqxlbwknj581inl","time":1613539406,"event":{"mods":["BaseMod","Colored Map","Colored Powertips","Minty Spire (QoL Compilation)","Quick Restart","Random Character Mod"],"gold_per_floor":[116,116,34,134,154,184,198,224,224],"floor_reached":8,"language":"ENG","playtime":409,"items_purged":[],"score":91,"play_id":"8948cda9-3e99-486f-bece-c012dfc2d28e","local_time":"20210216222326","is_ascension_mode":false,"campfire_choices":[],"circlet_count":0,"master_deck":["Strike_B","Strike_B","Strike_B","Strike_B","Defend_B","Defend_B","Defend_B","Defend_B","Zap","Dualcast","Inflame","Ball Lightning","Glacier","Hologram","Ball Lightning","Conserve Battery"],"relics":["Cracked Core","NeowsBlessing","Frozen Egg 2","Boot"],"acts_visited":["Exordium"],"potions_floor_usage":[8],"damage_taken":[{"damage":0,"enemies":"Jaw Worm","floor":1,"turns":1},{"damage":0,"enemies":"Cultist","floor":5,"turns":1},{"damage":0,"enemies":"Lagavulin","floor":6,"turns":1},{"damage":1,"enemies":"Small Slimes","floor":7,"turns":2},{"damage":30,"enemies":"Gremlin Nob","floor":8,"turns":5}],"seed_played":"-7313695056000275968","potions_obtained":[{"floor":1,"key":"Dexterity Potion"},{"floor":6,"key":"Swift Potion"},{"floor":7,"key":"Fruit Juice"}],"is_trial":false,"path_per_floor":["M","?","$","?","M","E","M","E"],"character_chosen":"DEFECT","items_purchased":["Ball Lightning","Glacier"],"campfire_rested":0,"item_purchase_floors":[3,3],"current_hp_per_floor":[75,75,75,75,75,75,74,49,49],"gold":224,"neow_bonus":"THREE_ENEMY_KILL","is_daily":false,"chose_seed":false,"campfire_upgraded":0,"win_rate":0.0,"timestamp":1613539406,"path_taken":["M","?","?","?","M","E","?","E"],"items_purchased_type":["Card","Card"],"build_version":"2020-12-22","purchased_purges":0,"victory":false,"max_hp_per_floor":[75,75,75,75,75,75,75,80,80],"card_choices":[{"not_picked":["Darkness","Reinforced Body"],"picked":"Streamline","floor":1},{"not_picked":["White Noise","Sweeping Beam"],"picked":"Hologram","floor":5},{"not_picked":["Coolheaded","Chill"],"picked":"Ball Lightning","floor":6},{"not_picked":["Coolheaded","Steam"],"picked":"Conserve Battery","floor":7}],"player_experience":119780,"relics_obtained":[{"floor":6,"key":"Frozen Egg 2"},{"floor":8,"key":"Boot"}],"event_choices":[{"cards_removed":["Streamline"],"damage_healed":0,"gold_gain":0,"player_choice":"Took Card","damage_taken":0,"max_hp_gain":0,"max_hp_loss":0,"event_name":"NoteForYourself","floor":2,"gold_loss":0,"cards_obtained":["Inflame"]},{"damage_healed":0,"gold_gain":100,"player_choice":"Pray","damage_taken":0,"max_hp_gain":0,"max_hp_loss":0,"event_name":"Golden Shrine","floor":4,"gold_loss":0}],"is_beta":false,"boss_relics":[],"items_purged_floors":[],"is_endless":false,"potions_floor_spawned":[1,6,7],"killed_by":"Gremlin Nob","ascension_level":0}}