{"host":"7m635teefjn47zxe","time":1613572080,"event":{"mods":["BaseMod","Colored Map","Minty Spire (QoL Compilation)","Permanent Neow","Relic Stats","StSLib","everything is the same but u backflip on backflip"],"gold_per_floor":[112,287,287,300,316,316,644,644,644,644,656,668,699,699,699,804,804,814,828,918,932,943,943,943],"floor_reached":23,"language":"ENG","playtime":822,"items_purged":[],"score":315,"play_id":"f5671ea9-f2c9-4dc3-881c-61397db4604f","local_time":"20210217152800","is_ascension_mode":true,"campfire_choices":[{"data":"Armaments","floor":6,"key":"SMITH"},{"data":"Cleave","floor":8,"key":"SMITH"},{"data":"Bash","floor":10,"key":"SMITH"},{"data":"Bludgeon","floor":15,"key":"SMITH"}],"circlet_count":0,"master_deck":["AscendersBane","Strike_R","Strike_R","Strike_R","Strike_R","Strike_R","Defend_R","Defend_R","Defend_R","Defend_R","Bash+1","Doubt","Reaper","Cleave+1","Doubt","Armaments+1","Iron Wave","Bludgeon+1","Cleave","Regret","Warcry+1","Anger+1","Infernal Blade"],"relics":["Burning Blood","StrikeDummy","Old Coin","Blue Candle","Orichalcum","Happy Flower","Cursed Key"],"acts_visited":["Exordium","TheCity"],"potions_floor_usage":[7,13,21,22],"damage_taken":[{"damage":23,"enemies":"Cultist","floor":1,"turns":6},{"damage":0,"enemies":"Small Slimes","floor":4,"turns":3},{"damage":1,"enemies":"2 Louse","floor":5,"turns":3},{"damage":19,"enemies":"3 Sentries","floor":7,"turns":11},{"damage":8,"enemies":"Looter","floor":11,"turns":3},{"damage":11,"enemies":"Red Slaver","floor":12,"turns":4},{"damage":17,"enemies":"Gremlin Nob","floor":13,"turns":3},{"damage":47,"enemies":"Hexaghost","floor":16,"turns":9},{"damage":23,"enemies":"3 Byrds","floor":18,"turns":4},{"damage":15,"enemies":"Shell Parasite","floor":19,"turns":4},{"damage":1,"enemies":"Sentry and Sphere","floor":21,"turns":3},{"damage":6,"enemies":"Cultist and Chosen","floor":22,"turns":4},{"damage":42,"enemies":"Slavers","floor":23,"turns":2}],"seed_played":"7184841511907895622","potions_obtained":[{"floor":1,"key":"HeartOfIron"},{"floor":7,"key":"AttackPotion"}],"is_trial":false,"path_per_floor":["M","?","?","M","M","R","E","R","T","R","M","M","E","?","R","B",null,"M","M","?","M","M","E"],"character_chosen":"IRONCLAD","items_purchased":[],"campfire_rested":0,"item_purchase_floors":[],"current_hp_per_floor":[55,55,52,65,70,70,67,67,67,67,65,66,55,55,55,14,64,54,50,25,30,38,0,0],"gold":943,"neow_bonus":"THREE_RARE_CARDS","is_daily":false,"chose_seed":false,"campfire_upgraded":4,"win_rate":0.0,"timestamp":1613572080,"path_taken":["M","?","?","M","M","R","E","R","T","R","M","M","E","?","R","BOSS","M","M","?","?","M","E"],"items_purchased_type":[],"build_version":"2020-12-22","purchased_purges":0,"victory":false,"max_hp_per_floor":[80,80,80,80,80,80,80,80,80,80,80,80,80,80,80,80,80,80,80,80,80,80,80,80],"relic_stats":{"Happy Flower":[8],"counters":[13,59],"Blue Candle":[19],"Orichalcum":[60],"Cursed Key":0,"obtain_stats":[{"Happy Flower":14,"Blue Candle":9,"Orichalcum":13,"StrikeDummy":3,"Cursed Key":17,"Burning Blood":0,"Old Coin":7},{"Happy Flower":7,"Blue Candle":4,"Orichalcum":7,"StrikeDummy":1,"Cursed Key":8,"Burning Blood":0,"Old Coin":4},{"Happy Flower":33,"Blue Candle":23,"Orichalcum":33,"StrikeDummy":6,"Cursed Key":42,"Burning Blood":0,"Old Coin":23}],"Burning Blood":72},"card_choices":[{"not_picked":["Barricade","Exhume"],"picked":"Reaper","floor":0},{"not_picked":["Perfected Strike","Armaments"],"picked":"Cleave","floor":1},{"not_picked":["Heavy Blade","Havoc"],"picked":"Armaments","floor":4},{"not_picked":["Havoc","Second Wind","Headbutt"],"picked":"SKIP","floor":5},{"not_picked":["Combust","Dual Wield"],"picked":"Iron Wave","floor":7},{"not_picked":["Wild Strike","Body Slam","Clash"],"picked":"SKIP","floor":11},{"not_picked":["Sword Boomerang","Iron Wave"],"picked":"Bludgeon","floor":12},{"not_picked":["Sever Soul","Twin Strike"],"picked":"Cleave","floor":13},{"not_picked":["Headbutt","Havoc","Heavy Blade"],"picked":"SKIP","floor":18},{"not_picked":["Sever Soul","Armaments"],"picked":"Warcry+1","floor":19},{"not_picked":["Warcry","Metallicize"],"picked":"Anger+1","floor":21},{"not_picked":["Headbutt","Perfected Strike"],"picked":"Infernal Blade","floor":22}],"player_experience":189864,"relics_obtained":[{"floor":7,"key":"Old Coin"},{"floor":9,"key":"Blue Candle"},{"floor":13,"key":"Orichalcum"}],"event_choices":[{"damage_healed":0,"gold_gain":175,"player_choice":"AGREE","damage_taken":0,"max_hp_gain":0,"max_hp_loss":0,"event_name":"Liars Game","floor":2,"gold_loss":0,"cards_obtained":["Doubt"]},{"damage_healed":0,"gold_gain":0,"player_choice":"Success","damage_taken":3,"relics_obtained":["StrikeDummy"],"max_hp_gain":0,"max_hp_loss":0,"event_name":"Scrap Ooze","floor":3,"gold_loss":0},{"damage_healed":0,"gold_gain":0,"player_choice":"Box","damage_taken":0,"relics_obtained":["Happy Flower"],"max_hp_gain":0,"max_hp_loss":0,"event_name":"Big Fish","floor":14,"gold_loss":0,"cards_obtained":["Regret"]},{"damage_healed":0,"gold_gain":90,"player_choice":"POTION POTION GOLD ","damage_taken":25,"max_hp_gain":0,"max_hp_loss":0,"event_name":"Knowing Skull","floor":20,"potions_obtained":["LiquidMemories","DuplicationPotion"],"gold_loss":0,"cards_obtained":[]}],"is_beta":false,"boss_relics":[{"not_picked":["Fusion Hammer","Tiny House"],"picked":"Cursed Key"}],"items_purged_floors":[],"is_endless":false,"potions_floor_spawned":[1,7],"killed_by":"Slavers","ascension_level":11}}