{"host":"h49usdrjeju7gyhi","time":1613523976,"event":{"mods":["BaseMod","Colored Map","Minty Spire (QoL Compilation)","StSLib","The Animator"],"gold_per_floor":[121,134,151,174,199,199,238,238,238,238,267,280,311,347,347,443,443,460,137,157,173,184,209,209,228,255,255,265,265,284,304,304,406,406,425,77,93,144,163,163,438,461,461,484,495,495,526,551,551,555,555,555,28,66,70],"floor_reached":56,"language":"ENG","playtime":6749,"items_purged":["animator:Strike"],"score":1221,"play_id":"7d17e511-e5ae-46ba-a4c2-76312500b785","local_time":"20210216200616","is_ascension_mode":false,"campfire_choices":[{"data":"animator:SuzuneAmano","floor":6.0,"key":"SMITH"},{"floor":8.0,"key":"REST"},{"data":"animator:Shiro","floor":10.0,"key":"SMITH"},{"floor":15.0,"key":"REST"},{"floor":24.0,"key":"REST"},{"floor":27.0,"key":"REST"},{"floor":29.0,"key":"REST"},{"floor":32.0,"key":"REST"},{"floor":40.0,"key":"DIG"},{"floor":46.0,"key":"RECALL"},{"floor":49.0,"key":"DIG"},{"floor":52.0,"key":"DIG"}],"circlet_count":0,"master_deck":["animator:Strike_MadokaMagica","animator:Defend_MadokaMagica","animator:Strike","animator:Defend+1","animator:Defend+1","animator:Defend+1","animator:IrohaTamaki","animator:YuiTsuruno","animator:HighElfArcher","animator:SuzuneAmano+1","animator:KyokoSakura","animator:Ara","animator:MamiTomoe","animator:Shuna","animator:Shiro+1","animator:DolaCouronne+1","animator:HomuraAkemi+1","animator:FielNirvalen","animator:OrikoMikuni+1","animator:HomuraAkemi+1","animator:WinryRockbell+1","animator:YachiyoNanami","animator:SayakaMiki+1","animator:Sora+1","animator:YuiTsuruno","animator:Kaijin","animator:NagisaMomoe+1","animator:Witch+1","animator:Priestess+1","animator:Rena+1","animator:FeridBathory","animator:OrikoMikuni+1","animator:MadokaKaname+1","animator:Patchouli","animator:WinryRockbell","animator:GuildGirl","Regret","animator:GazelDwargon+1","animator:Elesis","animator:Shuna+1","animator:MisaKurobane+1","animator:YachiyoNanami"],"relics":["animator:VividPicture","animator:TheMissingPiece","Toxic Egg 2","animator:OldCoffin","Oddly Smooth Stone","animator:HolyGrailRelic","Blood Vial","animator:Buoy","Shovel","War Paint","animator:EngravedStaff","Gremlin Horn","Paper Frog","Du-Vu Doll","OrangePellets","Nunchaku"],"acts_visited":["Exordium","TheCity","TheBeyond","TheEnding"],"potions_floor_usage":[55,55],"damage_taken":[{"damage":0.0,"enemies":"Cultist","floor":1.0,"turns":4.0},{"damage":1.0,"enemies":"Jaw Worm","floor":2.0,"turns":3.0},{"damage":0.0,"enemies":"2 Louse","floor":3.0,"turns":2.0},{"damage":11.0,"enemies":"Lots of Slimes","floor":4.0,"turns":3.0},{"damage":17.0,"enemies":"Exordium Thugs","floor":5.0,"turns":3.0},{"damage":15.0,"enemies":"3 Sentries","floor":7.0,"turns":6.0},{"damage":22.0,"enemies":"Gremlin Nob","floor":11.0,"turns":4.0},{"damage":1.0,"enemies":"Large Slime","floor":12.0,"turns":5.0},{"damage":0.0,"enemies":"Looter","floor":13.0,"turns":4.0},{"damage":21.0,"enemies":"Exordium Wildlife","floor":14.0,"turns":6.0},{"damage":12.0,"enemies":"Slime Boss","floor":16.0,"turns":9.0},{"damage":21.0,"enemies":"Shell Parasite","floor":18.0,"turns":8.0},{"damage":11.0,"enemies":"3 Byrds","floor":20.0,"turns":7.0},{"damage":11.0,"enemies":"Snake Plant","floor":21.0,"turns":5.0},{"damage":3.0,"enemies":"3 Cultists","floor":22.0,"turns":8.0},{"damage":23.0,"enemies":"Slavers","floor":23.0,"turns":5.0},{"damage":32.0,"enemies":"Cultist and Chosen","floor":25.0,"turns":11.0},{"damage":7.0,"enemies":"Snake Plant","floor":28.0,"turns":5.0},{"damage":24.0,"enemies":"3 Cultists","floor":30.0,"turns":6.0},{"damage":5.0,"enemies":"Shelled Parasite and Fungi","floor":31.0,"turns":5.0},{"damage":24.0,"enemies":"Champ","floor":33.0,"turns":11.0},{"damage":0.0,"enemies":"Orb Walker","floor":35.0,"turns":7.0},{"damage":24.0,"enemies":"3 Darklings","floor":37.0,"turns":11.0},{"damage":48.0,"enemies":"2 Orb Walkers","floor":38.0,"turns":8.0},{"damage":4.0,"enemies":"Transient","floor":39.0,"turns":7.0},{"damage":3.0,"enemies":"Spire Growth","floor":42.0,"turns":9.0},{"damage":23.0,"enemies":"Jaw Worm Horde","floor":44.0,"turns":8.0},{"damage":6.0,"enemies":"4 Shapes","floor":45.0,"turns":8.0},{"damage":22.0,"enemies":"Reptomancer","floor":47.0,"turns":6.0},{"damage":6.0,"enemies":"3 Darklings","floor":48.0,"turns":9.0},{"damage":32.0,"enemies":"Time Eater","floor":50.0,"turns":13.0},{"damage":68,"enemies":"Shield and Spear","floor":54,"turns":12},{"damage":1,"enemies":"The Heart","floor":55,"turns":13}],"seed_played":"2768174240451000679","potions_obtained":[{"floor":1.0,"key":"FearPotion"},{"floor":5.0,"key":"LiquidBronze"},{"floor":11.0,"key":"FearPotion"},{"floor":12.0,"key":"animator:GrowthPotion"},{"floor":13.0,"key":"Dexterity Potion"},{"floor":21.0,"key":"AttackPotion"},{"floor":23.0,"key":"FearPotion"},{"floor":25.0,"key":"Fruit Juice"},{"floor":30.0,"key":"Energy Potion"},{"floor":31.0,"key":"Block Potion"},{"floor":42.0,"key":"SteroidPotion"},{"floor":44.0,"key":"GamblersBrew"},{"floor":45.0,"key":"DuplicationPotion"},{"floor":54,"key":"DuplicationPotion"}],"is_trial":false,"path_per_floor":["M","M","M","M","M","R","E","R","T","R","E","M","M","M","R","B",null,"M","$","M","M","M","E","R","M","T","R","M","R","M","M","R","B",null,"M","$","M","?","M","R","?","M","T","M","M","R","E","M","R","B",null,"R","$","E","B",null],"character_chosen":"THE_ANIMATOR","items_purchased":["animator:YachiyoNanami","animator:SayakaMiki+1","animator:Sora+1","animator:MadokaKaname+1","animator:Patchouli","animator:MisaKurobane+1","Du-Vu Doll","OrangePellets"],"campfire_rested":6,"item_purchase_floors":[19,19,19,36,36,53,53,53],"current_hp_per_floor":[66,66,66,55,38,38,23,43,43,43,22,22,22,1,21,9,77,58,58,47,39,36,13,34,6,6,27,29,52,32,31,55,33,80,82,82,72,26,38,38,38,49,49,42,50,50,51,47,47,19,75,75,75,16,29],"gold":70,"neow_bonus":"TRANSFORM_CARD","is_daily":false,"chose_seed":false,"campfire_upgraded":2,"win_rate":0.0,"timestamp":1613523976,"path_taken":["M","M","M","M","M","R","E","R","T","R","E","M","M","M","R","BOSS","M","$","M","M","M","E","R","?","T","R","M","R","M","M","R","BOSS","M","$","M","?","M","R","?","?","T","M","M","R","E","M","R","BOSS","R","$","E","BOSS"],"items_purchased_type":["Card","Card","Card","Card","Card","Card","Relic","Relic"],"build_version":"2020-12-22","purchased_purges":1,"victory":true,"max_hp_per_floor":[66,67,67,67,67,67,67,67,67,67,68,69,69,69,69,69,77,79,79,76,79,76,73,73,72,72,72,79,79,81,83,83,80,80,82,82,84,81,83,83,83,80,80,82,79,79,76,73,73,75,75,75,75,72,69],"card_choices":[{"not_picked":["animator:CowGirl","animator:DolaSchwi"],"picked":"animator:SuzuneAmano","floor":1.0},{"not_picked":["animator:FielNirvalen","animator:Lu"],"picked":"animator:KyokoSakura","floor":2.0},{"not_picked":["animator:Ciel","animator:Yuuichirou"],"picked":"animator:Ara","floor":3.0},{"not_picked":["animator:OrikoMikuni","animator:KyokoSakura"],"picked":"animator:MamiTomoe","floor":4.0},{"not_picked":["animator:HiiragiShinya","animator:Hakurou"],"picked":"animator:Shuna","floor":5.0},{"not_picked":["animator:Jibril","animator:Mikaela"],"picked":"animator:Shiro","floor":7.0},{"not_picked":["animator:CrowleyEusford","animator:Mitsuba"],"picked":"animator:DolaCouronne+1","floor":11.0},{"not_picked":["animator:YachiyoNanami","animator:YuiTsuruno"],"picked":"animator:HomuraAkemi+1","floor":12.0},{"not_picked":["animator:Mitsuba","animator:Spearman"],"picked":"animator:FielNirvalen","floor":13.0},{"not_picked":["animator:Shuna+1","animator:CrowleyEusford"],"picked":"animator:OrikoMikuni+1","floor":14.0},{"not_picked":["animator:Father+1","animator:Shiro"],"picked":"animator:HomuraAkemi+1","floor":16.0},{"not_picked":["animator:Elsword+1","animator:ElricEdward"],"picked":"animator:WinryRockbell+1","floor":18.0},{"not_picked":["animator:KyokoSakura","animator:YachiyoNanami"],"picked":"animator:YuiTsuruno","floor":20.0},{"not_picked":["animator:Pride+1","animator:MamiTomoe"],"picked":"animator:Kaijin","floor":21.0},{"not_picked":["animator:Shion","animator:Jibril","animator:Yoichi+1"],"picked":"SKIP","floor":22.0},{"not_picked":["animator:ElricAlphonse+1","animator:RoyMustang","animator:GoblinSlayer"],"picked":"SKIP","floor":23.0},{"not_picked":["animator:KyokoSakura","animator:SayakaMiki+1"],"picked":"animator:NagisaMomoe+1","floor":25.0},{"not_picked":["animator:LizardPriest+1","animator:Lu"],"picked":"animator:Witch+1","floor":28.0},{"not_picked":["animator:DwarfShaman+1","animator:CowGirl+1"],"picked":"animator:Priestess+1","floor":30.0},{"not_picked":["animator:KrulTepes","animator:Spearman"],"picked":"animator:Rena+1","floor":31.0},{"not_picked":["animator:Eve","animator:Sora+1"],"picked":"animator:FeridBathory","floor":33.0},{"not_picked":["animator:KyokoSakura","animator:SuzuneAmano"],"picked":"animator:OrikoMikuni+1","floor":35.0},{"not_picked":["animator:DolaCouronne+1","animator:LizardPriest+1","animator:Shion"],"picked":"SKIP","floor":37.0},{"not_picked":["animator:LizardPriest+1","animator:Ara+1"],"picked":"animator:WinryRockbell","floor":38.0},{"not_picked":["animator:Aisha+1","animator:KrulTepes+1"],"picked":"animator:GuildGirl","floor":39.0},{"not_picked":["animator:Elsword+1","animator:Benimaru"],"picked":"animator:GazelDwargon+1","floor":42.0},{"not_picked":["animator:Aisha","animator:Raven"],"picked":"animator:Elesis","floor":44.0},{"not_picked":["animator:DolaSchwi+1","animator:DwarfShaman","animator:HighElfArcher+1"],"picked":"SKIP","floor":45.0},{"not_picked":["animator:DolaSchwi+1","animator:DwarfShaman","animator:HighElfArcher+1"],"picked":"SKIP","floor":45.0},{"not_picked":["animator:Scar+1","animator:Laby+1","animator:Spearman+1"],"picked":"SKIP","floor":47.0},{"not_picked":["animator:Gluttony+1","animator:CrowleyEusford+1"],"picked":"animator:Shuna+1","floor":48.0},{"not_picked":["animator:IrohaTamaki","animator:MamiTomoe"],"picked":"animator:YachiyoNanami","floor":54}],"player_experience":1581582,"relics_obtained":[{"floor":7.0,"key":"Toxic Egg 2"},{"floor":9.0,"key":"animator:OldCoffin"},{"floor":11.0,"key":"Oddly Smooth Stone"},{"floor":23.0,"key":"Blood Vial"},{"floor":26.0,"key":"animator:Buoy"},{"floor":38.0,"key":"Shovel"},{"floor":40.0,"key":"War Paint"},{"floor":47.0,"key":"animator:EngravedStaff"},{"floor":49.0,"key":"Gremlin Horn"},{"floor":52.0,"key":"Paper Frog"},{"floor":54,"key":"Nunchaku"}],"event_choices":[{"damage_healed":0.0,"max_hp_gain":0.0,"max_hp_loss":0.0,"gold_gain":0.0,"event_name":"Mysterious Sphere","player_choice":"Fight","floor":38.0,"gold_loss":0.0,"damage_taken":0.0},{"damage_healed":0.0,"max_hp_gain":0.0,"max_hp_loss":0.0,"gold_gain":275.0,"event_name":"Golden Shrine","player_choice":"Desecrate","floor":41.0,"gold_loss":0.0,"damage_taken":0.0,"cards_obtained":["Regret"]}],"is_beta":false,"boss_relics":[{"not_picked":["Astrolabe","Fusion Hammer"],"picked":"animator:HolyGrailRelic"},{"not_picked":["SacredBark","Busted Crown"],"picked":"animator:VividPicture"}],"items_purged_floors":[19],"is_endless":false,"potions_floor_spawned":[1,5,11,12,13,21,23,25,30,31,42,44,45,54],"ascension_level":0}}