{"host":"o98f72bjn8jxgroo","time":1613585173,"event":{"mods":["Act Like it!","BaseMod","GifTheSpireLib","Minty Spire (QoL Compilation)","Morshu Shopkeeper","Relic Stats","Ruina","Shapeshifter Mod","Smile Girya","Spicy Shops","StSLib"],"gold_per_floor":[118,118,118,137,148,148,163,163,163,163,182,199,211,238,238,335,335,346,346,346,359,359,359,359,359],"floor_reached":24,"language":"PTB","playtime":1232,"items_purged":[],"score":198,"play_id":"b2e2b1e6-668c-47b9-af4e-84f09f715fc9","local_time":"20210217160613","is_ascension_mode":false,"campfire_choices":[{"data":"Berserk","floor":6,"key":"SMITH"},{"data":"Bash","floor":8,"key":"SMITH"},{"data":"Sever Soul","floor":10,"key":"SMITH"},{"data":"Dropkick","floor":15,"key":"SMITH"},{"data":"Carnage","floor":23,"key":"SMITH"}],"circlet_count":0,"master_deck":["Strike_R","Strike_R","Strike_R","Strike_R","Strike_R","Defend_R","Defend_R","Defend_R","Defend_R","Bash+1","Berserk+1","Disarm+1","Dropkick+1","Sever Soul+1","Intimidate","Carnage+1","Reckless Charge","Limit Break"],"relics":["Black Blood","Akabeko","The Courier","ruina:Prescript","StrikeDummy"],"acts_visited":["Exordium","ruina:Briah"],"potions_floor_usage":[13,16,24],"damage_taken":[{"damage":8,"enemies":"2 Louse","floor":1,"turns":2},{"damage":11,"enemies":"Jaw Worm","floor":4,"turns":4},{"damage":8,"enemies":"Cultist","floor":5,"turns":4},{"damage":19,"enemies":"3 Louse","floor":7,"turns":4},{"damage":11,"enemies":"Red Slaver","floor":11,"turns":3},{"damage":6,"enemies":"2 Fungi Beasts","floor":12,"turns":2},{"damage":7,"enemies":"Gremlin Gang","floor":13,"turns":4},{"damage":24,"enemies":"Lagavulin","floor":14,"turns":4},{"damage":14,"enemies":"Slime Boss","floor":16,"turns":9},{"damage":60,"enemies":"ruina:BadWolf","floor":18,"turns":6},{"damage":6,"enemies":"ruina:Nosferatu","floor":21,"turns":3},{"damage":44,"enemies":"ruina:KnightOfDespair","floor":24,"turns":5}],"seed_played":"8327315813511586722","potions_obtained":[{"floor":1,"key":"EssenceOfSteel"},{"floor":5,"key":"ElixirPotion"},{"floor":12,"key":"AttackPotion"},{"floor":13,"key":"GamblersBrew"},{"floor":18,"key":"ColorlessPotion"}],"is_trial":false,"path_per_floor":["M","?","?","M","M","R","M","R","T","R","M","M","M","E","R","B",null,"M","?","T","M","?","R","M"],"character_chosen":"IRONCLAD","items_purchased":[],"campfire_rested":0,"item_purchase_floors":[],"current_hp_per_floor":[70,70,70,65,63,63,50,50,50,50,45,45,44,26,26,18,72,24,24,24,30,42,42,0,0],"gold":359,"neow_bonus":"THREE_RARE_CARDS","is_daily":false,"chose_seed":false,"campfire_upgraded":5,"win_rate":0.0,"timestamp":1613585173,"path_taken":["M","?","?","M","M","R","M","R","T","R","M","M","M","E","R","BOSS","M","?","?","?","?","R","M"],"items_purchased_type":[],"build_version":"2020-12-22","purchased_purges":0,"victory":false,"max_hp_per_floor":[72,72,72,72,72,72,72,72,72,72,72,72,72,72,72,72,72,72,72,72,72,84,84,84,84],"relic_stats":{"counters":[12,50],"Black Blood":78,"obtain_stats":[{"Black Blood":17,"The Courier":14,"ruina:Prescript":19,"StrikeDummy":20,"Burning Blood":0,"Akabeko":9},{"Black Blood":9,"The Courier":8,"ruina:Prescript":10,"StrikeDummy":10,"Burning Blood":0,"Akabeko":4},{"Black Blood":36,"The Courier":27,"ruina:Prescript":42,"StrikeDummy":42,"Burning Blood":0,"Akabeko":14}]},"card_choices":[{"not_picked":["Offering","Bludgeon"],"picked":"Berserk","floor":0},{"not_picked":["Rampage","Dropkick"],"picked":"Disarm","floor":1},{"not_picked":["Feel No Pain","Cleave","Iron Wave"],"picked":"SKIP","floor":4},{"not_picked":["Perfected Strike","Heavy Blade"],"picked":"Dropkick","floor":5},{"not_picked":["Wild Strike","Anger"],"picked":"Sever Soul","floor":7},{"not_picked":["Wild Strike","Thunderclap"],"picked":"Intimidate","floor":11},{"not_picked":["Clothesline","Sword Boomerang"],"picked":"Carnage","floor":12},{"not_picked":["Ghostly Armor","Thunderclap","Dual Wield"],"picked":"SKIP","floor":13},{"not_picked":["Second Wind","Body Slam"],"picked":"Reckless Charge","floor":14},{"not_picked":["Barricade","Impervious"],"picked":"Limit Break","floor":16},{"not_picked":["Searing Blow","Body Slam","Thunderclap"],"picked":"SKIP","floor":18},{"not_picked":["Sword Boomerang","Warcry","Pommel Strike+1"],"picked":"SKIP","floor":21}],"player_experience":307822,"relics_obtained":[{"floor":9,"key":"Akabeko"},{"floor":14,"key":"The Courier"},{"floor":20,"key":"StrikeDummy"}],"event_choices":[{"damage_healed":0,"gold_gain":0,"player_choice":"Leave","damage_taken":0,"max_hp_gain":0,"max_hp_loss":0,"event_name":"The Cleric","floor":2,"gold_loss":0},{"damage_healed":0,"gold_gain":0,"player_choice":"Grow","damage_taken":0,"max_hp_gain":0,"max_hp_loss":0,"event_name":"Living Wall","floor":3,"gold_loss":0,"cards_upgraded":["Disarm"]}],"is_beta":false,"boss_relics":[{"not_picked":["Philosopher\u0027s Stone","Empty Cage"],"picked":"Black Blood"}],"items_purged_floors":[],"is_endless":false,"potions_floor_spawned":[1,5,12,13,18],"killed_by":"ruina:KnightOfDespair","ascension_level":0}}