{"host":"qz0goigh82dax5l2","time":1613550323,"event":{"mods":["Act Like it!","Alarm Clock","BaseMod","Energized Spire","GungeonMod","Hallownest","Minty Spire (QoL Compilation)","Quick Restart","Reliquary","StSLib","¡¾ÒÅÎï¿¨ÅÆ¡¿REMEMod"],"gold_per_floor":[114,114,125,144,144,175,186,219,219,219,219,219,249,280,280,384,384,402,134,147,147,159,159,188,188,214,214,214,239,251,251],"floor_reached":30,"language":"ZHS","playtime":2312,"items_purged":[],"score":286,"play_id":"5db530af-8eaf-44ad-abf0-0b18cb2fbdd6","local_time":"20210217162523","is_ascension_mode":false,"campfire_choices":[{"floor":11,"key":"REST"},{"floor":15,"key":"RECALL"},{"data":"DemoMod:ShadowBullets","floor":23,"key":"SMITH"},{"floor":25,"key":"REST"}],"circlet_count":0,"master_deck":["DemoMod:Defend_Huntress","DemoMod:Defend_Huntress","DemoMod:Defend_Huntress+1","DemoMod:Defend_Huntress","DemoMod:Roll","DemoMod:ManualReload","DemoMod:RustySidearm","DemoMod:CrossBow","Self Repair+1","DemoMod:TripleGun","DemoMod:ShadowBullets+1","DemoMod:AWP","DemoMod:Unmoved","DemoMod:EasyReloadBullets","DemoMod:ConditionalReflex","DemoMod:FortunesFavor","DemoMod:TeaPot","DemoMod:DarkMarker","DemoMod:FullFirepower","DemoMod:Elimentaler","DemoMod:HuntsMan+1","DemoMod:GunstockTap","DemoMod:ProbeStrike","DemoMod:BattleInHaste","DemoMod:FastSwitch","DemoMod:SkilledReload","DemoMod:StickyCrossBow","DemoMod:BlackHoleGun","DemoMod:AC15","DemoMod:HungryBullets","DemoMod:PotionOfGunFriendShip","DemoMod:BoxingGlove"],"relics":["DemoMod:Dog","REME_ComplimentaryCards","NeowsBlessing","DemoMod:Metronome","Lizard Tail","TungstenRod","Hallownest:DreamNailRelic","reliquary:PartyBalloon","SacredBark","DemoMod:HoleyGrail","Nunchaku","MawBank"],"acts_visited":["Exordium","TheCity"],"potions_floor_usage":[6,8,16,22,24],"damage_taken":[{"damage":0,"enemies":"Hallownest:2_MossCreeps","floor":1,"turns":1},{"damage":0,"enemies":"2_ Uuma","floor":3,"turns":1},{"damage":0,"enemies":"Hallownest:monsterHuskWarrior","floor":4,"turns":1},{"damage":1,"enemies":"Hallownest:eliteVengeflyKing","floor":6,"turns":8},{"damage":0,"enemies":"Hallownest:monsterMossCharger","floor":7,"turns":4},{"damage":42,"enemies":"Hallownest:eliteMossKnight","floor":8,"turns":7},{"damage":4,"enemies":"Hallownest:monsterAspidMother","floor":12,"turns":3},{"damage":6,"enemies":"Hallownest:Guard_and_Warrior","floor":13,"turns":10},{"damage":8,"enemies":"Hallownest:eliteVengeflyKing","floor":14,"turns":5},{"damage":64,"enemies":"Hallownest:BossHornet","floor":16,"turns":17},{"damage":0,"enemies":"3 Byrds","floor":18,"turns":5},{"damage":9,"enemies":"Chosen","floor":20,"turns":5},{"damage":16,"enemies":"Centurion and Healer","floor":22,"turns":8},{"damage":19,"enemies":"Gremlin Leader","floor":24,"turns":4},{"damage":85,"enemies":"Slavers","floor":29,"turns":6},{"damage":20,"enemies":"Shelled Parasite and Fungi","floor":30,"turns":4}],"seed_played":"2903643455487406162","potions_obtained":[{"floor":1,"key":"Dexterity Potion"},{"floor":4,"key":"Dexterity Potion"},{"floor":7,"key":"Block Potion"},{"floor":16,"key":"Dexterity Potion"},{"floor":20,"key":"EssenceOfSteel"},{"floor":22,"key":"DistilledChaos"},{"floor":29,"key":"AttackPotion"}],"is_trial":false,"path_per_floor":["M","?","M","M","?","E","M","E","T","?","R","M","M","E","R","B",null,"M","$","M","?","M","R","E","R","T","?","?","E","M"],"character_chosen":"HUNTRESS","items_purchased":["DemoMod:GunstockTap","DemoMod:ProbeStrike","DemoMod:BattleInHaste","DemoMod:FastSwitch","DemoMod:SkilledReload"],"campfire_rested":2,"item_purchase_floors":[19,19,19,19,19],"current_hp_per_floor":[70,70,70,70,70,70,70,38,38,38,59,65,69,70,70,6,70,70,70,61,61,55,55,46,67,67,67,67,17,0,0],"gold":251,"neow_bonus":"THREE_ENEMY_KILL","is_daily":false,"chose_seed":false,"campfire_upgraded":1,"win_rate":0.0,"timestamp":1613550323,"path_taken":["M","?","M","M","?","E","M","E","T","?","R","?","M","E","R","BOSS","M","$","M","?","?","R","E","R","T","?","?","E","M"],"items_purchased_type":["Card","Card","Card","Card","Card"],"build_version":"2020-12-22","purchased_purges":0,"victory":false,"max_hp_per_floor":[70,70,70,70,70,70,70,70,70,70,70,70,70,70,70,70,70,70,70,70,70,70,70,70,70,70,70,70,70,70,70],"card_choices":[{"not_picked":["DemoMod:AC15","DemoMod:HardPowerCard"],"picked":"DemoMod:TripleGun","floor":1},{"not_picked":["DemoMod:SniperShot","DemoMod:JK47"],"picked":"DemoMod:ShadowBullets","floor":3},{"not_picked":["DemoMod:BattleInHaste","DemoMod:ZorGun"],"picked":"DemoMod:AWP","floor":4},{"not_picked":["DemoMod:BoxingGlove","DemoMod:Slinger"],"picked":"DemoMod:Unmoved","floor":6},{"not_picked":["DemoMod:RadGun","DemoMod:TripleGun"],"picked":"DemoMod:EasyReloadBullets","floor":7},{"not_picked":["DemoMod:ShadowBullets","DemoMod:GunslingerForm"],"picked":"DemoMod:ConditionalReflex","floor":8},{"not_picked":["DemoMod:DirectionalPad","DemoMod:ZorGun"],"picked":"DemoMod:FortunesFavor","floor":12},{"not_picked":["DemoMod:DoubleSwitch","DemoMod:PotionOfGunFriendShip"],"picked":"DemoMod:TeaPot","floor":13},{"not_picked":["DemoMod:GunslingerForm","DemoMod:SAA"],"picked":"DemoMod:DarkMarker","floor":14},{"not_picked":["DemoMod:DoubleVision","DemoMod:FightSabre"],"picked":"DemoMod:FullFirepower","floor":16},{"not_picked":["DemoMod:FullFirepower","DemoMod:BalloonGun"],"picked":"DemoMod:Elimentaler","floor":16},{"not_picked":["DemoMod:BattleInHaste+1","DemoMod:JK47"],"picked":"DemoMod:HuntsMan+1","floor":18},{"not_picked":["DemoMod:BoxingGlove","DemoMod:Unmoved"],"picked":"DemoMod:StickyCrossBow","floor":20},{"not_picked":["DemoMod:FeignSurrender","DemoMod:Unmoved"],"picked":"DemoMod:BlackHoleGun","floor":22},{"not_picked":["DemoMod:Ejector+1","DemoMod:ConditionalReflex"],"picked":"DemoMod:AC15","floor":24},{"not_picked":["DemoMod:DirectionalPad","DemoMod:Slinger"],"picked":"DemoMod:BoxingGlove","floor":29}],"player_experience":76270,"relics_obtained":[{"floor":6,"key":"DemoMod:Metronome"},{"floor":8,"key":"Lizard Tail"},{"floor":9,"key":"TungstenRod"},{"floor":14,"key":"reliquary:PartyBalloon"},{"floor":24,"key":"DemoMod:HoleyGrail"},{"floor":26,"key":"Nunchaku"},{"floor":29,"key":"MawBank"}],"event_choices":[{"cards_removed":["DemoMod:Strike_Huntress"],"damage_healed":0,"gold_gain":0,"player_choice":"Card Removal","damage_taken":0,"max_hp_gain":0,"max_hp_loss":0,"event_name":"Wheel of Change","floor":21,"gold_loss":0},{"damage_healed":0,"gold_gain":0,"player_choice":"Ignored","damage_taken":0,"max_hp_gain":0,"max_hp_loss":0,"event_name":"Ghosts","floor":27,"gold_loss":0},{"damage_healed":0,"gold_gain":0,"cards_transformed":["DemoMod:Strike_Huntress","DemoMod:Strike_Huntress"],"player_choice":"Became Test Subject","damage_taken":0,"max_hp_gain":0,"max_hp_loss":0,"event_name":"Drug Dealer","floor":28,"gold_loss":0,"cards_obtained":["DemoMod:HungryBullets","DemoMod:PotionOfGunFriendShip"]}],"is_beta":false,"boss_relics":[{"not_picked":["Coffee Dripper","Snecko Eye"],"picked":"SacredBark"}],"items_purged_floors":[],"is_endless":false,"potions_floor_spawned":[1,4,7,16,20,22,29],"killed_by":"Shelled Parasite and Fungi","ascension_level":0}}