{"host":"0awa854l6bexpjrv","time":1613527335,"event":{"mods":["BaseMod","Block Reminder","Colored Map","Colored Powertips","Downfall","Highlight Path","Minty Spire (QoL Compilation)","Quick Restart","Rare Cards Sparkle","StSLib","SuperFastMode"],"gold_per_floor":[111,122,122,23,42,42,52,63,113,13,47,47,64,146,146,243,243,258,258,92,104,14,14,24,24,24,24,36,36,51,71,71,175,175,194,206,225,100,0,0,13,13,13,13,13,13,38,51,51,51],"floor_reached":51,"language":"ENG","playtime":3311,"items_purged":["Strike_B","Strike_B","Defend_B"],"score":748,"play_id":"b05c911b-753f-41e8-b4b3-f13145256fce","local_time":"20210216180215","is_ascension_mode":true,"campfire_choices":[{"data":"Apotheosis","floor":6.0,"key":"SMITH"},{"floor":15.0,"key":"REST"},{"data":"Zap","floor":23.0,"key":"SMITH"},{"floor":25.0,"key":"REST"},{"data":"Turbo","floor":27.0,"key":"SMITH"},{"floor":32.0,"key":"REST"},{"data":"Hyperbeam","floor":40.0,"key":"SMITH"},{"data":"Secret Technique","floor":46.0,"key":"SMITH"},{"floor":49,"key":"REST"}],"circlet_count":0,"master_deck":["Zap+1","Dualcast+1","Apotheosis+1","Static Discharge","Turbo+1","Leap+1","Undo+1","Capacitor","Auto Shields","Auto Shields","Leap","Hyperbeam+1","Sunder","Go for the Eyes","Barrage","Skim","Sunder","Undo+1","Double Energy","Echo Form","Ball Lightning+1","Coolheaded","Secret Technique+1","Sweeping Beam","Storm+1"],"relics":["Cracked Core","Bag of Marbles","Matryoshka","Ancient Tea Set","Mummified Hand","Busted Crown","Runic Capacitor","War Paint","HornCleat","Runic Pyramid","Red Mask","Nunchaku","Darkstone Periapt","Centennial Puzzle"],"acts_visited":["Exordium","TheCity","TheBeyond"],"potions_floor_usage":[50,50],"damage_taken":[{"damage":0.0,"enemies":"Small Slimes","floor":1.0,"turns":3.0},{"damage":2.0,"enemies":"Cultist","floor":2.0,"turns":4.0},{"damage":0.0,"enemies":"Jaw Worm","floor":5.0,"turns":4.0},{"damage":0.0,"enemies":"Blue Slaver","floor":7.0,"turns":4.0},{"damage":14.0,"enemies":"Red Slaver","floor":8.0,"turns":2.0},{"damage":20.0,"enemies":"3 Sentries","floor":11.0,"turns":9.0},{"damage":18.0,"enemies":"Large Slime","floor":13.0,"turns":7.0},{"damage":5.0,"enemies":"The Guardian","floor":16.0,"turns":19.0},{"damage":12.0,"enemies":"3 Byrds","floor":18.0,"turns":6.0},{"damage":0.0,"enemies":"Shell Parasite","floor":21.0,"turns":7.0},{"damage":26.0,"enemies":"Snecko","floor":24.0,"turns":8.0},{"damage":13.0,"enemies":"Snake Plant","floor":28.0,"turns":6.0},{"damage":7.0,"enemies":"Centurion and Healer","floor":30.0,"turns":6.0},{"damage":10.0,"enemies":"Cultist and Chosen","floor":31.0,"turns":8.0},{"damage":44.0,"enemies":"Champ","floor":33.0,"turns":14.0},{"damage":1.0,"enemies":"3 Darklings","floor":35.0,"turns":5.0},{"damage":0.0,"enemies":"Orb Walker","floor":36.0,"turns":4.0},{"damage":17.0,"enemies":"4 Shapes","floor":37.0,"turns":4.0},{"damage":0.0,"enemies":"3 Darklings","floor":41.0,"turns":4.0},{"damage":5.0,"enemies":"Reptomancer","floor":47.0,"turns":5.0},{"damage":0,"enemies":"Jaw Worm Horde","floor":48,"turns":4},{"damage":3,"enemies":"Donu and Deca","floor":50,"turns":7}],"seed_played":"-874899584427758170","potions_obtained":[{"floor":1.0,"key":"champ:CounterPotion"},{"floor":2.0,"key":"Fruit Juice"},{"floor":7.0,"key":"DuplicationPotion"},{"floor":16.0,"key":"SkillPotion"},{"floor":28.0,"key":"EssenceOfDarkness"},{"floor":31.0,"key":"Weak Potion"},{"floor":33.0,"key":"LiquidBronze"},{"floor":35.0,"key":"hexamod:SoulburnPotion"},{"floor":36.0,"key":"CultistPotion"},{"floor":41.0,"key":"DuplicationPotion"},{"floor":48,"key":"champ:CounterPotion"}],"is_trial":false,"path_per_floor":["M","M","?","$","M","R","M","M","T","$","E","$","M","T","R","B",null,"M","?","$","M","?","R","M","R","T","R","M","?","M","M","R","B",null,"M","M","M","$","?","R","M","?","T","T","?","R","E","M","R","B",null],"character_chosen":"DEFECT","items_purchased":["Leap","Runic Capacitor","Go for the Eyes"],"campfire_rested":4,"item_purchase_floors":[4,20,20],"current_hp_per_floor":[54,57,57,57,57,57,57,43,43,43,23,23,5,5,29,24,80,68,68,68,68,68,68,42,66,66,66,53,53,46,36,60,16,80,79,79,62,62,62,62,62,62,62,62,62,62,57,57,80,77],"gold":51,"neow_bonus":"RANDOM_COLORLESS_2","is_daily":false,"chose_seed":false,"campfire_upgraded":5,"win_rate":0.0,"timestamp":1613527335,"path_taken":["M","M","?","$","M","R","M","M","T","$","E","?","M","?","R","BOSS","M","?","$","M","?","R","?","R","T","R","M","?","M","M","R","BOSS","M","M","M","$","?","R","M","?","T","?","?","R","E","M","R","BOSS"],"items_purchased_type":["Card","Relic","Card"],"build_version":"2020-12-22","purchased_purges":3,"victory":true,"max_hp_per_floor":[75,80,80,80,80,80,80,80,80,80,80,80,80,80,80,80,80,80,80,80,80,80,80,80,80,80,80,80,80,80,80,80,80,80,80,80,80,80,80,80,80,80,80,80,80,80,80,80,80,80],"card_choices":[{"not_picked":["Transmutation","Secret Weapon"],"picked":"Apotheosis","floor":0.0},{"not_picked":["Redo","Gash"],"picked":"Static Discharge","floor":1.0},{"not_picked":["Steam Power","Storm"],"picked":"Turbo","floor":2.0},{"not_picked":["Hologram","Echo Form"],"picked":"Undo","floor":5.0},{"not_picked":["Fusion","Turbo"],"picked":"Capacitor","floor":7.0},{"not_picked":["FTL","Turbo"],"picked":"Auto Shields","floor":8.0},{"not_picked":["Barrage","Hologram"],"picked":"Auto Shields","floor":11.0},{"not_picked":["Steam Power","Gash"],"picked":"Leap","floor":13.0},{"not_picked":["All For One","Meteor Strike"],"picked":"Hyperbeam","floor":16.0},{"not_picked":[],"picked":"Sunder","floor":18.0},{"not_picked":[],"picked":"Barrage","floor":21.0},{"not_picked":["Force Field"],"picked":"SKIP","floor":24.0},{"not_picked":["Redo"],"picked":"SKIP","floor":28.0},{"not_picked":[],"picked":"Undo+1","floor":30.0},{"not_picked":[],"picked":"Double Energy","floor":31.0},{"not_picked":[],"picked":"Echo Form","floor":33.0},{"not_picked":["Go for the Eyes"],"picked":"SKIP","floor":35.0},{"not_picked":[],"picked":"Ball Lightning+1","floor":36.0},{"not_picked":[],"picked":"Coolheaded","floor":37.0},{"not_picked":["Gash"],"picked":"SKIP","floor":41.0},{"not_picked":[],"picked":"Secret Technique","floor":42.0},{"not_picked":["Conserve Battery"],"picked":"SKIP","floor":47.0},{"not_picked":[],"picked":"Storm+1","floor":48}],"player_experience":786617,"relics_obtained":[{"floor":9.0,"key":"Bag of Marbles"},{"floor":11.0,"key":"Matryoshka"},{"floor":14.0,"key":"Ancient Tea Set"},{"floor":14.0,"key":"Mummified Hand"},{"floor":26.0,"key":"War Paint"},{"floor":26.0,"key":"HornCleat"},{"floor":43.0,"key":"Nunchaku"},{"floor":44.0,"key":"Darkstone Periapt"},{"floor":47.0,"key":"Centennial Puzzle"}],"event_choices":[{"cards_removed":["Strike_B"],"damage_healed":0.0,"max_hp_gain":0.0,"max_hp_loss":0.0,"gold_gain":0.0,"event_name":"Bonfire Elementals","player_choice":"Offered Basic","floor":3.0,"gold_loss":0.0,"damage_taken":0.0},{"damage_healed":0.0,"max_hp_gain":0.0,"max_hp_loss":0.0,"gold_gain":0.0,"event_name":"Cursed Tome","player_choice":"Ignored","floor":19.0,"gold_loss":0.0,"damage_taken":0.0},{"cards_removed":["Strike_B"],"damage_healed":0.0,"max_hp_gain":0.0,"max_hp_loss":0.0,"gold_gain":0.0,"event_name":"Designer","player_choice":"Upgrade and Remove","floor":22.0,"gold_loss":90.0,"damage_taken":0.0,"cards_upgraded":["Undo"]},{"damage_healed":0.0,"max_hp_gain":0.0,"max_hp_loss":0.0,"gold_gain":0.0,"cards_transformed":["Defend_B","Defend_B"],"event_name":"Drug Dealer","player_choice":"Became Test Subject","floor":29.0,"gold_loss":0.0,"damage_taken":0.0,"cards_obtained":["Skim","Sunder"]},{"damage_healed":0.0,"max_hp_gain":0.0,"max_hp_loss":0.0,"gold_gain":0.0,"event_name":"Tomb of Lord Red Mask","player_choice":"Paid","floor":39.0,"gold_loss":100.0,"damage_taken":0.0,"relics_obtained":["Red Mask"]},{"damage_healed":0.0,"max_hp_gain":0.0,"max_hp_loss":0.0,"gold_gain":0.0,"event_name":"SensoryStone","player_choice":"Memory 1","floor":42.0,"gold_loss":0.0,"damage_taken":0.0},{"damage_healed":0.0,"max_hp_gain":0.0,"max_hp_loss":0.0,"gold_gain":0.0,"cards_transformed":["Defend_B"],"event_name":"Transmorgrifier","player_choice":"Transformed","floor":45.0,"gold_loss":0.0,"damage_taken":0.0,"cards_obtained":["Sweeping Beam"]}],"is_beta":false,"boss_relics":[{"not_picked":["Black Star","Runic Dome"],"picked":"Busted Crown"},{"not_picked":["Empty Cage","SlaversCollar"],"picked":"Runic Pyramid"}],"items_purged_floors":[4,10,38],"is_endless":false,"potions_floor_spawned":[1,2,7,16,28,31,33,35,36,41,48],"ascension_level":3}}