{"host":"d73an99q9oevilk5","time":1613521469,"event":{"mods":["2.2 Compatiblity","AchievementEnabler","Act Like it!","Aspiration","BaseMod","Beaked The Cultist","Better Third Choice","BetterRewards","Colored Map","Colored Powertips","Conspire","Downfall","GifTheSpireLib","Halation","Hubris","Infinite Spire","Marisa????????","Mimic Mod","Minty Spire (QoL Compilation)","MostiFishMod","Quick Restart","Relic Sorter","Reliquary","Replay The Spire","Shop Mod","Spikes Relics","StSLib","Stuff the Spire","The Cursed","The Jungle","The Necromancer","The Saiyan","Waifu the Spire","egg","slay the spire mod where everything is the same but ironclad has a cowboy hat"],"gold_per_floor":[116,116,135,149,149,149,183,217,217,286,305,211,211,76,76,178,178,196,196,208,224,249,249,277,290,290,300,328,342,342,342,342,442,442,453,453,453,464,464,497,516,516,516,516,49,0,15,15,15,15],"floor_reached":51,"language":"ENG","playtime":1457,"items_purged":["Regret"],"score":1038,"play_id":"e1d6dc9f-9d7e-4b02-8ae5-f364a8a1ca78","local_time":"20210216172429","is_ascension_mode":false,"campfire_choices":[{"data":"Zap","floor":6.0,"key":"SMITH"},{"data":"ReplayTheSpireMod:Omega Cannon","floor":15.0,"key":"SMITH"},{"data":"Defragment","floor":23.0,"key":"SMITH"},{"floor":30.0,"key":"REST"},{"floor":32.0,"key":"REST"},{"data":"BasicCrystalCard","floor":42.0,"key":"SMITH"},{"data":"Self Repair","floor":44.0,"key":"SMITH"}],"circlet_count":0,"master_deck":["Strike_B","Strike_B","Strike_B","Strike_B","Defend_B","Defend_B+1","Defend_B","Defend_B","Zap+1","Dualcast","Ball Lightning","ReplayTheSpireMod:Calculation Training","Leap","MostiFishMod:FrostNova","MostiFishMod:WinterMarkForm","Defragment+1","Go for the Eyes","Rebound","BasicCrystalCard+1","Barrage","ReplayTheSpireMod:Omega Cannon+1","Thunder Strike","Electrodynamics","Static Discharge+1","Auto Shields+1","Consume","StuffTheSpire:ShieldGenerator+3","Echo Form","Madness","Madness","Self Repair+1","Auto Shields","Parasite","hubris:EnhanceAbility"],"relics":["Cracked Core","Pondfish Scales","ThornShield","DaveBox","infinitespire:CursedDice","SynthV:TestCard","Thread and Needle","hubris:Towel","FrostBlade","reliquary:PartyBalloon","StuffTheSpire:GrapeVine","hubris:OldNail","reliquary:BoilingFlask","aspiration:Stellarator","infinitespire:Freezer","reliquary:FerryPass","conspire:Dentures","Blood Vial","SlaversCollar","SpikesRelics:DaevaFist","CherryCoatedStake","War Paint","Red Mask"],"acts_visited":["Exordium","TheCity","TheBeyond"],"potions_floor_usage":[50,50],"damage_taken":[{"damage":0.0,"enemies":"2 Louse","floor":1.0,"turns":2.0},{"damage":0.0,"enemies":"Small Slimes","floor":3.0,"turns":2.0},{"damage":0.0,"enemies":"Jaw Worm","floor":4.0,"turns":3.0},{"damage":1.0,"enemies":"conspire:MimicChest","floor":7.0,"turns":4.0},{"damage":2.0,"enemies":"Lagavulin","floor":8.0,"turns":4.0},{"damage":12.0,"enemies":"Red Slaver","floor":11.0,"turns":4.0},{"damage":25.0,"enemies":"The Guardian","floor":16.0,"turns":5.0},{"damage":0.0,"enemies":"3 Byrds","floor":18.0,"turns":3.0},{"damage":17.0,"enemies":"conspire:FuzzyDice","floor":20.0,"turns":4.0},{"damage":16.0,"enemies":"Centurion and Healer","floor":21.0,"turns":4.0},{"damage":6.0,"enemies":"conspire:SneckoGhost","floor":24.0,"turns":4.0},{"damage":0.0,"enemies":"3 Cultists","floor":25.0,"turns":3.0},{"damage":9.0,"enemies":"Shelled Parasite and Fungi","floor":27.0,"turns":2.0},{"damage":0.0,"enemies":"Replay:Snechameleon","floor":28.0,"turns":4.0},{"damage":0.0,"enemies":"Snecko","floor":29.0,"turns":4.0},{"damage":30.0,"enemies":"Champ","floor":33.0,"turns":7.0},{"damage":7.0,"enemies":"Orb Walker","floor":35.0,"turns":3.0},{"damage":2.0,"enemies":"3 Shapes","floor":38.0,"turns":2.0},{"damage":12.0,"enemies":"Reptomancer","floor":40.0,"turns":5.0},{"damage":13.0,"enemies":"Writhing Mass","floor":41.0,"turns":7.0},{"damage":0.0,"enemies":"Sphere and 2 Shapes","floor":47.0,"turns":3.0},{"damage":0,"enemies":"hubris:GrandSnecko","floor":50,"turns":8}],"seed_played":"-6543014238638811111","potions_obtained":[{"floor":1.0,"key":"Adrenaline Potion"},{"floor":3.0,"key":"hexamod:SoulburnPotion"},{"floor":20.0,"key":"Doom Potion"},{"floor":21.0,"key":"SteroidPotion"},{"floor":27.0,"key":"Energy Potion"},{"floor":29.0,"key":"Death Potion"},{"floor":38.0,"key":"Fire Potion"},{"floor":41.0,"key":"LifebloodPotion"}],"is_trial":false,"path_per_floor":["M","?","M","M","?","R","?","E","T","T","M","$","?","$","R","B",null,"M","?","M","M","T","R","E","M","T","M","E","M","R","?","R","B",null,"M","?","?","M","?","E","M","R","T","R","$","?","M","?","R_BF","B",null],"character_chosen":"DEFECT","items_purchased":["ThornShield","EntropicBrew","Loop","BasicCrystalCard","Barrage","ReplayTheSpireMod:Omega Cannon","War Paint","hubris:EnhanceAbility","Weak Potion"],"campfire_rested":2,"item_purchase_floors":[0,0,0,12,12,14,45,45,45],"current_hp_per_floor":[70,70,70,70,70,70,69,67,67,67,55,55,55,55,55,30,70,70,70,53,37,37,37,31,31,31,22,22,24,45,45,66,38,70,63,54,54,54,54,51,54,54,54,54,54,54,70,70,70,70],"gold":15,"neow_bonus":"","is_daily":false,"chose_seed":false,"campfire_upgraded":5,"win_rate":0.0,"timestamp":1613521469,"path_taken":["M","?","M","M","?","R","?","E","T","?","?","$","?","$","R","BOSS","M","?","M","?","?","R","E","M","T","M","E","M","R","?","R","BOSS","M","?","?","?","?","E","M","R","T","R","$","?","M","?","R_BF","BOSS"],"items_purchased_type":["Relic","Potion","Card","Card","Card","Card","Relic","Card","Potion"],"build_version":"2020-12-22","purchased_purges":1,"victory":true,"max_hp_per_floor":[70,70,70,70,70,70,70,70,70,70,70,70,70,70,70,70,70,70,70,70,70,70,70,70,70,70,70,70,70,70,70,70,70,70,70,70,70,70,70,70,70,70,70,70,70,70,70,70,70,70],"card_choices":[{"not_picked":["StuffTheSpire:LoadUp","StuffTheSpire:Plugnplay"],"picked":"Ball Lightning","floor":1.0},{"not_picked":["conspire:Rain","StuffTheSpire:SnapShoot","FIFO Queue","White Noise"],"picked":"ReplayTheSpireMod:Calculation Training","floor":3.0},{"not_picked":["Steam","FIFO Queue","MostiFishMod:ReprogramOld","Turbo"],"picked":"Leap","floor":4.0},{"not_picked":["Darkness","ReplayTheSpireMod:System Scan","Barrage","Steam Power"],"picked":"Defragment","floor":7.0},{"not_picked":["Conserve Battery","Redo","Leap","MostiFishMod:DawningShadow"],"picked":"Go for the Eyes","floor":8.0},{"not_picked":["Time Bomb","Conserve Battery","Coolheaded","Auto Shields"],"picked":"Rebound","floor":11.0},{"not_picked":["MostiFishMod:TalkingToTheRain","StuffTheSpire:LaunchingStrike","StuffTheSpire:Purify","MostiFishMod:ActiveDefenseSystem"],"picked":"Thunder Strike","floor":16.0},{"not_picked":["MostiFishMod:PushDownKick+1","Barrage","Steam","BasicCrystalCard"],"picked":"Electrodynamics","floor":18.0},{"not_picked":["FTL","Undo+1","Coolheaded","StuffTheSpire:GlassShard"],"picked":"Static Discharge+1","floor":20.0},{"not_picked":["Cold Snap","StuffTheSpire:EventHorizon","Stack+1","StuffTheSpire:NuclearReactor"],"picked":"Auto Shields+1","floor":21.0},{"not_picked":["Streamline+1","Redo","Meteor Strike","Conserve Battery"],"picked":"Consume","floor":24.0},{"not_picked":["Aggregate","Redo","Panic Button","Sweeping Beam","Steam"],"picked":"SKIP","floor":25.0},{"not_picked":["Ball Lightning","FTL+1","Double Energy+1","Steam"],"picked":"StuffTheSpire:ShieldGenerator+1","floor":27.0},{"not_picked":["Gash","ReplayTheSpireMod:GoodbyeWorld","Crystallizer+1","Sunder","hubris:Prefetch"],"picked":"SKIP","floor":28.0},{"not_picked":["DiskWipe","Heatsinks","Go for the Eyes","Sweeping Beam","Ball Lightning"],"picked":"SKIP","floor":29.0},{"not_picked":["MostiFishMod:ATRI","Seek","Reboot","ReplayRNGCard"],"picked":"Echo Form","floor":33.0},{"not_picked":["Go for the Eyes+1","StuffTheSpire:SnapShoot","StuffTheSpire:Rend+1","MostiFishMod:PushDownKick+1","Stack"],"picked":"SKIP","floor":35.0},{"not_picked":["Fission","Gash","Barrage","Cold Snap+1"],"picked":"Self Repair","floor":38.0},{"not_picked":["Electrodynamics","Redo","hubris:DoWhile","Hello World"],"picked":"Auto Shields","floor":40.0},{"not_picked":["Gash","Panic Button","ReplayTheSpireMod:Reroute Power+1","Coolheaded+1","Stack"],"picked":"SKIP","floor":41.0},{"not_picked":["hubris:PowerSurge","Sweeping Beam","Coolheaded","StuffTheSpire:NuclearReactor+1","Go for the Eyes+1"],"picked":"SKIP","floor":47.0}],"player_experience":1928662,"relics_obtained":[{"floor":1.0,"key":"SynthV:TestCard"},{"floor":7.0,"key":"reliquary:PartyBalloon"},{"floor":8.0,"key":"StuffTheSpire:GrapeVine"},{"floor":9.0,"key":"hubris:OldNail"},{"floor":10.0,"key":"reliquary:BoilingFlask"},{"floor":22.0,"key":"infinitespire:Freezer"},{"floor":24.0,"key":"reliquary:FerryPass"},{"floor":26.0,"key":"conspire:Dentures"},{"floor":28.0,"key":"Blood Vial"},{"floor":40.0,"key":"SpikesRelics:DaevaFist"},{"floor":43.0,"key":"CherryCoatedStake"}],"event_choices":[{"damage_healed":0.0,"max_hp_gain":0.0,"max_hp_loss":0.0,"gold_gain":0.0,"event_name":"Big Fish","player_choice":"Box","floor":2.0,"gold_loss":0.0,"damage_taken":0.0,"relics_obtained":["Thread and Needle"],"cards_obtained":["Regret"]},{"damage_healed":0.0,"max_hp_gain":0.0,"max_hp_loss":0.0,"gold_gain":0.0,"event_name":"NoteForYourself","player_choice":"Ignored","floor":19.0,"gold_loss":0.0,"damage_taken":0.0},{"damage_healed":0.0,"max_hp_gain":0.0,"max_hp_loss":0.0,"gold_gain":0.0,"event_name":"Winding Halls","player_choice":"Embrace Madness","floor":36.0,"gold_loss":0.0,"damage_taken":9.0,"cards_obtained":["Madness","Madness"]},{"damage_healed":0.0,"max_hp_gain":0.0,"max_hp_loss":0.0,"gold_gain":0.0,"event_name":"WeMeetAgain","player_choice":"Gave Potion","floor":37.0,"gold_loss":0.0,"damage_taken":0.0,"relics_obtained":["Pondfish Scales"]},{"damage_healed":0.0,"max_hp_gain":0.0,"max_hp_loss":0.0,"gold_gain":0.0,"event_name":"Tomb of Lord Red Mask","player_choice":"Paid","floor":46.0,"gold_loss":49.0,"damage_taken":0.0,"relics_obtained":["Red Mask"]},{"cards_removed":["Loop"],"damage_healed":0.0,"max_hp_gain":0.0,"max_hp_loss":0.0,"gold_gain":0.0,"event_name":"Falling","player_choice":"Removed Power","floor":48.0,"gold_loss":0.0,"damage_taken":0.0}],"is_beta":false,"boss_relics":[{"not_picked":["reliquary:Craggleroot","halation:MonkeysPaw"],"picked":"aspiration:Stellarator"},{"not_picked":["ExusiaiGun","hubris:Stopwatch"],"picked":"SlaversCollar"}],"items_purged_floors":[45],"is_endless":false,"potions_floor_spawned":[1,3,4,20,21,27,29,38,41,47],"ascension_level":0}}