{"host":"lnfs5t5iydkm2lft","time":1613523887,"event":{"mods":["AchievementEnabler","BaseMod","Better Third Choice","BetterRewards","Colored Powertips","Downfall","Hermit","Hubris","Infinite Spire","Marisa????????","Minty Spire (QoL Compilation)","Quick Restart","Replay The Spire","StSLib","The Runesmith","The Senshi","everything is the same but u backflip on backflip","slay the spire mod where everything is the same but ironclad has a cowboy hat"],"gold_per_floor":[99,99,113,133,233,27,54,66,66,66,99,117,17,36,49,151,151,151,166,184,184,200,220,220,220,220,239,253,253,45,58,72,167,167,167,7,7,20,20,34,34,51,271,171,182,199,224,124,134,134,134,168,53,53,53,53],"floor_reached":57,"language":"ENG","playtime":5210,"items_purged":["downfall:Aged"],"score":1215,"play_id":"d2ebbd28-f9c8-4a65-8d1c-5d853f525426","local_time":"20210216190447","is_ascension_mode":false,"campfire_choices":[{"floor":1,"key":"RECALL"},{"data":"Guardian:Orbwalk","floor":10,"key":"SMITH"},{"data":"Guardian:ConstructionForm","floor":13,"key":"SMITH"},{"data":"Reaper","floor":18,"key":"SMITH"},{"data":"expansioncontent:QuickStudy","floor":35,"key":"SMITH"},{"data":"Guardian:BaubleBeam","floor":44,"key":"SMITH"},{"data":"Guardian:StasisField","floor":48,"key":"SMITH"},{"data":"Guardian:StasisStrike","floor":54,"key":"SMITH"}],"circlet_count":0,"master_deck":["Guardian:Strike_Guardian","Guardian:Strike_Guardian","Guardian:Strike_Guardian","Guardian:Strike_Guardian","Guardian:Defend_Guardian","Guardian:Defend_Guardian","Guardian:Defend_Guardian","Guardian:Defend_Guardian","Guardian:TwinSlam","Guardian:Orbwalk+1","Guardian:ShieldSpikes","Guardian:WalkerClaw","Guardian:StasisStrike+1","Guardian:Suspension","Replay:GuardianBash","Guardian:ConstructionForm+1","Guardian:Planning","Reaper+1","Guardian:PiercingHide+1","Guardian:Recover+1","Guardian:ExploitGems","Guardian:PolyBeam","Guardian:Incinerate","RitualDagger","expansioncontent:QuickStudy+1","Guardian:BaubleBeam+1","Guardian:SpikerProtocol","Guardian:TimeCapacitor+1","expansioncontent:AwakenDeath","Guardian:Planning+1","Guardian:DonusPower+1","Guardian:StasisField+1"],"relics":["Replay:Rubber Ducky","m_GuardianBlood","Shuriken","downfall:HeartBlessingRed","hubris:HollowSoul","hubris:Icosahedron","hubris:CuriousFeather","hubris:Spice","infinitespire:Cupcake","Strange Spoon","Guardian:StasisEgg","downfall:HeartBlessingBlue","Replay:Bottled Flurry","downfall:HeartBlessingGreen","Dead Branch"],"acts_visited":["Exordium","TheCity","TheBeyond","TheEnding"],"potions_floor_usage":[6,6,16,20,23,23,27,33,36,40,43,46,47,50,50],"damage_taken":[{"damage":10,"enemies":"2 Louse","floor":3,"turns":3},{"damage":0,"enemies":"Small Slimes","floor":4,"turns":5},{"damage":0,"enemies":"downfall:FleeingMerchant","floor":6,"turns":4},{"damage":1,"enemies":"Jaw Worm","floor":8,"turns":4},{"damage":6,"enemies":"Gremlin Nob","floor":11,"turns":4},{"damage":0,"enemies":"Large Slime","floor":12,"turns":6},{"damage":1,"enemies":"Exordium Wildlife","floor":14,"turns":4},{"damage":10,"enemies":"3 Louse","floor":15,"turns":3},{"damage":3,"enemies":"IC_STATUS_ARCHETYPE","floor":16,"turns":7},{"damage":13,"enemies":"Shell Parasite","floor":19,"turns":8},{"damage":1,"enemies":"Spheric Guardian","floor":20,"turns":5},{"damage":0,"enemies":"Centurion and Healer","floor":22,"turns":7},{"damage":16,"enemies":"Snake Plant","floor":23,"turns":5},{"damage":14,"enemies":"Snecko","floor":27,"turns":5},{"damage":20,"enemies":"Cultist and Chosen","floor":28,"turns":5},{"damage":0,"enemies":"downfall:FleeingMerchant","floor":30,"turns":4},{"damage":0,"enemies":"Sentry and Sphere","floor":31,"turns":3},{"damage":13,"enemies":"3 Cultists","floor":32,"turns":4},{"damage":5,"enemies":"SI_MIRROR_ARCHETYPE","floor":33,"turns":7},{"damage":8,"enemies":"downfall:FleeingMerchant","floor":36,"turns":4},{"damage":0,"enemies":"Orb Walker","floor":38,"turns":4},{"damage":0,"enemies":"3 Shapes","floor":40,"turns":4},{"damage":0,"enemies":"Transient","floor":42,"turns":5},{"damage":0,"enemies":"downfall:FleeingMerchant","floor":43,"turns":3},{"damage":0,"enemies":"Maw","floor":45,"turns":5},{"damage":0,"enemies":"Jaw Worm Horde","floor":46,"turns":3},{"damage":0,"enemies":"Nemesis","floor":47,"turns":7},{"damage":0,"enemies":"Writhing Mass","floor":49,"turns":5},{"damage":24,"enemies":"WA_ARCHETYPE_DIVINITY","floor":50,"turns":11},{"damage":28,"enemies":"downfall:CharBossMerchant","floor":52,"turns":8},{"damage":13,"enemies":"downfall:NeowBoss","floor":55,"turns":12},{"damage":45,"enemies":"downfall:NeowBossFinal","floor":56,"turns":13}],"seed_played":"4833762905576663106","potions_obtained":[{"floor":0,"key":"Venom Potion"},{"floor":0,"key":"Guardian:AcceleratePotion"},{"floor":0,"key":"Cursed Concoction"},{"floor":8,"key":"Regen Potion"},{"floor":11,"key":"LifebloodPotion"},{"floor":16,"key":"SkillPotion"},{"floor":22,"key":"Swift Potion"},{"floor":23,"key":"Fire Potion"},{"floor":33,"key":"FearPotion"},{"floor":40,"key":"Fruit Juice"},{"floor":42,"key":"Fruit Juice"},{"floor":45,"key":"SpeedPotion"},{"floor":47,"key":"champ:CounterPotion"},{"floor":49,"key":"Explosive Potion"}],"is_trial":false,"path_per_floor":["R","?","M","M","?","$","T","M","?","R","E","M","R","M","M","B",null,"R","M","M","?","M","M","T","?","?","M","M","?","$","M","M","B",null,"R","?","?","M","?","M","T","M","$","R","M","M","E","R","M","B",null,"E","$","R","B","B",null],"character_chosen":"GUARDIAN","items_purchased":["Guardian:StasisStrike","AttackPotion","expansioncontent:QuickStudy","Strange Spoon","AttackPotion","Guardian:Gem_Red","Guardian:Gem_Purple"],"campfire_rested":0,"item_purchase_floors":[6,6,30,36,43,53,53],"current_hp_per_floor":[80,80,70,70,70,70,70,69,69,69,69,75,75,80,76,79,80,80,78,80,80,80,76,76,84,67,77,63,57,63,69,86,87,93,93,91,91,93,93,98,98,98,103,113,113,113,113,113,113,113,113,91,91,91,113,74],"gold":53,"neow_bonus":"THREE_SMALL_POTIONS","is_daily":false,"chose_seed":false,"campfire_upgraded":7,"win_rate":0.0,"timestamp":1613523887,"path_taken":["R","?","M","M","?","$","T","M","?","R","E","M","R","M","M","BOSS","R","M","M","?","M","M","T","?","?","M","M","?","$","M","M","BOSS","R","?","?","M","?","M","T","M","$","R","M","M","E","R","M","BOSS","E","$","R","BOSS","BOSS"],"items_purchased_type":["Card","Potion","Card","Relic","Potion","Card","Card"],"build_version":"2020-12-22","purchased_purges":1,"victory":true,"max_hp_per_floor":[80,80,80,80,80,80,80,80,80,80,80,80,80,80,80,80,80,80,80,80,80,80,80,80,88,93,93,93,93,93,93,93,93,93,93,93,93,93,93,98,98,98,103,113,113,113,113,113,113,113,113,113,113,113,113,113],"card_choices":[{"not_picked":["Guardian:Gem_Green","Guardian:TemporalStrike"],"picked":"Guardian:ShieldSpikes","floor":3},{"not_picked":["Guardian:GuardianWhirl","Guardian:Gem_Red"],"picked":"Guardian:Gem_Cyan","floor":4},{"not_picked":["Guardian:Orbwalk","Guardian:Gem_White"],"picked":"Guardian:WalkerClaw","floor":6},{"not_picked":["Guardian:PiercingHide","Guardian:Reroute"],"picked":"Guardian:Suspension","floor":8},{"not_picked":["Guardian:Reroute","Guardian:Gem_Lightblue"],"picked":"Guardian:ConstructionForm","floor":11},{"not_picked":["Guardian:Gem_Cyan","Guardian:BronzeArmor"],"picked":"Guardian:Gem_Crimson","floor":12},{"not_picked":["Guardian:Gem_Blue","Guardian:Incinerate"],"picked":"Guardian:Planning","floor":14},{"not_picked":["Guardian:PrimingBeam","Guardian:SentryBeam"],"picked":"Guardian:Gem_Purple","floor":15},{"not_picked":["Guardian:GemFinder","Guardian:HyperBeam_Guardian"],"picked":"Reaper","floor":16},{"not_picked":["Guardian:Gem_Green","Guardian:Gem_Cyan"],"picked":"Guardian:PiercingHide+1","floor":19},{"not_picked":["Guardian:Gem_Green","Guardian:Planning+1"],"picked":"Guardian:Recover+1","floor":20},{"not_picked":["Guardian:Planning","Guardian:CrystalBeam"],"picked":"Guardian:ExploitGems","floor":22},{"not_picked":["Guardian:ShieldCharger","Guardian:PrimingBeam"],"picked":"Guardian:PolyBeam","floor":23},{"not_picked":["Guardian:Suspension","Guardian:Recover"],"picked":"Guardian:Incinerate","floor":27},{"not_picked":["Guardian:Suspension","Guardian:Gem_Lightblue","Guardian:ShieldSpikes"],"picked":"SKIP","floor":28},{"not_picked":["Guardian:PiercingHide","Guardian:Gem_Lightblue","Guardian:RollAttack+1"],"picked":"SKIP","floor":30},{"not_picked":["Guardian:SentryBeam","Guardian:Incinerate","Guardian:Gem_Lightblue"],"picked":"SKIP","floor":31},{"not_picked":["Guardian:PrimingBeam","Guardian:EvasiveProtocol"],"picked":"Guardian:Gem_Cyan","floor":32},{"not_picked":["Guardian:FierceBash","Guardian:FastForward"],"picked":"Guardian:BaubleBeam","floor":33},{"not_picked":["Guardian:ArmoredProtocol","Guardian:Orbwalk+1"],"picked":"Guardian:SpikerProtocol","floor":36},{"not_picked":["Guardian:Recover+1","Guardian:PiercingHide+1"],"picked":"Guardian:TimeCapacitor+1","floor":38},{"not_picked":["expansioncontent:Chronoboost","Replay:SS_fish_1"],"picked":"expansioncontent:AwakenDeath","floor":39},{"not_picked":["Guardian:Planning","Guardian:PrimingBeam","Guardian:Suspension"],"picked":"SKIP","floor":40},{"not_picked":["Guardian:ArmoredProtocol+1","Guardian:RefractedBeam"],"picked":"Guardian:Gem_Blue","floor":42},{"not_picked":["Guardian:Recover+1","Guardian:Gem_Cyan"],"picked":"Guardian:Planning+1","floor":43},{"not_picked":["Guardian:RollAttack+1","Guardian:ChargeCore+1"],"picked":"Guardian:Gem_Red","floor":45},{"not_picked":["Guardian:BronzeArmor","Guardian:Emergency"],"picked":"Guardian:DonusPower+1","floor":46},{"not_picked":["Guardian:WalkerClaw","Guardian:GemFinder"],"picked":"Guardian:StasisField","floor":47},{"not_picked":["Guardian:Planning+1","Guardian:Reroute+1"],"picked":"Guardian:Gem_Yellow","floor":49},{"not_picked":["Guardian:ChargeCore+1","Guardian:Gem_Fragmented"],"picked":"Guardian:Gem_Orange","floor":52}],"player_experience":369083,"relics_obtained":[{"floor":7,"key":"Replay:Rubber Ducky"},{"floor":11,"key":"Shuriken"},{"floor":24,"key":"hubris:CuriousFeather"},{"floor":47,"key":"Replay:Bottled Flurry"},{"floor":52,"key":"Dead Branch"}],"event_choices":[],"is_beta":false,"boss_relics":[{"not_picked":["hubris:GrandSneckoEye","ReplayTheSpireMod:DimensionalGlitch"],"picked":"hubris:HollowSoul"},{"not_picked":["Coffee Dripper","SlaversCollar"],"picked":"infinitespire:Cupcake"}],"items_purged_floors":[43],"is_endless":false,"potions_floor_spawned":[8,11,12,15,16,19,22,23,33,40,42,45,47,49],"ascension_level":0}}