{"host":"wmojtwekh6s3tor5","time":1613580094,"event":{"mods":["BaseMod","Colored Map","Colored Powertips","DeckTracker","Highlight Path","Minty Spire (QoL Compilation)","Quick Restart","StSLib"],"gold_per_floor":[114,127,127,144,144,144,170,189,189,189,189,189,200,200,200,300,300,315,230,155,95,111,111,123,139,139,164,175,175,175,191,191,291,291,311,321,94,94,94,94,113,0,0,14,60,60,73,85,85,85,85],"floor_reached":50,"language":"ZHS","playtime":2344,"items_purged":["Strike_G"],"score":692,"play_id":"c0823390-73d2-4d5e-afb5-fb1a864e98f0","local_time":"20210218004134","is_ascension_mode":true,"campfire_choices":[{"floor":6.0,"key":"REST"},{"data":"All Out Attack","floor":10.0,"key":"SMITH"},{"data":"Neutralize","floor":12.0,"key":"SMITH"},{"data":"Blade Dance","floor":15.0,"key":"SMITH"},{"data":"After Image","floor":23.0,"key":"SMITH"},{"data":"Escape Plan","floor":29.0,"key":"SMITH"},{"data":"Choke","floor":32.0,"key":"SMITH"},{"data":"Survivor","floor":40.0,"key":"SMITH"},{"floor":46.0,"key":"REST"},{"floor":49.0,"key":"REST"}],"circlet_count":0,"master_deck":["Strike_G","Defend_G","Defend_G+1","Defend_G","Defend_G","Defend_G","Survivor+1","Backstab+1","Blade Dance+1","All Out Attack+1","Escape Plan+1","After Image+1","CurseOfTheBell","Choke+1","Acrobatics+1"],"relics":["WristBlade","InkBottle","Meat on the Bone","StrikeDummy","Calling Bell","Toy Ornithopter","Singing Bowl","Tough Bandages","Dream Catcher","HornCleat","MealTicket","Busted Crown","Nunchaku","Red Mask","Mummified Hand","Ice Cream"],"acts_visited":["Exordium","TheCity","TheBeyond"],"potions_floor_usage":[50,50,50],"damage_taken":[{"damage":0.0,"enemies":"Small Slimes","floor":1.0,"turns":3.0},{"damage":0.0,"enemies":"2 Louse","floor":2.0,"turns":2.0},{"damage":0.0,"enemies":"Cultist","floor":4.0,"turns":2.0},{"damage":2.0,"enemies":"Lagavulin","floor":7.0,"turns":3.0},{"damage":0.0,"enemies":"Exordium Wildlife","floor":8.0,"turns":3.0},{"damage":0.0,"enemies":"Looter","floor":13.0,"turns":2.0},{"damage":0.0,"enemies":"Slime Boss","floor":16.0,"turns":5.0},{"damage":0.0,"enemies":"Spheric Guardian","floor":18.0,"turns":3.0},{"damage":0.0,"enemies":"Shell Parasite","floor":22.0,"turns":6.0},{"damage":5.0,"enemies":"3 Cultists","floor":24.0,"turns":5.0},{"damage":0.0,"enemies":"Snake Plant","floor":25.0,"turns":5.0},{"damage":1.0,"enemies":"Centurion and Healer","floor":28.0,"turns":6.0},{"damage":2.0,"enemies":"Sentry and Sphere","floor":31.0,"turns":5.0},{"damage":22.0,"enemies":"Collector","floor":33.0,"turns":9.0},{"damage":0.0,"enemies":"3 Shapes","floor":35.0,"turns":5.0},{"damage":1.0,"enemies":"3 Darklings","floor":36.0,"turns":8.0},{"damage":6.0,"enemies":"Sphere and 2 Shapes","floor":41.0,"turns":6.0},{"damage":4.0,"enemies":"4 Shapes","floor":44.0,"turns":7.0},{"damage":27.0,"enemies":"2 Orb Walkers","floor":45.0,"turns":4.0},{"damage":0.0,"enemies":"Maw","floor":47.0,"turns":7.0},{"damage":0.0,"enemies":"Sphere and 2 Shapes","floor":48.0,"turns":4.0},{"damage":117,"enemies":"Donu and Deca","floor":50,"turns":10}],"seed_played":"-2955159537285894821","potions_obtained":[{"floor":1.0,"key":"FearPotion"},{"floor":4.0,"key":"Explosive Potion"},{"floor":13.0,"key":"DuplicationPotion"},{"floor":16.0,"key":"FearPotion"},{"floor":28.0,"key":"Swift Potion"},{"floor":33.0,"key":"Dexterity Potion"},{"floor":41.0,"key":"Weak Potion"}],"is_trial":false,"path_per_floor":["M","M","?","M","?","R","E","M","T","R","?","R","M","?","R","B",null,"M","?","?","?","M","R","M","M","T","T","M","R","?","M","R","B",null,"M","M","$","?","?","R","M","?","T","M","?","R","M","M","R","B"],"character_chosen":"THE_SILENT","items_purchased":["Nunchaku"],"campfire_rested":3,"item_purchase_floors":[37],"current_hp_per_floor":[63,63,49,49,31,52,50,50,50,50,50,50,50,70,70,70,70,72,72,72,72,74,74,71,73,73,73,74,74,74,74,74,54,77,79,80,88,88,84,84,78,78,78,76,51,79,81,83,96,0,0],"gold":85,"neow_bonus":"BOSS_RELIC","is_daily":false,"chose_seed":false,"campfire_upgraded":7,"win_rate":0.0,"timestamp":1613580094,"path_taken":["M","M","?","M","?","R","E","M","T","R","?","R","M","?","R","BOSS","M","?","?","?","M","R","M","?","T","?","M","R","?","M","R","BOSS","M","?","$","?","?","R","M","?","T","M","?","R","M","?","R","BOSS"],"items_purchased_type":["Relic"],"build_version":"2020-12-22","purchased_purges":1,"victory":false,"max_hp_per_floor":[70,70,70,70,70,70,70,70,70,70,70,70,70,70,70,70,70,72,72,72,72,74,74,76,78,78,78,80,80,80,82,82,84,84,86,88,88,88,84,84,84,84,84,86,88,90,92,94,96,96,96],"card_choices":[{"not_picked":["Underhanded Strike","Sucker Punch"],"picked":"Backstab","floor":1.0},{"not_picked":["Catalyst","Prepared"],"picked":"Blade Dance","floor":2.0},{"not_picked":["Prepared","Bane","Flying Knee"],"picked":"SKIP","floor":4.0},{"not_picked":["Prepared","Bane","Flying Knee"],"picked":"SKIP","floor":4.0},{"not_picked":["Bane","Flying Knee"],"picked":"All Out Attack","floor":7.0},{"not_picked":["Prepared","Poisoned Stab"],"picked":"Escape Plan","floor":8.0},{"not_picked":["Skewer","Catalyst","Dodge and Roll"],"picked":"SKIP","floor":13.0},{"not_picked":["Unload","Tools of the Trade"],"picked":"After Image","floor":16.0},{"not_picked":["Blade Dance+1","PiercingWail","Quick Slash+1"],"picked":"Singing Bowl","floor":18.0},{"not_picked":["Dodge and Roll","Sucker Punch","Unload"],"picked":"Singing Bowl","floor":22.0},{"not_picked":["Sucker Punch+1","Eviscerate","Reflex"],"picked":"Singing Bowl","floor":24.0},{"not_picked":["Sucker Punch+1","Dash","Prepared"],"picked":"Singing Bowl","floor":25.0},{"not_picked":["Acrobatics","Deadly Poison","Blade Dance"],"picked":"Singing Bowl","floor":28.0},{"not_picked":["Choke+1","Bane","Wraith Form v2"],"picked":"Singing Bowl","floor":31.0},{"not_picked":["Die Die Die","Glass Knife","Venomology"],"picked":"Singing Bowl","floor":33.0},{"not_picked":["Deflect"],"picked":"Singing Bowl","floor":35.0},{"not_picked":["Backflip"],"picked":"Singing Bowl","floor":36.0},{"not_picked":[],"picked":"Acrobatics+1","floor":41.0},{"not_picked":["Flying Knee+1"],"picked":"Singing Bowl","floor":44.0},{"not_picked":["Deflect"],"picked":"Singing Bowl","floor":45.0},{"not_picked":["Blur"],"picked":"Singing Bowl","floor":46.0},{"not_picked":["Flying Knee+1"],"picked":"Singing Bowl","floor":47.0},{"not_picked":["Bouncing Flask+1"],"picked":"Singing Bowl","floor":48.0},{"not_picked":["Acrobatics"],"picked":"Singing Bowl","floor":49.0}],"player_experience":665078,"relics_obtained":[{"floor":7.0,"key":"Meat on the Bone"},{"floor":9.0,"key":"StrikeDummy"},{"floor":17.0,"key":"Toy Ornithopter"},{"floor":17.0,"key":"Singing Bowl"},{"floor":17.0,"key":"Tough Bandages"},{"floor":26.0,"key":"HornCleat"},{"floor":27.0,"key":"MealTicket"},{"floor":43.0,"key":"Mummified Hand"},{"floor":45.0,"key":"Ice Cream"}],"event_choices":[{"damage_healed":0.0,"max_hp_gain":0.0,"max_hp_loss":0.0,"gold_gain":0.0,"event_name":"Shining Light","player_choice":"Entered Light","floor":3.0,"gold_loss":0.0,"damage_taken":14.0,"cards_upgraded":["Defend_G","Backstab"]},{"damage_healed":0.0,"max_hp_gain":0.0,"max_hp_loss":0.0,"gold_gain":0.0,"event_name":"Scrap Ooze","player_choice":"Success","floor":5.0,"gold_loss":0.0,"damage_taken":18.0,"relics_obtained":["InkBottle"]},{"damage_healed":0.0,"max_hp_gain":0.0,"max_hp_loss":0.0,"gold_gain":0.0,"event_name":"Dead Adventurer","player_choice":"Searched \u00270\u0027 times","floor":11.0,"gold_loss":0.0,"damage_taken":0.0},{"damage_healed":23.0,"max_hp_gain":0.0,"max_hp_loss":0.0,"gold_gain":0.0,"event_name":"Big Fish","player_choice":"Banana","floor":14.0,"gold_loss":0.0,"damage_taken":0.0},{"damage_healed":0.0,"max_hp_gain":0.0,"max_hp_loss":0.0,"gold_gain":0.0,"event_name":"Addict","player_choice":"Obtained Relic","floor":19.0,"gold_loss":85.0,"damage_taken":0.0,"relics_obtained":["Dream Catcher"]},{"cards_removed":["Strike_G"],"damage_healed":0.0,"max_hp_gain":0.0,"max_hp_loss":0.0,"gold_gain":0.0,"event_name":"Beggar","player_choice":"Gave Gold","floor":20.0,"gold_loss":75.0,"damage_taken":0.0},{"cards_removed":["Strike_G"],"damage_healed":0.0,"max_hp_gain":0.0,"max_hp_loss":0.0,"gold_gain":0.0,"event_name":"Designer","player_choice":"Single Remove","floor":21.0,"gold_loss":60.0,"damage_taken":0.0},{"damage_healed":0.0,"max_hp_gain":0.0,"max_hp_loss":0.0,"gold_gain":0.0,"cards_transformed":["Strike_G"],"event_name":"Transmorgrifier","player_choice":"Transformed","floor":30.0,"gold_loss":0.0,"damage_taken":0.0,"cards_obtained":["Choke"]},{"cards_removed":["Neutralize"],"damage_healed":0.0,"max_hp_gain":0.0,"max_hp_loss":0.0,"gold_gain":0.0,"event_name":"Falling","player_choice":"Removed Attack","floor":38.0,"gold_loss":0.0,"damage_taken":0.0},{"damage_healed":0.0,"max_hp_gain":0.0,"max_hp_loss":4.0,"gold_gain":0.0,"event_name":"Winding Halls","player_choice":"Max HP","floor":39.0,"gold_loss":0.0,"damage_taken":0.0},{"damage_healed":0.0,"max_hp_gain":0.0,"max_hp_loss":0.0,"gold_gain":0.0,"event_name":"Tomb of Lord Red Mask","player_choice":"Paid","floor":42.0,"gold_loss":113.0,"damage_taken":0.0,"relics_obtained":["Red Mask"]},{"damage_healed":0.0,"max_hp_gain":0.0,"max_hp_loss":0.0,"gold_gain":0.0,"event_name":"Mysterious Sphere","player_choice":"Fight","floor":45.0,"gold_loss":0.0,"damage_taken":0.0}],"is_beta":false,"boss_relics":[{"not_picked":["Runic Dome","Snecko Eye"],"picked":"Calling Bell"},{"not_picked":["SacredBark","Tiny House"],"picked":"Busted Crown"}],"items_purged_floors":[37],"is_endless":false,"potions_floor_spawned":[1,4,13,16,28,33,41,44,45,47],"killed_by":"Donu and Deca","ascension_level":6}}