{"host":"pqs17sqrgflf4eqa","time":1613603136,"event":{"mods":["AchievementEnabler","BaseMod","Bestiary","Better Altar","Better Match","Better Skull","Block Reminder","Bossed Relics","Colored Map","Colored Powertips","Curses Come First","Dark Map","DeckTracker","Defective Defect","Displayed Cursed Tome","Emptier Cage","Googly Eyes","Highlight Path","Minty Spire (QoL Compilation)","Quick Restart","Slay-I","StSLib","SuperFastMode","Synergy Search","Thieving Mod","Transform Curses","everything is the same but u backflip on backflip","slay the spire mod where everything is the same but ironclad has a cowboy hat"],"gold_per_floor":[110,110,285,308,308,308,348,367,443,314,314,329,279,60,60,185,185,198,223,223,223,223,223],"floor_reached":22,"language":"ENG","playtime":356,"items_purged":["Strike_P","Indignation"],"score":269,"play_id":"2aa6d2ba-5e21-4248-92f4-05a8a09b6b55","local_time":"20210217180536","is_ascension_mode":true,"campfire_choices":[{"data":"Eruption","floor":6,"key":"SMITH"},{"data":"Secret Weapon","floor":11,"key":"SMITH"},{"data":"Discovery","floor":15,"key":"SMITH"}],"circlet_count":0,"master_deck":["Strike_P","Strike_P","Defend_P","Defend_P","Defend_P","Defend_P","Eruption+1","Vigilance","CrushJoints","FollowUp","Vengeance","Secret Weapon+1","FlyingSleeves","Brilliance","Discovery+1","BattleHymn","DevaForm","Tantrum"],"relics":["PureWater","NeowsBlessing","Golden Idol","Anchor","Yang","Membership Card","Akabeko","Letter Opener","Philosopher\u0027s Stone"],"acts_visited":["Exordium","TheCity"],"potions_floor_usage":[10,12,16,16,19],"damage_taken":[{"damage":0,"enemies":"Small Slimes","floor":1,"turns":2},{"damage":0,"enemies":"Jaw Worm","floor":4,"turns":1},{"damage":0,"enemies":"Gremlin Nob","floor":7,"turns":1},{"damage":0,"enemies":"2 Louse","floor":8,"turns":2},{"damage":0,"enemies":"Red Slaver","floor":12,"turns":1},{"damage":42,"enemies":"Hexaghost","floor":16,"turns":5},{"damage":4,"enemies":"Chosen","floor":18,"turns":3},{"damage":49,"enemies":"3 Byrds","floor":19,"turns":3},{"damage":3,"enemies":"Snake Plant","floor":22,"turns":1}],"seed_played":"8314948079242756851","potions_obtained":[{"floor":1,"key":"Weak Potion"},{"floor":7,"key":"ThievingMod:ThievingPotion"},{"floor":19,"key":"Ancient Potion"}],"is_trial":false,"path_per_floor":["M","?","?","M","?","R","E","M","T","$","R","M","?","$","R","B",null,"M","M","?","?","M"],"character_chosen":"WATCHER","items_purchased":["Secret Weapon","Brilliance","Fire Potion","Discovery","BattleHymn"],"campfire_rested":0,"item_purchase_floors":[10,14,14,14,14],"current_hp_per_floor":[65,65,65,65,65,65,65,65,65,65,65,65,65,65,65,23,56,52,3,3,3,0,0],"gold":223,"neow_bonus":"THREE_ENEMY_KILL","is_daily":false,"chose_seed":false,"campfire_upgraded":3,"win_rate":0.0,"timestamp":1613603136,"path_taken":["M","?","?","M","?","R","E","M","T","$","R","?","?","$","R","BOSS","M","M","?","?","M"],"items_purchased_type":["Card","Card","Potion","Card","Card"],"build_version":"2020-12-22","purchased_purges":2,"victory":false,"max_hp_per_floor":[72,67,67,67,67,67,67,67,67,67,67,67,67,67,67,67,67,67,67,67,67,67,67],"card_choices":[{"not_picked":["DeceiveReality","SashWhip"],"picked":"CrushJoints","floor":1},{"not_picked":["SignatureMove","EmptyFist"],"picked":"FollowUp","floor":4},{"not_picked":["Conclude","EmptyFist"],"picked":"Indignation","floor":7},{"not_picked":["ThirdEye","Evaluate"],"picked":"FlurryOfBlows","floor":8},{"not_picked":["Prostrate","Crescendo"],"picked":"FlyingSleeves","floor":12},{"not_picked":["Alpha","Omniscience"],"picked":"DevaForm","floor":16},{"not_picked":["DeceiveReality","FollowUp"],"picked":"Tantrum","floor":18},{"not_picked":["CutThroughFate","SashWhip","FlyingSleeves+1"],"picked":"SKIP","floor":19}],"player_experience":225926,"relics_obtained":[{"floor":7,"key":"Anchor"},{"floor":9,"key":"Yang"}],"event_choices":[{"damage_healed":0,"gold_gain":0,"player_choice":"Lose Max HP","damage_taken":0,"relics_obtained":["Golden Idol"],"max_hp_gain":0,"max_hp_loss":5,"event_name":"Golden Idol","floor":2,"gold_loss":0},{"damage_healed":0,"gold_gain":175,"player_choice":"AGREE","damage_taken":0,"max_hp_gain":0,"max_hp_loss":0,"event_name":"Liars Game","floor":3,"gold_loss":0,"cards_obtained":["Doubt"]},{"cards_removed":["Doubt"],"damage_healed":0,"gold_gain":0,"player_choice":"Removed Curses","damage_taken":0,"max_hp_gain":0,"max_hp_loss":0,"event_name":"Fountain of Cleansing","floor":5,"gold_loss":0},{"cards_removed":["Strike_P"],"damage_healed":0,"gold_gain":0,"player_choice":"Card Removal","damage_taken":0,"max_hp_gain":0,"max_hp_loss":0,"event_name":"The Cleric","floor":13,"gold_loss":50},{"damage_healed":0,"gold_gain":0,"player_choice":"Ignored","damage_taken":0,"max_hp_gain":0,"max_hp_loss":0,"event_name":"Beggar","floor":20,"gold_loss":0},{"cards_removed":["FlurryOfBlows"],"damage_healed":0,"gold_gain":0,"player_choice":"Purged","damage_taken":0,"max_hp_gain":0,"max_hp_loss":0,"event_name":"Purifier","floor":21,"gold_loss":0}],"is_beta":false,"boss_relics":[{"not_picked":["Pandora\u0027s Box","Ectoplasm"],"picked":"Philosopher\u0027s Stone"}],"items_purged_floors":[10,14],"is_endless":false,"potions_floor_spawned":[1,7,19],"killed_by":"Snake Plant","ascension_level":6}}