{"host":"ndpbn7fqb3wjbd7p","time":1613583573,"event":{"mods":["AchievementEnabler","Act Like it!","AlwaysNeverKeys","BaseMod","Better Vampires","Block Reminder","Colored Powertips","DeckTracker","Defuse TimeMaze Blight","Friendly Minions","Highlight Path","MarisaÅiñ∂âJÅ@ñÇóùçπÅj","Minty Spire (QoL Compilation)","Permanent Neow","Shade Mod","StSLib","SuperFastMode","Synergy Search","The Mystic","Unceasing Turn Reminder","Wandering Minibosses"],"gold_per_floor":[114,128,128,53,77,77,77,91,118,18,32,32,46,67,67,156,156,181,56,56,56],"floor_reached":20,"language":"ENG","playtime":816,"items_purged":["Defend_B","Strike_B","Strike_B"],"score":274,"play_id":"60733c3b-4633-44ad-afbc-be40beed9802","local_time":"20210217183933","is_ascension_mode":true,"campfire_choices":[{"data":"Blizzard","floor":6,"key":"SMITH"},{"data":"Zap","floor":12,"key":"SMITH"},{"data":"Fission","floor":15,"key":"SMITH"}],"circlet_count":0,"master_deck":["AscendersBane","Strike_B","Defend_B","Defend_B","Defend_B","Zap+1","Steam","Blizzard+1","Cold Snap","Cold Snap","Self Repair","Fission+1"],"relics":["Cracked Core","Golden Idol","Anchor","Nuclear Battery"],"acts_visited":["Exordium","TheCity"],"potions_floor_usage":[16],"damage_taken":[{"damage":18,"enemies":"Jaw Worm","floor":1,"turns":4},{"damage":0,"enemies":"Small Slimes","floor":2,"turns":4},{"damage":0,"enemies":"2 Louse","floor":5,"turns":3},{"damage":11,"enemies":"Looter","floor":8,"turns":3},{"damage":0,"enemies":"Blue Slaver","floor":11,"turns":4},{"damage":0,"enemies":"2 Fungi Beasts","floor":13,"turns":3},{"damage":4,"enemies":"Lots of Slimes","floor":14,"turns":3},{"damage":35,"enemies":"Slime Boss","floor":16,"turns":12},{"damage":13,"enemies":"Spheric Guardian","floor":18,"turns":5},{"damage":66,"enemies":"Masked Bandits","floor":20,"turns":5}],"seed_played":"8805846540984401111","potions_obtained":[{"floor":5,"key":"FocusPotion"},{"floor":8,"key":"FairyPotion"}],"is_trial":false,"path_per_floor":["M","M","?","$","M","R","?","M","T","$","M","R","M","M","R","B",null,"M","$","?"],"character_chosen":"DEFECT","items_purchased":[],"campfire_rested":0,"item_purchase_floors":[],"current_hp_per_floor":[32,32,32,32,32,32,32,21,21,21,21,21,21,24,24,26,58,52,52,0,0],"gold":56,"neow_bonus":"REMOVE_TWO","is_daily":false,"chose_seed":false,"campfire_upgraded":3,"win_rate":0.0,"timestamp":1613583573,"path_taken":["M","M","?","$","M","R","?","M","T","$","M","R","M","M","R","BOSS","M","$","?"],"items_purchased_type":[],"build_version":"2020-12-22","purchased_purges":3,"victory":false,"max_hp_per_floor":[75,75,69,69,69,69,69,69,69,69,69,69,69,69,69,69,69,69,69,69,69],"card_choices":[{"not_picked":["Leap","Cold Snap"],"picked":"Steam","floor":1},{"not_picked":["Cold Snap","Beam Cell"],"picked":"Blizzard","floor":2},{"not_picked":["Skim","Reinforced Body"],"picked":"Cold Snap","floor":5},{"not_picked":["FTL","Barrage"],"picked":"Cold Snap","floor":8},{"not_picked":["Streamline","Barrage","Sweeping Beam"],"picked":"SKIP","floor":11},{"not_picked":["Steam","Go for the Eyes"],"picked":"Self Repair","floor":13},{"not_picked":["Loop","Auto Shields"],"picked":"Fission","floor":14},{"not_picked":["Auto Shields","Sunder","Barrage"],"picked":"SKIP","floor":18}],"player_experience":1221112,"relics_obtained":[{"floor":9,"key":"Anchor"}],"event_choices":[{"damage_healed":0,"gold_gain":0,"player_choice":"Lose Max HP","damage_taken":0,"relics_obtained":["Golden Idol"],"max_hp_gain":0,"max_hp_loss":6,"event_name":"Golden Idol","floor":3,"gold_loss":0},{"damage_healed":0,"gold_gain":0,"player_choice":"Ignored","damage_taken":0,"max_hp_gain":0,"max_hp_loss":0,"event_name":"Liars Game","floor":7,"gold_loss":0},{"damage_healed":0,"gold_gain":0,"player_choice":"Fought Bandits","damage_taken":0,"max_hp_gain":0,"max_hp_loss":0,"event_name":"Masked Bandits","floor":20,"gold_loss":0}],"is_beta":false,"boss_relics":[{"not_picked":["Ectoplasm","Fusion Hammer"],"picked":"Nuclear Battery"}],"items_purged_floors":[4,10,19],"is_endless":false,"potions_floor_spawned":[5,8,13],"killed_by":"Masked Bandits","ascension_level":13}}