{"host":"fbdlh90rovbiajun","time":1613530093,"event":{"mods":["AchievementEnabler","BaseMod","Colored Map","Keyboard Shortcuts","Minty Spire (QoL Compilation)","SuperFastMode"],"gold_per_floor":[17,31,42,56,71,101,101,130,130,130,95,12,12,26,26,121,121,138,149,149,149],"floor_reached":20,"language":"KOR","playtime":973,"items_purged":[],"score":186,"play_id":"b47c7eec-5c69-4969-9532-e04407f4e298","local_time":"20210217114813","is_ascension_mode":false,"campfire_choices":[{"data":"Zap","floor":7.0,"key":"SMITH"},{"data":"Dualcast","floor":10.0,"key":"SMITH"},{"data":"Loop","floor":13.0,"key":"SMITH"},{"floor":15.0,"key":"REST"}],"circlet_count":0,"master_deck":["Strike_B","Strike_B","Strike_B","Defend_B","Defend_B","Defend_B","Zap+1","Dualcast+1","Rainbow","All For One","Compile Driver","Aggregate","Consume","Coolheaded","Consume+1","Fusion+1","Loop+1","Streamline+1","Meteor Strike+1","Defragment","Stack+1"],"relics":["Cracked Core","Toxic Egg 2","Peace Pipe","Molten Egg 2","Black Star"],"acts_visited":["Exordium","TheCity"],"potions_floor_usage":[],"damage_taken":[{"damage":0.0,"enemies":"Cultist","floor":1.0,"turns":4.0},{"damage":4.0,"enemies":"Jaw Worm","floor":2.0,"turns":3.0},{"damage":7.0,"enemies":"2 Louse","floor":3.0,"turns":3.0},{"damage":2.0,"enemies":"Blue Slaver","floor":4.0,"turns":4.0},{"damage":11.0,"enemies":"Exordium Thugs","floor":5.0,"turns":4.0},{"damage":24.0,"enemies":"3 Sentries","floor":6.0,"turns":6.0},{"damage":25.0,"enemies":"Gremlin Nob","floor":8.0,"turns":4.0},{"damage":4.0,"enemies":"Gremlin Gang","floor":14.0,"turns":4.0},{"damage":23.0,"enemies":"Slime Boss","floor":16.0,"turns":8.0},{"damage":25,"enemies":"3 Byrds","floor":18,"turns":5},{"damage":15,"enemies":"Chosen","floor":19,"turns":6},{"damage":38,"enemies":"Shelled Parasite and Fungi","floor":20,"turns":3}],"seed_played":"-1476660422545463608","potions_obtained":[{"floor":2.0,"key":"LiquidBronze"},{"floor":3.0,"key":"FocusPotion"},{"floor":4.0,"key":"Weak Potion"},{"floor":8.0,"key":"Fire Potion"},{"floor":16.0,"key":"GamblersBrew"},{"floor":19,"key":"Fire Potion"}],"is_trial":false,"path_per_floor":["M","M","M","M","M","E","R","E","T","R","?","$","R","M","R","B",null,"M","M","M"],"character_chosen":"DEFECT","items_purchased":["Loop","Streamline+1"],"campfire_rested":1,"item_purchase_floors":[12,12],"current_hp_per_floor":[75,71,64,62,51,27,27,2,2,2,20,20,20,16,38,15,75,50,35,0,0],"gold":149,"neow_bonus":"TRANSFORM_TWO_CARDS","is_daily":false,"chose_seed":false,"campfire_upgraded":3,"win_rate":0.0,"timestamp":1613530093,"path_taken":["M","M","M","M","M","E","R","E","T","R","?","$","R","M","R","BOSS","M","M","M"],"items_purchased_type":["Card","Card"],"build_version":"2020-12-22","purchased_purges":0,"victory":false,"max_hp_per_floor":[75,75,75,75,75,75,75,75,75,75,75,75,75,75,75,75,75,75,75,75,75],"card_choices":[{"not_picked":["Beam Cell","Sweeping Beam"],"picked":"Compile Driver","floor":1.0},{"not_picked":["Static Discharge","Lockon","Force Field"],"picked":"SKIP","floor":2.0},{"not_picked":["Rebound","Stack"],"picked":"Aggregate","floor":3.0},{"not_picked":["Self Repair","Redo"],"picked":"Consume","floor":4.0},{"not_picked":["White Noise","Turbo"],"picked":"Coolheaded","floor":5.0},{"not_picked":["Leap+1","Heatsinks"],"picked":"Consume+1","floor":6.0},{"not_picked":["Doom and Gloom","Chill+1"],"picked":"Fusion+1","floor":8.0},{"not_picked":["Tempest+1","Biased Cognition","Double Energy+1"],"picked":"SKIP","floor":14.0},{"not_picked":["Core Surge+1","Creative AI"],"picked":"Meteor Strike+1","floor":16.0},{"not_picked":["Cold Snap+1","Streamline+1"],"picked":"Defragment","floor":18},{"not_picked":["FTL+1","Rebound+1"],"picked":"Stack+1","floor":19}],"player_experience":67708,"relics_obtained":[{"floor":6.0,"key":"Toxic Egg 2"},{"floor":8.0,"key":"Peace Pipe"},{"floor":9.0,"key":"Molten Egg 2"}],"event_choices":[{"damage_healed":18.0,"max_hp_gain":0.0,"max_hp_loss":0.0,"gold_gain":0.0,"event_name":"The Cleric","player_choice":"Healed","floor":11.0,"gold_loss":35.0,"damage_taken":0.0}],"is_beta":false,"boss_relics":[{"not_picked":["Astrolabe","Fusion Hammer"],"picked":"Black Star"}],"items_purged_floors":[],"is_endless":false,"potions_floor_spawned":[2,3,4,8,16,19],"killed_by":"Shelled Parasite and Fungi","ascension_level":0}}