{"host":"f7915vm1ahl7kex1","time":1613520362,"event":{"mods":["BaseMod","Colored Map","Downfall","Minty Spire (QoL Compilation)","Quick Restart","StSLib"],"gold_per_floor":[99,112,131,131,161,178,178,191,191,225,89,124,24,36,56,155,155,155,170,170,183,8,208,208,208,208,69,69,69,101,113,123,222,222,222,241,523,547,211,220,244,294,642,442,459,489,489,498,525,525,525,525],"floor_reached":50,"language":"ENG","playtime":15203,"items_purged":["hexamod:Strike","Pain","hexamod:BacktrackSmack","hexamod:Sear"],"score":571,"play_id":"7069c2f7-7360-40af-a721-05e3e0ea5786","local_time":"20210216180602","is_ascension_mode":false,"campfire_choices":[{"floor":1,"key":"RECALL"},{"data":"hexamod:FastForward","floor":9,"key":"SMITH"},{"data":"hexamod:TimeWarp","floor":13,"key":"SMITH"},{"data":"hexamod:TimeWarp","floor":18,"key":"SMITH"},{"data":"hexamod:HauntingEcho","floor":25,"key":"SMITH"},{"data":"hexamod:TimeWarp","floor":35,"key":"SMITH"},{"floor":44,"key":"REST"},{"floor":47,"key":"REST"}],"circlet_count":0,"master_deck":["hexamod:Defend","hexamod:Defend","hexamod:Defend","hexamod:Float","hexamod:ThermalTransfer","hexamod:AdvancingGuard","hexamod:FastForward+1","hexamod:TimeWarp+1","hexamod:SoulSteal","hexamod:EmpoweredFlame+1","hexamod:TimeWarp+1","hexamod:ShieldOfDarkness+1","hexamod:PhantomFireball+1","hexamod:SwordOfDarkness+1","hexamod:GhostflameBarrier","RitualDagger","hexamod:HexaLevel+1","hexamod:TimeWarp+1","hexamod:RainOfEmbers","hexamod:EmpoweredFlame+1","hexamod:SearingWound","hexamod:Hexaguard+1"],"relics":["hexamod:UnbrokenSoul","hexamod:SoulConsumer","Frozen Egg 2","Meat on the Bone","Juzu Bracelet","downfall:HeartBlessingRed","Astrolabe","Bag of Marbles","Membership Card","OrangePellets","Bag of Preparation","Nunchaku","CeramicFish","Ice Cream","ClockworkSouvenir","Oddly Smooth Stone","Lizard Tail","Old Coin","downfall:HeartBlessingBlue","downfall:HeartBlessingGreen","Vajra"],"acts_visited":["Exordium","TheCity","TheBeyond"],"potions_floor_usage":[],"damage_taken":[{"damage":6,"enemies":"Jaw Worm","floor":2,"turns":4},{"damage":2,"enemies":"Small Slimes","floor":3,"turns":4},{"damage":0,"enemies":"Cultist","floor":6,"turns":3},{"damage":6,"enemies":"Exordium Thugs","floor":8,"turns":6},{"damage":9,"enemies":"Lagavulin","floor":10,"turns":8},{"damage":0,"enemies":"downfall:FleeingMerchant","floor":11,"turns":4},{"damage":1,"enemies":"Gremlin Nob","floor":12,"turns":3},{"damage":3,"enemies":"Lots of Slimes","floor":14,"turns":3},{"damage":3,"enemies":"Gremlin Gang","floor":15,"turns":3},{"damage":4,"enemies":"SI_SHIV_ARCHETYPE","floor":16,"turns":6},{"damage":0,"enemies":"Spheric Guardian","floor":19,"turns":3},{"damage":14,"enemies":"downfall:LooterAlt2","floor":21,"turns":5},{"damage":10,"enemies":"downfall:FleeingMerchant","floor":22,"turns":4},{"damage":21,"enemies":"downfall:FleeingMerchant","floor":27,"turns":4},{"damage":26,"enemies":"Gremlin Leader","floor":30,"turns":6},{"damage":0,"enemies":"3 Cultists","floor":31,"turns":4},{"damage":8,"enemies":"Chosen and Byrds","floor":32,"turns":5},{"damage":27,"enemies":"IC_MUSHROOM_ARCHETYPE","floor":33,"turns":6},{"damage":0,"enemies":"3 Darklings","floor":36,"turns":3},{"damage":0,"enemies":"downfall:FleeingMerchant","floor":37,"turns":2},{"damage":27,"enemies":"downfall:FleeingMerchant","floor":42,"turns":5},{"damage":44,"enemies":"2 Orb Walkers","floor":43,"turns":5},{"damage":1,"enemies":"Orb Walker","floor":45,"turns":2},{"damage":50,"enemies":"Nemesis","floor":46,"turns":6},{"damage":25,"enemies":"Maw","floor":49,"turns":7},{"damage":95,"enemies":"DF_ARCHETYPE_ORBS","floor":50,"turns":5}],"seed_played":"-2436555042443987113","potions_obtained":[{"floor":2,"key":"bronze:BurnAndBuffPotion"},{"floor":6,"key":"CultistPotion"},{"floor":8,"key":"Dexterity Potion"},{"floor":16,"key":"Strength Potion"},{"floor":32,"key":"hexamod:DoubleChargePotion"},{"floor":42,"key":"CultistPotion"}],"is_trial":false,"path_per_floor":["R","M","M","?","?","M","T","M","R","E","$","E","R","M","M","B",null,"R","M","?","M","$","?","T","R","?","$","?","?","E","M","M","B",null,"R","M","$","T","$","?","T","?","?","R","M","E","R","?","M","B"],"character_chosen":"THE_SPIRIT","items_purchased":["hexamod:BacktrackSmack","Membership Card","hexamod:HauntingEcho","OrangePellets","hexamod:RainOfEmbers","Ice Cream","ClockworkSouvenir"],"campfire_rested":2,"item_purchase_floors":[11,22,22,27,39,39,39],"current_hp_per_floor":[77,71,69,69,69,73,73,71,71,66,70,73,73,74,75,75,77,77,77,77,67,61,61,61,61,55,50,50,50,40,44,52,41,77,77,77,77,77,77,77,77,54,26,62,65,31,57,57,48,0,0,0],"gold":525,"neow_bonus":"TEN_PERCENT_HP_BONUS","is_daily":false,"chose_seed":false,"campfire_upgraded":5,"win_rate":0.0,"timestamp":1613520362,"path_taken":["R","M","M","?","?","M","T","?","R","E","$","E","R","M","M","BOSS","R","M","?","M","?","?","T","R","?","$","?","?","E","M","M","BOSS","R","M","$","?","?","?","T","?","?","R","M","E","R","?","M","BOSS"],"items_purchased_type":["Card","Relic","Card","Relic","Card","Relic","Relic"],"build_version":"2020-12-22","purchased_purges":4,"victory":false,"max_hp_per_floor":[77,77,77,77,77,77,77,77,77,77,77,77,77,77,77,77,77,77,77,77,77,77,77,77,77,77,77,77,77,77,77,77,77,77,77,77,77,77,77,77,77,77,77,87,87,87,87,87,87,87,87,87],"card_choices":[{"not_picked":["hexamod:SpectralAdrenaline","hexamod:GhostLash"],"picked":"hexamod:ThermalTransfer","floor":2},{"not_picked":["hexamod:ChargedBarrage","hexamod:ThirdSeal","hexamod:SwordOfDarkness"],"picked":"SKIP","floor":3},{"not_picked":["hexamod:GhostShield","hexamod:NightmareGuise"],"picked":"hexamod:AdvancingGuard","floor":6},{"not_picked":["hexamod:HeatShield","hexamod:SpectersWail"],"picked":"hexamod:FastForward","floor":8},{"not_picked":["hexamod:SwordOfDarkness","hexamod:HauntingEcho"],"picked":"hexamod:TimeWarp","floor":10},{"not_picked":["hexamod:GhostShield","hexamod:UnleashSpirits"],"picked":"hexamod:SoulSteal","floor":11},{"not_picked":["hexamod:CatchUp","hexamod:SearingWound"],"picked":"hexamod:EmpoweredFlame+1","floor":12},{"not_picked":["hexamod:HeatShield","hexamod:ShieldOfDarkness","hexamod:HeatCrush"],"picked":"SKIP","floor":14},{"not_picked":["hexamod:SwordOfDarkness","hexamod:Firestarter","hexamod:BacktrackSmack"],"picked":"SKIP","floor":15},{"not_picked":["hexamod:ParanormalForm+1","hexamod:SixthSeal"],"picked":"hexamod:TimeWarp","floor":16},{"not_picked":["hexamod:GhostLash","hexamod:BacktrackSmack+1"],"picked":"hexamod:GhostflameBarrier","floor":19},{"not_picked":["hexamod:GhostflameBarrier","hexamod:ThermalTransfer","hexamod:DynamicBlow"],"picked":"SKIP","floor":21},{"not_picked":["hexamod:ExtraCrispy+1","hexamod:FastForward","hexamod:GhostOfSpirePresent+1"],"picked":"SKIP","floor":22},{"not_picked":["hexamod:ThirdSeal","hexamod:Hexaguard","hexamod:HeatMetal"],"picked":"SKIP","floor":27},{"not_picked":["hexamod:HauntingEcho+1","hexamod:Rewind+1","hexamod:FourthSeal"],"picked":"SKIP","floor":30},{"not_picked":["hexamod:HeatCrush","hexamod:FourthSeal","hexamod:GhostShield"],"picked":"SKIP","floor":31},{"not_picked":["hexamod:DynamicBlow+1","hexamod:ShieldOfDarkness"],"picked":"hexamod:HexaLevel+1","floor":32},{"not_picked":["hexamod:FifthSeal","hexamod:SearingWound"],"picked":"hexamod:TimeWarp","floor":33},{"not_picked":["hexamod:SecondSeal","hexamod:ThermalTransfer+1","hexamod:HauntingEcho"],"picked":"SKIP","floor":36},{"not_picked":["hexamod:FourthSeal","hexamod:Hexaguard","hexamod:InspiringFlames+1"],"picked":"SKIP","floor":37},{"not_picked":["hexamod:UnlimitedPower","hexamod:NightmareGuise+1","hexamod:ThermalTransfer+1"],"picked":"SKIP","floor":45},{"not_picked":["hexamod:FastForward","hexamod:HeatCrush","hexamod:BurningTouch"],"picked":"SKIP","floor":46},{"not_picked":["hexamod:ParanormalForm+1","hexamod:Again"],"picked":"hexamod:Hexaguard+1","floor":49}],"player_experience":1182618,"relics_obtained":[{"floor":7,"key":"Frozen Egg 2"},{"floor":10,"key":"Meat on the Bone"},{"floor":12,"key":"Juzu Bracelet"},{"floor":30,"key":"Nunchaku"},{"floor":38,"key":"CeramicFish"},{"floor":41,"key":"Oddly Smooth Stone"},{"floor":42,"key":"Lizard Tail"},{"floor":43,"key":"Old Coin"},{"floor":46,"key":"Vajra"}],"event_choices":[{"damage_healed":0,"gold_gain":200,"player_choice":"Gold","damage_taken":0,"max_hp_gain":0,"max_hp_loss":0,"event_name":"Wheel of Change","floor":23,"gold_loss":0},{"damage_healed":0,"gold_gain":0,"player_choice":"Got Potions","damage_taken":0,"max_hp_gain":0,"max_hp_loss":0,"event_name":"Lab","floor":29,"gold_loss":0},{"damage_healed":0,"gold_gain":0,"player_choice":"Fight","damage_taken":0,"max_hp_gain":0,"max_hp_loss":0,"event_name":"Mysterious Sphere","floor":43,"gold_loss":0}],"is_beta":false,"boss_relics":[{"not_picked":["Runic Pyramid","Fusion Hammer"],"picked":"Astrolabe"},{"not_picked":["Empty Cage","Pandora\u0027s Box"],"picked":"hexamod:UnbrokenSoul"}],"items_purged_floors":[11,27,37,39],"is_endless":false,"potions_floor_spawned":[2,6,8,16,21,30,32,33,42,46],"killed_by":"DF_ARCHETYPE_ORBS","ascension_level":0}}