{"host":"lv7etzzgwahaenh9","time":1613601105,"event":{"mods":["AchievementEnabler","BaseMod","Colored Map","Colored Powertips","Highlight Path","Minty Spire (QoL Compilation)","Permanent Neow","Quick Restart","Random Character Button","StSLib"],"gold_per_floor":[109,121,121,134,153,153,253,253,301,327,341,341,361,386,386,490,490,503,503,513,523,537,537,570,29,54,54,69,103,103,117,117,215,215,228,228,245,257,277,305,317,317,317],"floor_reached":42,"language":"ENG","playtime":1770,"items_purged":["Strike_R"],"score":789,"play_id":"7b40cbcd-2587-473a-b406-81237fbc7c01","local_time":"20210217143145","is_ascension_mode":true,"campfire_choices":[{"data":"Cleave","floor":6,"key":"SMITH"},{"data":"Power Through","floor":8,"key":"SMITH"},{"data":"Evolve","floor":12,"key":"SMITH"},{"data":"Sever Soul","floor":15,"key":"SMITH"},{"floor":23,"key":"REST"},{"data":"Fiend Fire","floor":30,"key":"SMITH"},{"data":"True Grit","floor":32,"key":"SMITH"}],"circlet_count":0,"master_deck":["AscendersBane","Strike_R","Strike_R","Strike_R","Strike_R","Defend_R","Defend_R","Defend_R","Defend_R","Bash+1","Cleave+1","Whirlwind+1","Power Through+1","Sever Soul+1","Evolve+1","Fiend Fire+1","Body Slam+1","True Grit+1","Seeing Red+1","Flame Barrier","Power Through","Pain","Burning Pact+1","Bludgeon","Sever Soul+1","Corruption","Armaments","Armaments+1","Second Wind+1"],"relics":["Burning Blood","PreservedInsect","Bronze Scales","Red Skull","Velvet Choker","Pen Nib","Gremlin Horn","Lee\u0027s Waffle","Orichalcum","WarpedTongs","HornCleat","Busted Crown","Toy Ornithopter"],"acts_visited":["Exordium","TheCity","TheBeyond"],"potions_floor_usage":[13,20,24,33,36,39,41],"damage_taken":[{"damage":7,"enemies":"Jaw Worm","floor":1,"turns":3},{"damage":1,"enemies":"Cultist","floor":2,"turns":3},{"damage":0,"enemies":"Small Slimes","floor":4,"turns":3},{"damage":9,"enemies":"Red Slaver","floor":5,"turns":3},{"damage":20,"enemies":"Lagavulin","floor":10,"turns":5},{"damage":1,"enemies":"Exordium Wildlife","floor":11,"turns":2},{"damage":18,"enemies":"Gremlin Gang","floor":13,"turns":3},{"damage":8,"enemies":"Gremlin Nob","floor":14,"turns":3},{"damage":48,"enemies":"Slime Boss","floor":16,"turns":6},{"damage":6,"enemies":"2 Thieves","floor":18,"turns":3},{"damage":0,"enemies":"3 Byrds","floor":20,"turns":4},{"damage":20,"enemies":"3 Cultists","floor":21,"turns":4},{"damage":19,"enemies":"Cultist and Chosen","floor":22,"turns":4},{"damage":15,"enemies":"Slavers","floor":24,"turns":3},{"damage":0,"enemies":"Snecko","floor":28,"turns":3},{"damage":39,"enemies":"Book of Stabbing","floor":29,"turns":5},{"damage":4,"enemies":"Centurion and Healer","floor":31,"turns":5},{"damage":47,"enemies":"Collector","floor":33,"turns":11},{"damage":1,"enemies":"Orb Walker","floor":35,"turns":2},{"damage":12,"enemies":"3 Darklings","floor":37,"turns":4},{"damage":23,"enemies":"Writhing Mass","floor":38,"turns":3},{"damage":39,"enemies":"Sphere and 2 Shapes","floor":39,"turns":6},{"damage":9,"enemies":"Nemesis","floor":40,"turns":5},{"damage":34,"enemies":"Spire Growth","floor":41,"turns":5},{"damage":76,"enemies":"Giant Head","floor":42,"turns":7}],"seed_played":"-1685239000444959261","potions_obtained":[{"floor":1,"key":"LiquidBronze"},{"floor":2,"key":"Dexterity Potion"},{"floor":10,"key":"SteroidPotion"},{"floor":14,"key":"FairyPotion"},{"floor":22,"key":"ColorlessPotion"},{"floor":29,"key":"SteroidPotion"},{"floor":31,"key":"AttackPotion"},{"floor":35,"key":"DistilledChaos"},{"floor":36,"key":"BloodPotion"},{"floor":36,"key":"BloodPotion"},{"floor":39,"key":"DistilledChaos"}],"is_trial":false,"path_per_floor":["M","M","?","M","M","R","?","R","T","E","M","R","M","E","R","B",null,"M","?","M","M","M","R","E","$","T","?","M","E","R","M","R","B",null,"M","?","M","M","M","E","M","E"],"character_chosen":"IRONCLAD","items_purchased":["Gremlin Horn","Power Through","Lee\u0027s Waffle"],"campfire_rested":1,"item_purchase_floors":[25,25,25],"current_hp_per_floor":[71,76,76,80,77,77,77,77,77,63,68,68,56,54,54,12,63,63,48,54,40,27,52,43,92,92,92,92,59,59,61,61,20,74,79,92,86,69,54,51,28,0,0],"gold":317,"neow_bonus":"UPGRADE_CARD","is_daily":false,"chose_seed":false,"campfire_upgraded":6,"win_rate":0.0,"timestamp":1613601105,"path_taken":["M","M","?","M","M","R","?","R","T","E","M","R","?","E","R","BOSS","M","?","M","M","M","R","E","$","T","?","M","E","R","?","R","BOSS","M","?","?","M","M","E","M","E"],"items_purchased_type":["Relic","Card","Relic"],"build_version":"2020-12-22","purchased_purges":1,"victory":false,"max_hp_per_floor":[80,80,80,80,80,80,80,80,80,80,80,80,80,80,80,80,80,80,85,85,85,85,85,85,92,92,92,92,92,92,92,92,92,92,92,92,92,92,92,92,92,92,92],"card_choices":[{"not_picked":["Warcry","Inflame"],"picked":"Cleave","floor":1},{"not_picked":["Carnage","Combust"],"picked":"Whirlwind","floor":2},{"not_picked":["Cleave","Anger","Havoc"],"picked":"SKIP","floor":4},{"not_picked":["Rampage","Ghostly Armor"],"picked":"Power Through","floor":5},{"not_picked":["Rage","Pommel Strike"],"picked":"Sever Soul","floor":10},{"not_picked":["Dark Embrace","Headbutt"],"picked":"Evolve","floor":11},{"not_picked":["Perfected Strike","Evolve","Clothesline"],"picked":"SKIP","floor":13},{"not_picked":["Sword Boomerang","Hemokinesis","Perfected Strike"],"picked":"SKIP","floor":14},{"not_picked":["Impervious","Offering"],"picked":"Fiend Fire","floor":16},{"not_picked":["Twin Strike+1","Cleave"],"picked":"Body Slam+1","floor":18},{"not_picked":["Pommel Strike+1","Entrench"],"picked":"True Grit","floor":20},{"not_picked":["Burning Pact","Heavy Blade"],"picked":"Seeing Red+1","floor":21},{"not_picked":["Sword Boomerang","Cleave+1","Pummel"],"picked":"SKIP","floor":22},{"not_picked":["Entrench","Dropkick"],"picked":"Flame Barrier","floor":24},{"not_picked":["Warcry","Anger"],"picked":"Burning Pact+1","floor":28},{"not_picked":["Blood for Blood","Infernal Blade"],"picked":"Bludgeon","floor":29},{"not_picked":["Cleave","Pommel Strike"],"picked":"Sever Soul+1","floor":31},{"not_picked":["Offering","Brutality"],"picked":"Corruption","floor":33},{"not_picked":[],"picked":"Armaments","floor":35},{"not_picked":[],"picked":"Armaments+1","floor":37},{"not_picked":["Inflame+1"],"picked":"SKIP","floor":38},{"not_picked":["Iron Wave"],"picked":"SKIP","floor":39},{"not_picked":[],"picked":"Second Wind+1","floor":40},{"not_picked":["Dropkick"],"picked":"SKIP","floor":41}],"player_experience":412868,"relics_obtained":[{"floor":9,"key":"PreservedInsect"},{"floor":10,"key":"Bronze Scales"},{"floor":14,"key":"Red Skull"},{"floor":24,"key":"Pen Nib"},{"floor":26,"key":"Orichalcum"},{"floor":29,"key":"HornCleat"},{"floor":40,"key":"Toy Ornithopter"}],"event_choices":[{"damage_healed":0,"gold_gain":0,"player_choice":"Grow","damage_taken":0,"max_hp_gain":0,"max_hp_loss":0,"event_name":"Living Wall","floor":3,"gold_loss":0,"cards_upgraded":["Whirlwind"]},{"damage_healed":0,"gold_gain":100,"player_choice":"Pray","damage_taken":0,"max_hp_gain":0,"max_hp_loss":0,"event_name":"Golden Shrine","floor":7,"gold_loss":0},{"damage_healed":0,"gold_gain":0,"player_choice":"Shed Blood","damage_taken":20,"max_hp_gain":5,"max_hp_loss":0,"event_name":"Forgotten Altar","floor":19,"gold_loss":0},{"damage_healed":0,"gold_gain":0,"player_choice":"Rummage","damage_taken":0,"relics_obtained":["WarpedTongs"],"max_hp_gain":0,"max_hp_loss":0,"event_name":"Accursed Blacksmith","floor":27,"gold_loss":0,"cards_obtained":["Pain"]},{"damage_healed":0,"gold_gain":0,"player_choice":"Got Potions","damage_taken":0,"max_hp_gain":0,"max_hp_loss":0,"event_name":"Lab","floor":36,"gold_loss":0}],"is_beta":false,"boss_relics":[{"not_picked":["SlaversCollar","Calling Bell"],"picked":"Velvet Choker"},{"not_picked":["Coffee Dripper","Runic Cube"],"picked":"Busted Crown"}],"items_purged_floors":[25],"is_endless":false,"potions_floor_spawned":[1,2,10,11,14,18,22,29,31,35,38,39,40],"killed_by":"Giant Head","ascension_level":11}}