{"host":"vk2xyavtylxbvrfq","time":1613591851,"event":{"mods":["Bard","BaseMod","Bestiary","Better Altar","Better Match","Better Note","Better Sensory Stone","Better Skull","Better Vampires","Block Reminder","Bossed Relics","Colored Map","Curses Come First","Displayed Cursed Tome","Downfall","Fox Events","Hermit","Ironclad Rager","Marked Mod","Minty Spire (QoL Compilation)","Quick Restart","Rare Cards Sparkle","Relic Sorter","Reliquary","Robot Space Explorer","StSLib","The Hayseed","The Runesmith","TheSurvivalist","Unceasing Turn Reminder"],"gold_per_floor":[111,111,34,44,107,141,141,141,141,141,141,171,171,171,171,276,276,293,293,36,36,50,50,92,92,92],"floor_reached":25,"language":"ENG","playtime":679,"items_purged":[],"score":322,"play_id":"c31e7365-bca9-4eb6-82d3-d0aa5998ed01","local_time":"20210217145731","is_ascension_mode":true,"campfire_choices":[{"data":"hermit:Headshot","floor":8,"key":"SMITH"},{"data":"hermit:Snipe","floor":11,"key":"SMITH"},{"floor":13,"key":"REST"},{"data":"hermit:FromBeyond","floor":15,"key":"SMITH"},{"floor":23,"key":"REST"}],"circlet_count":0,"master_deck":["hermit:Strike_Hermit","hermit:Strike_Hermit","hermit:Strike_Hermit","hermit:Strike_Hermit","hermit:Defend_Hermit","hermit:Defend_Hermit","hermit:Defend_Hermit","hermit:Defend_Hermit","hermit:Snapshot","hermit:Covet","hermit:CalledShot+1","hermit:Snipe+1","hermit:TrackingShot","hermit:Headshot+1","hermit:FromBeyond+1","hermit:Vantage+1","hermit:FromBeyond","hermit:Scavenge+1","hermit:Ricochet","hermit:BigShot","hermit:Gestalt","hermit:Vantage","hermit:TakeAim"],"relics":["hermit:Momento","NeowsBlessing","Juzu Bracelet","Art of War","reliquary:NewFriend","Question Card","Cursed Key","ClockworkSouvenir","PreservedInsect"],"acts_visited":["Exordium","TheCity"],"potions_floor_usage":[12,12,13022,22,22],"damage_taken":[{"damage":0,"enemies":"2 Louse","floor":1,"turns":1},{"damage":0,"enemies":"Cultist","floor":4,"turns":1},{"damage":0,"enemies":"Lagavulin","floor":6,"turns":1},{"damage":20,"enemies":"Gremlin Nob","floor":12,"turns":3},{"damage":33,"enemies":"Slime Boss","floor":16,"turns":9},{"damage":16,"enemies":"2 Thieves","floor":18,"turns":4},{"damage":2,"enemies":"Chosen","floor":22,"turns":3},{"damage":33,"enemies":"Gremlin Leader","floor":24,"turns":6},{"damage":42,"enemies":"Snake Plant","floor":25,"turns":4}],"seed_played":"-2242271723583375761","potions_obtained":[{"floor":1,"key":"LiquidMemories"},{"floor":4,"key":"AttackPotion"},{"floor":22,"key":"Fruit Juice"}],"is_trial":false,"path_per_floor":["M","?","$","M","?","E","?","R","T","?","R","E","R","?","R","B",null,"M","?","$","?","M","R","E","M"],"character_chosen":"HERMIT","items_purchased":["hermit:Snipe","hermit:TrackingShot","ClockworkSouvenir","hermit:BigShot","hermit:Gestalt"],"campfire_rested":2,"item_purchase_floors":[3,3,20,20,20],"current_hp_per_floor":[68,61,61,61,61,61,61,61,61,54,54,34,56,56,56,23,62,46,46,46,28,51,75,42,0,0],"gold":92,"neow_bonus":"THREE_ENEMY_KILL","is_daily":false,"chose_seed":false,"campfire_upgraded":3,"win_rate":0.0,"timestamp":1613591851,"path_taken":["M","?","$","?","?","E","?","R","T","?","R","E","R","?","R","BOSS","M","?","?","?","M","R","E","M"],"items_purchased_type":["Card","Card","Relic","Card","Card"],"build_version":"2020-12-22","purchased_purges":0,"victory":false,"max_hp_per_floor":[75,75,75,75,75,75,75,75,75,75,75,75,75,75,75,75,75,75,75,75,75,80,80,80,80,80],"card_choices":[{"not_picked":["hermit:HoleUp","hermit:Roulette"],"picked":"hermit:CalledShot","floor":1},{"not_picked":["hermit:Desperado","hermit:Roulette"],"picked":"hermit:Headshot","floor":4},{"not_picked":["hermit:Maintenance","hermit:FullyLoaded"],"picked":"hermit:FromBeyond","floor":6},{"not_picked":["hermit:Feint","hermit:TrackingShot"],"picked":"hermit:Vantage","floor":12},{"not_picked":["hermit:Dissolve","hermit:HighNoon","hermit:BlackWind"],"picked":"hermit:FromBeyond","floor":16},{"not_picked":["hermit:LowProfile","hermit:Showdown","hermit:CalledShot"],"picked":"hermit:Scavenge+1","floor":18},{"not_picked":["hermit:HighCaliber","hermit:Brawl","hermit:ItchyTrigger+1"],"picked":"hermit:Vantage","floor":22},{"not_picked":["hermit:ShadowCloak","hermit:Midnight","hermit:WideOpen"],"picked":"hermit:TakeAim","floor":24}],"player_experience":1409578,"relics_obtained":[{"floor":6,"key":"Juzu Bracelet"},{"floor":9,"key":"Art of War"},{"floor":12,"key":"Question Card"},{"floor":24,"key":"PreservedInsect"}],"event_choices":[{"damage_healed":0,"gold_gain":0,"player_choice":"Damaged","damage_taken":7,"max_hp_gain":0,"max_hp_loss":0,"event_name":"Wheel of Change","floor":2,"gold_loss":0},{"damage_healed":0,"gold_gain":63,"player_choice":"Gained Gold","damage_taken":0,"max_hp_gain":0,"max_hp_loss":0,"event_name":"Golden Wing","floor":5,"gold_loss":0},{"damage_healed":0,"gold_gain":0,"player_choice":"Grow","damage_taken":0,"max_hp_gain":0,"max_hp_loss":0,"event_name":"Living Wall","floor":7,"gold_loss":0,"cards_upgraded":["hermit:CalledShot"]},{"damage_healed":0,"gold_gain":0,"player_choice":"Success","damage_taken":7,"relics_obtained":["reliquary:NewFriend"],"max_hp_gain":0,"max_hp_loss":0,"event_name":"Scrap Ooze","floor":10,"gold_loss":0},{"damage_healed":0,"gold_gain":0,"player_choice":"Upgraded","damage_taken":0,"max_hp_gain":0,"max_hp_loss":0,"event_name":"Upgrade Shrine","floor":14,"gold_loss":0,"cards_upgraded":["hermit:Vantage"]},{"cards_removed":["hermit:FromBeyond"],"damage_healed":0,"gold_gain":0,"player_choice":"Take \u0026 Give","damage_taken":0,"max_hp_gain":0,"max_hp_loss":0,"event_name":"betterNote:BetterNote","floor":19,"gold_loss":0,"cards_obtained":["hermit:Ricochet"]},{"damage_healed":0,"gold_gain":0,"player_choice":" Potion ","damage_taken":18,"relics_obtained":[],"max_hp_gain":46,"max_hp_loss":28,"event_name":"betterAltar:BetterAltar","floor":21,"potions_obtained":["betterAltar:AltarPotion"],"relics_lost":[],"gold_loss":0}],"is_beta":false,"boss_relics":[{"not_picked":["hermit:ClaspedLocket","reliquary:Craggleroot"],"picked":"Cursed Key"}],"items_purged_floors":[],"is_endless":false,"potions_floor_spawned":[1,4,22],"killed_by":"Snake Plant","ascension_level":6}}