{"host":"956g3854xvs16zht","time":1613524958,"event":{"mods":["2.2 Compatiblity","AlwaysNeverKeys","Aspiration","BaseMod","BetterRewards","Colored Map","Colored Powertips","DeckTracker","Displayed Cursed Tome","Energized Spire","Evolution","Friendly Minions","Infinite Spire","Minty Spire (QoL Compilation)","Permanent Neow","Railgun Mod","Relic Filter","Relic Sorter","Shop Mod","Spicy Shops","StSLib"],"gold_per_floor":[120,49,49,49,61,92,121,162,220,232,244,275,287,331,343,450,462,489,501,513,545,28,40,57,85,112,112,112,130,130,145,145,242,242,258,271,271,284,160,160,172,192,216,216,246,246,246,280,280,379,379,381,381,407,407,410,425,425,438,513,521,527,520,520],"floor_reached":63,"language":"ENG","playtime":4621,"items_purged":["Injury"],"score":915,"play_id":"6532a615-c6c4-402d-9293-4230cccaccbb","local_time":"20210216202238","is_ascension_mode":false,"campfire_choices":[{"data":"TheRailgun:Heroinism","floor":10,"key":"SMITH"},{"floor":13,"key":"REST"},{"floor":15,"key":"REST"},{"data":"TheRailgun:Iron_Dust_Field","floor":30,"key":"SMITH"},{"data":"TheRailgun:Heroinism","floor":32,"key":"SMITH"},{"data":"TheRailgun:Judgement_Officer","floor":40,"key":"SMITH"},{"data":"infinitespire:DeathsTouch","floor":49,"key":"SMITH"},{"data":"infinitespire:Fortify","floor":58,"key":"SMITH"}],"circlet_count":0,"master_deck":["TheRailgun:Strike","TheRailgun:Strike","TheRailgun:Strike","TheRailgun:Strike","TheRailgun:Defend+1","TheRailgun:Defend+1","TheRailgun:Defend","TheRailgun:Defend+1","TheRailgun:Discharge","TheRailgun:Zip+1","TheRailgun:Iron_Dust_Field+1","TheRailgun:Iron_Dust_Sword","TheRailgun:Zip","TheRailgun:Heroinism+1","TheRailgun:Zap","TheRailgun:Heroinism+1","TheRailgun:Judgement_Officer+1","TheRailgun:Static","TheRailgun:Level_6+1","TheRailgun:Mental_Out+1","TheRailgun:Biribiri+1","TheRailgun:Magnetic_Flight+1","TheRailgun:Battery_Pack","TheRailgun:Teleporter","TheRailgun:Electrical_Fire","TheRailgun:Positive_Field+1","TheRailgun:Battery_Pack+1","TheRailgun:Zap","infinitespire:Fortify+1","TheRailgun:Biribiri+1","TheRailgun:Magnetic_Movement+1","TheRailgun:Supercharge+1","TheRailgun:Magnetic_Movement+1","TheRailgun:Lightning_Speed+1","TheRailgun:Battery_Pack+1","TheRailgun:Lightningbolt+1","TheRailgun:Iron_Dust_Field+1","Clumsy","Injury","infinitespire:DeathsTouch+1","TheRailgun:Magnetic_Movement+1","TheRailgun:Supercharge+1","TheRailgun:Sister_Network","TheRailgun:Biribiri+1"],"relics":["TheRailgun:CoinRelic","infinitespire:Eraser","EVO:Axolotl","Vajra","Frozen Egg 2","Oddly Smooth Stone","Black Star","Nilry\u0027s Codex","Pantograph","MerchantsRug","Meat on the Bone","Kunai","Bottled Flame","Orichalcum","Ginger","Philosopher\u0027s Stone","Lee\u0027s Waffle","Dream Catcher","Tiny Chest","Darkstone Periapt","War Paint","MealTicket","Pen Nib","White Beast Statue","infinitespire:WardingShard","aspiration:StickyExplosives_weak"],"acts_visited":["Exordium","TheCity","TheBeyond","Exordium"],"potions_floor_usage":[],"damage_taken":[{"damage":0,"enemies":"Small Slimes","floor":1,"turns":3},{"damage":5,"enemies":"2 Louse","floor":5,"turns":2},{"damage":0,"enemies":"3 Sentries","floor":6,"turns":6},{"damage":0,"enemies":"Cultist","floor":7,"turns":3},{"damage":15,"enemies":"The Mushroom Lair","floor":8,"turns":4},{"damage":7,"enemies":"2 Fungi Beasts","floor":12,"turns":3},{"damage":23,"enemies":"Gremlin Nob","floor":14,"turns":4},{"damage":16,"enemies":"The Guardian","floor":16,"turns":10},{"damage":0,"enemies":"Shell Parasite","floor":18,"turns":3},{"damage":0,"enemies":"3 Byrds","floor":21,"turns":4},{"damage":0,"enemies":"Sentry and Sphere","floor":23,"turns":3},{"damage":30,"enemies":"Shelled Parasite and Fungi","floor":24,"turns":5},{"damage":26,"enemies":"Gremlin Leader","floor":25,"turns":4},{"damage":4,"enemies":"Centurion and Healer","floor":29,"turns":6},{"damage":0,"enemies":"Sentry and Sphere","floor":31,"turns":3},{"damage":16,"enemies":"Collector","floor":33,"turns":7},{"damage":16,"enemies":"3 Darklings","floor":35,"turns":5},{"damage":25,"enemies":"3 Shapes","floor":36,"turns":3},{"damage":32,"enemies":"Jaw Worm Horde","floor":38,"turns":5},{"damage":31,"enemies":"4 Shapes","floor":41,"turns":5},{"damage":4,"enemies":"Sphere and 2 Shapes","floor":42,"turns":4},{"damage":7,"enemies":"Nightmare","floor":45,"turns":8},{"damage":13,"enemies":"Giant Head","floor":48,"turns":8},{"damage":45,"enemies":"Donu and Deca","floor":50,"turns":8},{"damage":11,"enemies":"Small Slimes","floor":52,"turns":3},{"damage":0,"enemies":"Cultist","floor":56,"turns":2},{"damage":17,"enemies":"Gremlin Nob","floor":57,"turns":5},{"damage":17,"enemies":"Jaw Worm","floor":59,"turns":2},{"damage":12,"enemies":"Looter","floor":61,"turns":3},{"damage":11,"enemies":"Red Slaver","floor":62,"turns":3},{"damage":15,"enemies":"Lots of Slimes","floor":63,"turns":2}],"seed_played":"-5533297247732753710","potions_obtained":[{"floor":1,"key":"EssenceOfSteel"},{"floor":8,"key":"DistilledChaos"},{"floor":12,"key":"DistilledChaos"},{"floor":16,"key":"FairyPotion"},{"floor":24,"key":"SteroidPotion"},{"floor":25,"key":"Swift Potion"},{"floor":41,"key":"Weak Potion"},{"floor":42,"key":"ColorlessPotion"}],"is_trial":false,"path_per_floor":["M","$","?","?","M","E","M","?","T","R","?","M","R","E","R","B",null,"M","?","?","M","$","M","M","E","T","?","AVR","M","R","M","R","B",null,"M","M","?","M","$","R","M","M","T","?","NM","?","?","E","R","B",null,"M","?","T","AVR","M","E","R","M","T","M","M","M"],"character_chosen":"THE_DEFAULT","items_purchased":["TheRailgun:Iron_Dust_Sword","MerchantsRug","TheRailgun:Magnetic_Flight+1","TheRailgun:Battery_Pack","TheRailgun:Teleporter","TheRailgun:Electrical_Fire","Meat on the Bone","Lee\u0027s Waffle"],"campfire_rested":2,"item_purchase_floors":[2,22,22,22,22,22,22,39],"current_hp_per_floor":[70,70,70,56,51,51,51,36,36,36,36,29,50,27,48,32,70,70,54,54,68,68,70,54,42,42,42,42,52,52,66,66,68,70,54,41,41,34,73,73,42,38,38,38,45,45,45,46,46,40,73,62,62,62,62,62,59,59,56,56,44,45,30,30],"gold":520,"neow_bonus":"NOSTALGIA","is_daily":false,"chose_seed":false,"campfire_upgraded":6,"win_rate":0.0,"timestamp":1613524958,"path_taken":["M","$","?","?","M","E","M","?","T","R","?","M","R","E","R","BOSS","M","?","?","M","$","M","?","E","T","?","AVR","M","R","M","R","BOSS","M","M","?","M","$","R","M","M","T","?","NM","?","?","E","R","BOSS","M","?","?","AVR","M","E","R","?","T","M","M","M"],"items_purchased_type":["Card","Relic","Card","Card","Card","Card","Relic","Relic"],"build_version":"2020-12-22","purchased_purges":1,"victory":false,"max_hp_per_floor":[70,70,70,70,70,70,70,70,70,70,70,70,70,70,70,70,70,70,70,70,70,70,70,70,70,70,70,70,70,70,70,70,70,70,70,70,66,66,73,73,73,73,73,73,73,73,73,73,73,73,73,73,73,73,73,73,73,73,73,73,73,73,73,73],"card_choices":[{"not_picked":["TheRailgun:Thunderbolt","TheRailgun:Circuit_Breaker"],"picked":"TheRailgun:Iron_Dust_Field","floor":1},{"not_picked":["TheRailgun:Iron_Dust_Vial","TheRailgun:Static"],"picked":"TheRailgun:Zip","floor":5},{"not_picked":["TheRailgun:Electric_Fence","TheRailgun:Iron_Dust_Vial"],"picked":"TheRailgun:Heroinism","floor":6},{"not_picked":["TheRailgun:Gekota_Phone","TheRailgun:Thunderjolt"],"picked":"TheRailgun:Zap","floor":7},{"not_picked":["TheRailgun:Circuit_Breaker","TheRailgun:Scatter_Railgun"],"picked":"TheRailgun:Heroinism","floor":8},{"not_picked":["TheRailgun:Hypercharge","TheRailgun:Scatter_Railgun"],"picked":"TheRailgun:Judgement_Officer","floor":12},{"not_picked":["TheRailgun:Judgement_Officer","TheRailgun:Recharge"],"picked":"TheRailgun:Static","floor":14},{"not_picked":["TheRailgun:Thunder","TheRailgun:Supercharge+1"],"picked":"TheRailgun:Level_6+1","floor":16},{"not_picked":["TheRailgun:Gekotamania","TheRailgun:Aerial_Shot"],"picked":"TheRailgun:Mental_Out+1","floor":18},{"not_picked":["TheRailgun:Negative_Field+1","TheRailgun:Zap"],"picked":"TheRailgun:Biribiri+1","floor":21},{"not_picked":["TheRailgun:Sister_Network+1","TheRailgun:Zap+1"],"picked":"TheRailgun:Positive_Field+1","floor":23},{"not_picked":["TheRailgun:Positive_Field+1","TheRailgun:Circuit_Breaker+1"],"picked":"TheRailgun:Battery_Pack+1","floor":24},{"not_picked":["TheRailgun:Gekotamania","TheRailgun:Electrical_Storm"],"picked":"TheRailgun:Zap","floor":25},{"not_picked":["TheRailgun:Circuit_Breaker+1","TheRailgun:Iron_Dust_Shield"],"picked":"TheRailgun:Biribiri+1","floor":29},{"not_picked":["TheRailgun:Iron_Dust_Shield","TheRailgun:Heroinism+1"],"picked":"TheRailgun:Magnetic_Movement+1","floor":31},{"not_picked":["TheRailgun:Magnetic_Flight+1","TheRailgun:Judgement_Officer"],"picked":"TheRailgun:Supercharge+1","floor":33},{"not_picked":["TheRailgun:Iron_Dust_Vial+1","TheRailgun:Thundershock+1"],"picked":"TheRailgun:Magnetic_Movement+1","floor":35},{"not_picked":["TheRailgun:Positive_Field+1","TheRailgun:Crackle"],"picked":"TheRailgun:Lightning_Speed+1","floor":36},{"not_picked":["TheRailgun:Gekota_Phone","TheRailgun:Discharge"],"picked":"TheRailgun:Battery_Pack+1","floor":38},{"not_picked":["TheRailgun:Sister_Noise","TheRailgun:Thunderbolt+1"],"picked":"TheRailgun:Lightningbolt+1","floor":41},{"not_picked":["TheRailgun:Sister_Noise+1","TheRailgun:Iron_Dust_Shield+1"],"picked":"TheRailgun:Iron_Dust_Field+1","floor":42},{"not_picked":["infinitespire:Collect","infinitespire:SevenWalls"],"picked":"infinitespire:DeathsTouch","floor":44},{"not_picked":["TheRailgun:Hypercharge+1","TheRailgun:Push+1"],"picked":"TheRailgun:Magnetic_Movement+1","floor":45},{"not_picked":["TheRailgun:Negative_Field+1","TheRailgun:Token_Collection","TheRailgun:Iron_Dust_Vial+1"],"picked":"SKIP","floor":48},{"not_picked":["TheRailgun:Rewiring+1","TheRailgun:Thunder"],"picked":"TheRailgun:Supercharge+1","floor":50},{"not_picked":["TheRailgun:Teleporter","TheRailgun:Electrical_Fire","TheRailgun:Electric_Fence"],"picked":"SKIP","floor":52},{"not_picked":["TheRailgun:Zap","TheRailgun:Push","TheRailgun:Circuit_Breaker+1"],"picked":"SKIP","floor":56},{"not_picked":["TheRailgun:Zap","TheRailgun:Push","TheRailgun:Circuit_Breaker+1"],"picked":"SKIP","floor":56},{"not_picked":["TheRailgun:Lightningbolt","TheRailgun:Oneesama+1","TheRailgun:Gekota_Phone"],"picked":"SKIP","floor":57},{"not_picked":["TheRailgun:Zap","TheRailgun:Scatter_Railgun"],"picked":"TheRailgun:Biribiri+1","floor":59},{"not_picked":["TheRailgun:Battery_Pack","TheRailgun:Crackle","TheRailgun:Positive_Field+1"],"picked":"SKIP","floor":61},{"not_picked":["TheRailgun:Iron_Dust_Shield","TheRailgun:Railgun","TheRailgun:Static"],"picked":"SKIP","floor":62}],"player_experience":24367,"relics_obtained":[{"floor":6,"key":"MawBank"},{"floor":8,"key":"Odd Mushroom"},{"floor":9,"key":"Vajra"},{"floor":14,"key":"Oddly Smooth Stone"},{"floor":25,"key":"Kunai"},{"floor":25,"key":"Bottled Flame"},{"floor":26,"key":"Orichalcum"},{"floor":43,"key":"Dream Catcher"},{"floor":45,"key":"Tiny Chest"},{"floor":45,"key":"Darkstone Periapt"},{"floor":48,"key":"infinitespire:Eraser"},{"floor":48,"key":"War Paint"},{"floor":54,"key":"MealTicket"},{"floor":57,"key":"White Beast Statue"},{"floor":57,"key":"infinitespire:WardingShard"},{"floor":60,"key":"aspiration:StickyExplosives_weak"}],"event_choices":[{"damage_healed":0,"gold_gain":0,"player_choice":"Leave","damage_taken":0,"max_hp_gain":0,"max_hp_loss":0,"event_name":"The Cleric","floor":3,"gold_loss":0},{"damage_healed":0,"gold_gain":0,"player_choice":"Entered Light","damage_taken":14,"max_hp_gain":0,"max_hp_loss":0,"event_name":"Shining Light","floor":4,"gold_loss":0,"cards_upgraded":["TheRailgun:Zip","TheRailgun:Defend"]},{"damage_healed":0,"gold_gain":0,"player_choice":"Fought Mushrooms","damage_taken":0,"max_hp_gain":0,"max_hp_loss":0,"event_name":"Mushrooms","floor":8,"gold_loss":0},{"damage_healed":0,"gold_gain":0,"player_choice":"Obtained Book","damage_taken":16,"max_hp_gain":0,"max_hp_loss":0,"event_name":"Cursed Tome","floor":19,"gold_loss":0},{"damage_healed":0,"gold_gain":0,"player_choice":"Gave Potion","damage_taken":0,"relics_obtained":["Pantograph"],"max_hp_gain":0,"max_hp_loss":0,"event_name":"WeMeetAgain","floor":20,"gold_loss":0},{"damage_healed":0,"gold_gain":0,"player_choice":"Ignored","damage_taken":0,"max_hp_gain":0,"max_hp_loss":0,"event_name":"NoteForYourself","floor":27,"gold_loss":0},{"damage_healed":0,"gold_gain":0,"player_choice":"Max HP","damage_taken":0,"max_hp_gain":0,"max_hp_loss":4,"event_name":"Winding Halls","floor":37,"gold_loss":0},{"cards_removed":["TheRailgun:Static"],"damage_healed":0,"gold_gain":0,"player_choice":"Removed Attack","damage_taken":0,"max_hp_gain":0,"max_hp_loss":0,"event_name":"Falling","floor":46,"gold_loss":0},{"damage_healed":0,"gold_gain":0,"player_choice":"Ignored","damage_taken":0,"max_hp_gain":0,"max_hp_loss":0,"event_name":"Tomb of Lord Red Mask","floor":47,"gold_loss":0},{"damage_healed":0,"gold_gain":0,"player_choice":"1 cards matched","damage_taken":0,"max_hp_gain":0,"max_hp_loss":0,"event_name":"Match and Keep!","floor":53,"gold_loss":0,"cards_obtained":["TheRailgun:Sister_Network"]}],"is_beta":false,"boss_relics":[{"not_picked":["aspiration:WatcherSkillbook","aspiration:SilentSkillbook"],"picked":"Black Star"},{"not_picked":["Snecko Eye","Empty Cage"],"picked":"Philosopher\u0027s Stone"},{"not_picked":["Busted Crown","Tiny House","aspiration:IroncladSkillbook"]}],"items_purged_floors":[22],"is_endless":true,"potions_floor_spawned":[1,8,12,16,18,24,25,41,42,50,56,59,61,62],"killed_by":"Lots of Slimes","ascension_level":0}}