{"host":"a57oumegxze0vmhs","time":1613578193,"event":{"mods":["AchievementEnabler","BaseMod","Colored Powertips","Minty Spire (QoL Compilation)","Relic Stats"],"gold_per_floor":[117,117,132,146,159,193,193,204,253,253,265,275,292,292,292,388,388,406,425,451,451,461,461,230,265,265,265,275,300,300,317,317,418,418,434,484,502,15,29,29,46,64,87,87,87,107,107,127,127,127,127],"floor_reached":50,"language":"ENG","playtime":2933,"items_purged":["Strike_R","Strike_R"],"score":565,"play_id":"14201d39-3ed1-48ec-a44b-c9b680975755","local_time":"20210217180953","is_ascension_mode":false,"campfire_choices":[{"data":"Iron Wave","floor":7,"key":"SMITH"},{"data":"Armaments","floor":10,"key":"SMITH"},{"data":"Cleave","floor":15,"key":"SMITH"},{"floor":23,"key":"REST"},{"floor":27,"key":"REST"},{"floor":32,"key":"REST"},{"floor":40,"key":"REST"},{"floor":47,"key":"REST"},{"floor":49,"key":"REST"}],"circlet_count":0,"master_deck":["Strike_R+1","Strike_R","Strike_R","Defend_R","Defend_R","Defend_R","Defend_R","Bash+1","Twin Strike","Wild Strike","Iron Wave+1","Cleave","Cleave+1","Armaments+1","True Grit+1","Heavy Blade+1","Iron Wave+1","Shrug It Off","Conserve Battery","Rebound","J.A.X.+1","Cold Snap","Cold Snap+1","ThirdEye+1","PiercingWail+1"],"relics":["Burning Blood","Bronze Scales","Nunchaku","Blood Vial","Black Star","Red Mask","PrismaticShard","Vajra","Bottled Flame","Meat on the Bone","Toxic Egg 2","Anchor","Mark of Pain","Unceasing Top","Akabeko","HornCleat","CeramicFish"],"acts_visited":["Exordium","TheCity","TheBeyond"],"potions_floor_usage":[6,16,16,20,25,25,25,33,35,39,46,48],"damage_taken":[{"damage":11,"enemies":"Jaw Worm","floor":1,"turns":4},{"damage":0,"enemies":"Small Slimes","floor":3,"turns":3},{"damage":0,"enemies":"2 Louse","floor":4,"turns":2},{"damage":0,"enemies":"Gremlin Gang","floor":5,"turns":4},{"damage":9,"enemies":"3 Sentries","floor":6,"turns":4},{"damage":0,"enemies":"2 Fungi Beasts","floor":8,"turns":2},{"damage":18,"enemies":"Exordium Thugs","floor":11,"turns":3},{"damage":7,"enemies":"Blue Slaver","floor":12,"turns":3},{"damage":16,"enemies":"Exordium Wildlife","floor":13,"turns":3},{"damage":0,"enemies":"Slime Boss","floor":16,"turns":7},{"damage":13,"enemies":"3 Byrds","floor":18,"turns":3},{"damage":21,"enemies":"Shell Parasite","floor":19,"turns":5},{"damage":28,"enemies":"Masked Bandits","floor":20,"turns":5},{"damage":15,"enemies":"Snake Plant","floor":22,"turns":3},{"damage":34,"enemies":"Gremlin Leader","floor":25,"turns":7},{"damage":17,"enemies":"Centurion and Healer","floor":28,"turns":9},{"damage":17,"enemies":"Slavers","floor":29,"turns":4},{"damage":22,"enemies":"Chosen and Byrds","floor":31,"turns":6},{"damage":58,"enemies":"Automaton","floor":33,"turns":10},{"damage":35,"enemies":"3 Darklings","floor":35,"turns":7},{"damage":28,"enemies":"Mind Bloom Boss Battle","floor":36,"turns":7},{"damage":6,"enemies":"3 Shapes","floor":37,"turns":5},{"damage":12,"enemies":"Spire Growth","floor":39,"turns":5},{"damage":7,"enemies":"3 Darklings","floor":41,"turns":5},{"damage":37,"enemies":"Transient","floor":42,"turns":5},{"damage":17,"enemies":"Spire Growth","floor":46,"turns":6},{"damage":39,"enemies":"Maw","floor":48,"turns":9},{"damage":87,"enemies":"Awakened One","floor":50,"turns":14}],"seed_played":"3038933993378743422","potions_obtained":[{"floor":4,"key":"AttackPotion"},{"floor":6,"key":"FearPotion"},{"floor":8,"key":"Swift Potion"},{"floor":12,"key":"Fire Potion"},{"floor":16,"key":"SpeedPotion"},{"floor":18,"key":"BlessingOfTheForge"},{"floor":20,"key":"SteroidPotion"},{"floor":29,"key":"SpeedPotion"},{"floor":31,"key":"ColorlessPotion"},{"floor":36,"key":"BlessingOfTheForge"},{"floor":37,"key":"AttackPotion"},{"floor":39,"key":"Regen Potion"},{"floor":41,"key":"SkillPotion"}],"is_trial":false,"path_per_floor":["M","?","M","M","M","E","R","M","T","R","M","M","M","?","R","B",null,"M","M","?","?","M","R","$","E","T","R","M","E","?","M","R","B",null,"M","?","M","$","M","R","M","M","T","$","?","M","R","M","R","B"],"character_chosen":"IRONCLAD","items_purchased":["PrismaticShard","Akabeko","HornCleat"],"campfire_rested":6,"item_purchase_floors":[24,38,38],"current_hp_per_floor":[75,59,65,71,77,74,74,80,80,80,68,69,61,61,61,69,80,73,60,40,40,33,57,57,31,31,55,58,49,49,47,71,33,80,51,43,57,57,53,77,78,49,49,49,49,52,76,57,80,0,0],"gold":127,"neow_bonus":"RANDOM_COMMON_RELIC","is_daily":false,"chose_seed":false,"campfire_upgraded":3,"win_rate":0.0,"timestamp":1613578193,"path_taken":["M","?","M","M","M","E","R","M","T","R","M","M","M","?","R","BOSS","M","M","?","?","?","R","$","E","T","R","M","E","?","M","R","BOSS","M","?","M","$","M","R","M","M","T","?","?","M","R","?","R","BOSS"],"items_purchased_type":["Relic","Relic","Relic"],"build_version":"2020-12-22","purchased_purges":2,"victory":false,"max_hp_per_floor":[80,80,80,80,80,80,80,80,80,80,80,80,80,80,80,80,80,80,80,80,80,80,80,80,80,80,80,80,80,80,80,80,80,80,80,80,80,80,80,80,80,80,80,80,80,80,80,80,80,80,80],"relic_stats":{"Blood Vial":36,"Nunchaku":[29],"counters":[28,150],"Bronze Scales":[449],"CeramicFish":9,"Black Star":2,"obtain_stats":[{"CeramicFish":43,"Vajra":25,"PrismaticShard":24,"Burning Blood":0,"Akabeko":38,"Blood Vial":9,"Nunchaku":6,"Bottled Flame":25,"Anchor":29,"HornCleat":38,"Bronze Scales":0,"Mark of Pain":34,"Black Star":17,"Red Mask":20,"Toxic Egg 2":29,"Unceasing Top":36,"Meat on the Bone":26},{"CeramicFish":25,"Vajra":15,"PrismaticShard":14,"Burning Blood":0,"Akabeko":22,"Blood Vial":6,"Nunchaku":5,"Bottled Flame":15,"Anchor":17,"HornCleat":22,"Bronze Scales":0,"Mark of Pain":19,"Black Star":10,"Red Mask":13,"Toxic Egg 2":17,"Unceasing Top":21,"Meat on the Bone":15},{"CeramicFish":121,"Vajra":58,"PrismaticShard":51,"Burning Blood":0,"Akabeko":106,"Blood Vial":19,"Nunchaku":17,"Bottled Flame":58,"Anchor":71,"HornCleat":106,"Bronze Scales":0,"Mark of Pain":87,"Black Star":35,"Red Mask":48,"Toxic Egg 2":71,"Unceasing Top":101,"Meat on the Bone":58}],"Burning Blood":162,"Unceasing Top":[8],"Meat on the Bone":72},"card_choices":[{"not_picked":["Metallicize","Second Wind"],"picked":"Twin Strike","floor":1},{"not_picked":["Headbutt","Warcry"],"picked":"Wild Strike","floor":3},{"not_picked":["True Grit","Uppercut"],"picked":"Iron Wave","floor":4},{"not_picked":["True Grit","Warcry"],"picked":"Cleave","floor":5},{"not_picked":["Twin Strike","Sever Soul"],"picked":"Cleave","floor":6},{"not_picked":["Disarm","Juggernaut"],"picked":"Armaments","floor":8},{"not_picked":["Sever Soul","Body Slam","Metallicize"],"picked":"SKIP","floor":11},{"not_picked":["Iron Wave","Infernal Blade","True Grit"],"picked":"SKIP","floor":12},{"not_picked":["Shockwave","Rampage","Twin Strike"],"picked":"SKIP","floor":13},{"not_picked":["Twin Strike","Sever Soul+1","Wild Strike"],"picked":"SKIP","floor":18},{"not_picked":["Evolve+1","Cleave"],"picked":"True Grit+1","floor":19},{"not_picked":["Twin Strike","Berserk"],"picked":"Heavy Blade+1","floor":20},{"not_picked":["Wild Strike","Twin Strike+1"],"picked":"Shrug It Off","floor":22},{"not_picked":["Machine Learning","WheelKick+1"],"picked":"Conserve Battery","floor":25},{"not_picked":["Streamline","Genetic Algorithm+1"],"picked":"Rebound","floor":28},{"not_picked":["Trip+1","Study+1","Crippling Poison+1"],"picked":"SKIP","floor":29},{"not_picked":["Terror+1","Shrug It Off+1"],"picked":"Cold Snap","floor":31},{"not_picked":["Conserve Battery+1","Clothesline"],"picked":"Cold Snap+1","floor":35},{"not_picked":["Backstab","MentalFortress"],"picked":"ThirdEye+1","floor":37},{"not_picked":["Flex+1","Steam+1","Reckless Charge"],"picked":"SKIP","floor":39},{"not_picked":["Flex+1","Steam+1","Reckless Charge"],"picked":"SKIP","floor":39},{"not_picked":["Streamline","Wraith Form v2","BowlingBash+1"],"picked":"SKIP","floor":41},{"not_picked":["Slice","Expertise+1","ClearTheMind+1"],"picked":"SKIP","floor":42},{"not_picked":["Capacitor","Havoc+1","Indignation+1"],"picked":"SKIP","floor":46},{"not_picked":["EmptyFist","PathToVictory+1"],"picked":"PiercingWail+1","floor":48}],"player_experience":449214,"relics_obtained":[{"floor":6,"key":"Nunchaku"},{"floor":9,"key":"Blood Vial"},{"floor":20,"key":"Red Mask"},{"floor":25,"key":"Vajra"},{"floor":25,"key":"Bottled Flame"},{"floor":26,"key":"Meat on the Bone"},{"floor":29,"key":"Toxic Egg 2"},{"floor":29,"key":"Anchor"},{"floor":36,"key":"Unceasing Top"},{"floor":43,"key":"CeramicFish"}],"event_choices":[{"damage_healed":0,"gold_gain":0,"player_choice":"Entered Light","damage_taken":16,"max_hp_gain":0,"max_hp_loss":0,"event_name":"Shining Light","floor":2,"gold_loss":0,"cards_upgraded":["Bash","Strike_R"]},{"damage_healed":0,"gold_gain":0,"player_choice":"Ignored","damage_taken":0,"max_hp_gain":0,"max_hp_loss":0,"event_name":"Liars Game","floor":14,"gold_loss":0},{"damage_healed":0,"gold_gain":0,"player_choice":"Fought Bandits","damage_taken":0,"max_hp_gain":0,"max_hp_loss":0,"event_name":"Masked Bandits","floor":20,"gold_loss":0},{"damage_healed":0,"gold_gain":0,"player_choice":"Copied","damage_taken":0,"max_hp_gain":0,"max_hp_loss":0,"event_name":"Duplicator","floor":21,"gold_loss":0,"cards_obtained":["Iron Wave"]},{"damage_healed":0,"gold_gain":0,"player_choice":"Obtain J.A.X.","damage_taken":0,"max_hp_gain":0,"max_hp_loss":0,"event_name":"Drug Dealer","floor":30,"gold_loss":0,"cards_obtained":["J.A.X."]},{"damage_healed":0,"gold_gain":0,"player_choice":"Fight","damage_taken":0,"max_hp_gain":0,"max_hp_loss":0,"event_name":"MindBloom","floor":36,"gold_loss":0},{"damage_healed":0,"gold_gain":0,"player_choice":"Ignored","damage_taken":0,"max_hp_gain":0,"max_hp_loss":0,"event_name":"Mysterious Sphere","floor":45,"gold_loss":0}],"is_beta":false,"boss_relics":[{"not_picked":["SacredBark","Runic Cube"],"picked":"Black Star"},{"not_picked":["Sozu","Astrolabe"],"picked":"Mark of Pain"}],"items_purged_floors":[24,38],"is_endless":false,"potions_floor_spawned":[4,6,8,12,16,18,20,29,31,36,37,39,41],"killed_by":"Awakened One","ascension_level":0}}