{"host":"xp27heuvanyklt0b","time":1613574795,"event":{"mods":["100% Spire Juice","BaseMod","CapriCore","Koishi","Lobotomy","Minty Spire (QoL Compilation)","StSLib","The Immortal"],"gold_per_floor":[117,134,151,166,176,176,176,210,210,221,221,237,237,17,17,115,115,129,129,44,44,44,44,70,70,70,99,198,214,241,241,241],"floor_reached":31,"language":"KOR","playtime":1009,"items_purged":[],"score":273,"play_id":"3ebaa8f7-1710-473f-8f34-9f5a37c6a028","local_time":"20210218001315","is_ascension_mode":false,"campfire_choices":[{"data":"Flying Knee","floor":6,"key":"SMITH"},{"data":"Dagger Spray","floor":11,"key":"SMITH"},{"data":"Sucker Punch","floor":13,"key":"SMITH"},{"floor":15,"key":"RECALL"},{"data":"Blade Dance","floor":25,"key":"SMITH"}],"circlet_count":0,"master_deck":["Strike_G","Strike_G+1","Strike_G","Defend_G","Defend_G","Defend_G","Defend_G","Defend_G","Survivor+1","Neutralize+1","Deadly Poison","Flying Knee+1","Endless Agony","Sucker Punch+1","PiercingWail","Crippling Poison","Dagger Spray+1","Dodge and Roll","Unload","PiercingWail+1","Infinite Blades","Setup","Grand Finale","Blade Dance+1","Blade Dance","Flying Knee+1"],"relics":["Ring of the Snake","Juzu Bracelet","Boot","WristBlade","InkBottle","Tiny Chest","Whetstone","Nunchaku","Bag of Preparation"],"acts_visited":["Exordium","TheCity"],"potions_floor_usage":[4,8,10,10,10,16,24],"damage_taken":[{"damage":0,"enemies":"Jaw Worm","floor":1,"turns":7},{"damage":0,"enemies":"Cultist","floor":2,"turns":4},{"damage":0,"enemies":"Small Slimes","floor":3,"turns":6},{"damage":0,"enemies":"Red Slaver","floor":4,"turns":4},{"damage":10,"enemies":"Looter","floor":5,"turns":3},{"damage":16,"enemies":"Gremlin Nob","floor":8,"turns":4},{"damage":0,"enemies":"Blue Slaver","floor":10,"turns":2},{"damage":0,"enemies":"Lots of Slimes","floor":12,"turns":1},{"damage":40,"enemies":"Slime Boss","floor":16,"turns":13},{"damage":13,"enemies":"Shell Parasite","floor":18,"turns":9},{"damage":15,"enemies":"Book of Stabbing","floor":24,"turns":7},{"damage":32,"enemies":"Slavers","floor":27,"turns":6},{"damage":0,"enemies":"Chosen","floor":29,"turns":3},{"damage":16,"enemies":"Snake Plant","floor":31,"turns":3}],"seed_played":"1299481895782280655","potions_obtained":[{"floor":2,"key":"Poison Potion"},{"floor":5,"key":"Explosive Potion"},{"floor":7,"key":"AttackPotion"},{"floor":7,"key":"Explosive Potion"},{"floor":8,"key":"Energy Potion"},{"floor":10,"key":"Fruit Juice"},{"floor":29,"key":"Energy Potion"}],"is_trial":false,"path_per_floor":["M","M","M","M","M","R","?","E","T","M","R","M","R","$","R","B",null,"M","?","?","?","$","?","E","R","T","E","?","M","T","M"],"character_chosen":"THE_SILENT","items_purchased":["Boot","DistilledChaos"],"campfire_rested":0,"item_purchase_floors":[14,14],"current_hp_per_floor":[70,70,70,70,60,60,60,44,44,49,49,49,49,49,49,9,75,62,62,62,62,62,62,47,47,47,15,15,15,15,0,0],"gold":241,"neow_bonus":"UPGRADE_CARD","is_daily":false,"chose_seed":false,"campfire_upgraded":4,"win_rate":0.0,"timestamp":1613574795,"path_taken":["M","M","M","M","M","R","?","E","T","M","R","M","R","$","R","BOSS","M","?","?","?","$","?","E","R","T","E","?","M","?","M"],"items_purchased_type":["Relic","Potion"],"build_version":"2020-12-22","purchased_purges":0,"victory":false,"max_hp_per_floor":[70,70,70,70,70,70,70,70,70,75,75,75,75,75,75,75,75,75,75,75,75,75,75,75,75,75,75,75,75,75,75,75],"card_choices":[{"not_picked":["PiercingWail","Deflect"],"picked":"Deadly Poison","floor":1},{"not_picked":["Terror","Infinite Blades"],"picked":"Flying Knee","floor":2},{"not_picked":["Flying Knee","Caltrops"],"picked":"Endless Agony","floor":3},{"not_picked":["Underhanded Strike","Expertise"],"picked":"Sucker Punch","floor":4},{"not_picked":["Escape Plan","Acrobatics"],"picked":"PiercingWail","floor":5},{"not_picked":["Sucker Punch","Flying Knee"],"picked":"Crippling Poison","floor":8},{"not_picked":["Heel Hook","Quick Slash"],"picked":"Dagger Spray","floor":10},{"not_picked":["Accuracy","All Out Attack"],"picked":"Dodge and Roll","floor":12},{"not_picked":["Wraith Form v2","Bullet Time"],"picked":"Unload","floor":16},{"not_picked":["Dagger Spray","Backflip"],"picked":"PiercingWail+1","floor":18},{"not_picked":["Caltrops","Tools of the Trade"],"picked":"Blade Dance","floor":24},{"not_picked":["Setup","Flying Knee"],"picked":"Blade Dance","floor":27},{"not_picked":["Predator","Dagger Throw"],"picked":"Flying Knee+1","floor":29}],"player_experience":327000,"relics_obtained":[{"floor":8,"key":"Juzu Bracelet"},{"floor":24,"key":"Tiny Chest"},{"floor":26,"key":"Whetstone"},{"floor":27,"key":"Nunchaku"},{"floor":30,"key":"Bag of Preparation"}],"event_choices":[{"damage_healed":0,"gold_gain":0,"player_choice":"Got Potions","damage_taken":0,"max_hp_gain":0,"max_hp_loss":0,"event_name":"Lab","floor":7,"gold_loss":0},{"damage_healed":0,"gold_gain":0,"player_choice":"Read","damage_taken":0,"max_hp_gain":0,"max_hp_loss":0,"event_name":"The Library","floor":19,"gold_loss":0,"cards_obtained":["Infinite Blades"]},{"damage_healed":0,"gold_gain":0,"player_choice":"Obtained Relic","damage_taken":0,"relics_obtained":["InkBottle"],"max_hp_gain":0,"max_hp_loss":0,"event_name":"Addict","floor":20,"gold_loss":85},{"damage_healed":0,"gold_gain":0,"player_choice":"Ignored","damage_taken":0,"max_hp_gain":0,"max_hp_loss":0,"event_name":"NoteForYourself","floor":21,"gold_loss":0},{"damage_healed":0,"gold_gain":0,"cards_transformed":["Strike_G","Strike_G"],"player_choice":"Became Test Subject","damage_taken":0,"max_hp_gain":0,"max_hp_loss":0,"event_name":"Drug Dealer","floor":23,"gold_loss":0,"cards_obtained":["Setup","Grand Finale"]},{"damage_healed":0,"gold_gain":99,"player_choice":"Stole From Cult","damage_taken":0,"max_hp_gain":0,"max_hp_loss":0,"event_name":"Nest","floor":28,"gold_loss":0}],"is_beta":false,"boss_relics":[{"not_picked":["Cursed Key","Busted Crown"],"picked":"WristBlade"}],"items_purged_floors":[],"is_endless":false,"potions_floor_spawned":[2,5,8,10,29],"killed_by":"Snake Plant","ascension_level":0}}