{"host":"a6ztjasp7lxlo10n","time":1613526216,"event":{"mods":["Act Like it!","BaseMod","Colored Map","Marisa£®ÏF”Í°°ƒß¿Ì…≥£©","Minty Spire (QoL Compilation)","Quick Restart","StSLib","SuperFastMode"],"gold_per_floor":[114,114,135,135,60,101,101,135,135,135,149,190,204,228,228,347,347,347,347],"floor_reached":18,"language":"ZHS","playtime":531,"items_purged":["Strike_R"],"score":297,"play_id":"e4530ab9-bc81-4ff4-9728-78e31954b824","local_time":"20210217094336","is_ascension_mode":true,"campfire_choices":[{"data":"Pommel Strike","floor":10.0,"key":"SMITH"},{"data":"Dual Wield","floor":15.0,"key":"SMITH"}],"circlet_count":0,"master_deck":["Strike_R+1","Strike_R","Strike_R","Strike_R","Defend_R+1","Defend_R","Defend_R","Defend_R","Bash","Whirlwind","Pommel Strike+1","Disarm","Power Through","Brutality","Inflame","Dual Wield+1","Heavy Blade+1","Immolate+1"],"relics":["Burning Blood","NeowsBlessing","Golden Idol","StrikeDummy","Happy Flower","Pen Nib","Molten Egg 2","PreservedInsect","Fusion Hammer"],"acts_visited":["Exordium","TheCity"],"potions_floor_usage":[],"damage_taken":[{"damage":0.0,"enemies":"Cultist","floor":1.0,"turns":1.0},{"damage":0.0,"enemies":"2 Louse","floor":3.0,"turns":1.0},{"damage":0.0,"enemies":"Lagavulin","floor":6.0,"turns":1.0},{"damage":10.0,"enemies":"Gremlin Nob","floor":8.0,"turns":3.0},{"damage":4.0,"enemies":"Jaw Worm","floor":11.0,"turns":2.0},{"damage":23.0,"enemies":"3 Sentries","floor":12.0,"turns":4.0},{"damage":1.0,"enemies":"Large Slime","floor":13.0,"turns":3.0},{"damage":2.0,"enemies":"3 Louse","floor":14.0,"turns":3.0},{"damage":49.0,"enemies":"The Guardian","floor":16.0,"turns":9.0},{"damage":0,"enemies":"3 Byrds","floor":18,"turns":1}],"seed_played":"-2523210819487582601","potions_obtained":[{"floor":1.0,"key":"Strength Potion"},{"floor":3.0,"key":"AttackPotion"},{"floor":8.0,"key":"SneckoOil"},{"floor":11.0,"key":"Dexterity Potion"}],"is_trial":false,"path_per_floor":["M","?","M","?","$","E","?","E","T","R","M","E","M","M","R","B",null,"M"],"character_chosen":"IRONCLAD","items_purchased":[],"campfire_rested":0,"item_purchase_floors":[],"current_hp_per_floor":[78,74,74,59,59,65,62,58,58,58,60,43,48,52,52,9,58,58,58],"gold":347,"neow_bonus":"THREE_ENEMY_KILL","is_daily":false,"chose_seed":false,"campfire_upgraded":2,"win_rate":0.0,"timestamp":1613526216,"path_taken":["M","?","M","?","?","E","?","E","T","R","M","E","M","M","R","BOSS","M"],"items_purchased_type":[],"build_version":"2020-12-22","purchased_purges":1,"victory":false,"max_hp_per_floor":[80,74,74,74,74,74,74,74,74,74,74,74,74,74,74,74,74,74,74],"card_choices":[{"not_picked":["Ghostly Armor","Thunderclap"],"picked":"Whirlwind","floor":1.0},{"not_picked":["Sever Soul","Thunderclap"],"picked":"Pommel Strike","floor":3.0},{"not_picked":["Uppercut","Sever Soul"],"picked":"Disarm","floor":6.0},{"not_picked":["Anger","Battle Trance"],"picked":"Power Through","floor":8.0},{"not_picked":["Cleave+1","Bloodletting"],"picked":"Brutality","floor":11.0},{"not_picked":["Thunderclap+1","Heavy Blade+1"],"picked":"Inflame","floor":12.0},{"not_picked":["Pommel Strike+1","Seeing Red"],"picked":"Dual Wield","floor":13.0},{"not_picked":["Pommel Strike+1","Headbutt+1"],"picked":"Heavy Blade+1","floor":14.0},{"not_picked":["Juggernaut","Brutality"],"picked":"Immolate+1","floor":16.0}],"player_experience":347498,"relics_obtained":[{"floor":6.0,"key":"StrikeDummy"},{"floor":8.0,"key":"Pen Nib"},{"floor":9.0,"key":"Molten Egg 2"},{"floor":12.0,"key":"PreservedInsect"}],"event_choices":[{"damage_healed":0.0,"max_hp_gain":0.0,"max_hp_loss":6.0,"gold_gain":0.0,"event_name":"Golden Idol","player_choice":"Lose Max HP","floor":2.0,"gold_loss":0.0,"damage_taken":0.0,"relics_obtained":["Golden Idol"]},{"damage_healed":0.0,"max_hp_gain":0.0,"max_hp_loss":0.0,"gold_gain":0.0,"event_name":"Shining Light","player_choice":"Entered Light","floor":4.0,"gold_loss":0.0,"damage_taken":15.0,"cards_upgraded":["Defend_R","Strike_R"]},{"damage_healed":0.0,"max_hp_gain":0.0,"max_hp_loss":0.0,"gold_gain":0.0,"event_name":"Scrap Ooze","player_choice":"Success","floor":7.0,"gold_loss":0.0,"damage_taken":3.0,"relics_obtained":["Happy Flower"]}],"is_beta":false,"boss_relics":[{"not_picked":["Calling Bell","SacredBark"],"picked":"Fusion Hammer"}],"items_purged_floors":[5],"is_endless":false,"potions_floor_spawned":[1,3,8,11,13],"killed_by":"3 Byrds","ascension_level":9}}