{"host":"4g7mr87h8gyy2hgp","time":1613561358,"event":{"mods":["Act Like it!","Arknights","BaseMod","Downfall","Lobotomy","LobotomyExtend","Marisa£®ÏF”Í°°ƒß¿Ì…≥£©","Minty Spire (QoL Compilation)","MostiFishMod","Reimu£®≤©¿ˆ¡È√Œ£©","Remilia£®¿Ÿ√◊¿Ú—«£©","StSLib","The Servant 0.9.4","Waifu the Spire","Yakumo Yukari mod","°æ“≈ŒÔø®≈∆°øREMEMod"],"gold_per_floor":[112,72,72,87,97,128,146,157,182,192,249,280,230,230,230,333,333,347,347,358,60,77,110,110,128,178,208,208,237,252,263,263,365,365,377,377,377],"floor_reached":36,"language":"ZHS","playtime":1208,"items_purged":[],"score":661,"play_id":"324b4cd1-d4b9-4e3a-855b-6a39b4c4ca40","local_time":"20210217192918","is_ascension_mode":false,"campfire_choices":[{"data":"TheWorld","floor":15,"key":"SMITH"},{"data":"ats:Volcano","floor":28,"key":"SMITH"},{"data":"ats:Closed Bolt Burst Fire","floor":32,"key":"SMITH"}],"circlet_count":0,"master_deck":["ats:Strike C","ats:Strike S","ats:Strike V","ats:Armor Crushing Shot","ats:Defend","ats:Emotion Absorption","TheWorld+1","ats:Magnetic Hammer","ats:Hammer On","ats:Leaping Hammer","ats:Leaping Hammer","ats:Closed Bolt Burst Fire","ats:Powerful Strike","ats:Neurotoxin","ats:Cat Scratch","ats:Volcano+1","ats:True Silver Slash+1","ats:Closed Bolt Burst Fire+1","ats:Curse Doll+1","ats:Thermite Blade+1","ats:Poison Spread","ats:Leaping Hammer+1","ats:Mental Burst","ats:Thermite Blade","ats:Volcano","ats:Leaping Hammer+1"],"relics":["DaveBox","REME_ComplimentaryCards","ExusiaiGun","xbg","SynthV:TestCard","PaintedHorse:ReiMu","ats:Originium","RuthlessExorcism:ReiMu","Blood Vial","ScarletDevilRocket","Nunchaku","GreenFoldingFan","Tiny Chest","Bronze Scales","ats:Ability Aura","Mastiff:ReiMu","Happy Flower","Snecko Eye","RedMistMask"],"acts_visited":["Exordium","TheCity","TheBeyond"],"potions_floor_usage":[],"damage_taken":[{"damage":0.0,"enemies":"2 Louse","floor":1.0,"turns":1.0},{"damage":0,"enemies":"ats:Genji","floor":4,"turns":1},{"damage":0,"enemies":"Jaw Worm","floor":5,"turns":1},{"damage":0,"enemies":"Lagavulin","floor":6,"turns":1},{"damage":0,"enemies":"Red Slaver","floor":7,"turns":1},{"damage":0,"enemies":"Looter","floor":8,"turns":1},{"damage":0,"enemies":"Exordium Thugs","floor":10,"turns":1},{"damage":0,"enemies":"Lagavulin Event","floor":11,"turns":1},{"damage":0,"enemies":"Gremlin Nob","floor":12,"turns":1},{"damage":24,"enemies":"Hexaghost","floor":16,"turns":3},{"damage":2,"enemies":"3 Byrds","floor":18,"turns":1},{"damage":2,"enemies":"2 Thieves","floor":20,"turns":1},{"damage":2,"enemies":"Sentry and Sphere","floor":22,"turns":1},{"damage":2,"enemies":"Slavers","floor":23,"turns":1},{"damage":2,"enemies":"Centurion and Healer","floor":25,"turns":1},{"damage":2,"enemies":"REME_1_Revenger","floor":27,"turns":1},{"damage":2,"enemies":"Gremlin Leader","floor":29,"turns":1},{"damage":2,"enemies":"3 Cultists","floor":30,"turns":1},{"damage":2,"enemies":"Sentry and Sphere","floor":31,"turns":1},{"damage":2,"enemies":"Champ","floor":33,"turns":2},{"damage":2,"enemies":"Orb Walker","floor":35,"turns":1},{"damage":72,"enemies":"Awakened One","floor":36,"turns":4}],"seed_played":"-4980068543966086159","potions_obtained":[{"floor":5,"key":"Guardian:BlockOnCardUsePotion"},{"floor":6,"key":"FearPotion"},{"floor":7,"key":"SkillPotion"},{"floor":8,"key":"Energy Potion"}],"is_trial":false,"path_per_floor":["M","?","?","M","M","E","M","M","T","M","?","E","?","?","R","B",null,"M","?","M","$","M","E","?","M","T","E","R","E","M","M","R","B",null,"M","B"],"character_chosen":"DOCTOR_CLASS","items_purchased":["Tiny Chest","Bronze Scales"],"campfire_rested":0,"item_purchase_floors":[21,21],"current_hp_per_floor":[72,72,72,72,72,72,72,72,72,72,72,72,72,65,65,43,72,72,72,72,72,72,72,72,72,72,72,72,72,72,72,72,72,72,72,0,0],"gold":377,"neow_bonus":"BOSS_RELIC","is_daily":false,"chose_seed":false,"campfire_upgraded":3,"win_rate":0.0,"timestamp":1613561358,"path_taken":["M","?","?","M","M","E","M","M","T","M","?","E","?","?","R","BOSS","M","?","?","?","M","E","?","?","T","E","R","E","M","M","R","BOSS","M","BOSS"],"items_purchased_type":["Relic","Relic"],"build_version":"2020-12-22","purchased_purges":0,"victory":false,"max_hp_per_floor":[72,72,72,72,72,72,72,72,72,72,72,72,72,72,72,72,72,72,72,72,72,72,72,72,72,72,72,72,72,72,72,72,72,72,72,72,72],"card_choices":[{"not_picked":["ats:Spore Proliferation","ats:Defend Order"],"picked":"ats:Magnetic Hammer","floor":1.0},{"not_picked":["ats:Flexible Camouflage","ats:Shadow Raid","ats:Guard Mode","ats:Burning Ground"],"picked":"ats:Hammer On","floor":4},{"not_picked":["ats:Collapsing Strike","ats:Healing Drone","ats:Magnetic Hammer","ats:Absolute Focus"],"picked":"ats:Leaping Hammer","floor":5},{"not_picked":["ats:Flame Of Heaven","ats:Revitalization","ats:Echo Reverb","ats:Shell Defense"],"picked":"ats:Leaping Hammer","floor":6},{"not_picked":["ats:Explosion Area Strengthen","ats:Ignite","ats:Consecutive Shot Auto","ats:Revitalization"],"picked":"ats:Closed Bolt Burst Fire","floor":7},{"not_picked":["ats:Dogmatic Field","ats:Sashimi Platter","ats:Shell Defense","ats:Literary Storm"],"picked":"ats:Powerful Strike","floor":8},{"not_picked":["ats:Explosion Area Strengthen","ats:Directed Diagnosis","ats:Apocalypse","ats:Chain Hook"],"picked":"ats:Neurotoxin","floor":10},{"not_picked":["ats:Absolute Focus","ats:Automatic Cover","ats:Blood Oath","ats:Powerful Strike"],"picked":"ats:Cat Scratch","floor":11},{"not_picked":["ats:Curse Doll","ats:Calcification","ats:Revitalization","ats:Consecutive Shot Auto"],"picked":"ats:Volcano","floor":12},{"not_picked":["ats:Ambush","ats:Volcano","ats:Durian","ats:Rat Pack"],"picked":"ats:True Silver Slash","floor":16},{"not_picked":["ats:Guardian Obelisk","ats:Assault Order","ats:Explosion Area Strengthen","ats:Encircling Forest"],"picked":"ats:Closed Bolt Burst Fire","floor":18},{"not_picked":["ats:Very Hot Blade+1","ats:Consecutive Shot Auto","ats:Shell Defense","ats:Shadow Assault"],"picked":"ats:Curse Doll+1","floor":20},{"not_picked":["ats:Consecutive Shot Auto+1","ats:Sunburst","ats:Powerful Strike","ats:Curse Doll+1"],"picked":"ats:Thermite Blade+1","floor":22},{"not_picked":["ats:LN2 Cannon","ats:Shell Defense","ats:Dogmatic Field","ats:Assault Order","ats:Steam Pump"],"picked":"SKIP","floor":23},{"not_picked":["ats:Shadow Raid","ats:Directed Diagnosis","ats:Revitalization","ats:Sashimi Platter"],"picked":"ats:Poison Spread","floor":25},{"not_picked":["ats:Hammer On","ats:Song Of Battle","ats:Echo Reverb","ats:Hook Shot"],"picked":"ats:Leaping Hammer+1","floor":27},{"not_picked":["ats:Guardian Obelisk","ats:Hammer On","ats:LN2 Cannon","ats:Ignite"],"picked":"ats:Mental Burst","floor":29},{"not_picked":["ats:Flexible Camouflage","ats:Curse Doll","ats:Cat Scratch","ats:Apocalypse","ats:Guard Mode"],"picked":"SKIP","floor":30},{"not_picked":["ats:Serious Mode","ats:Ignite","ats:Blood Oath","ats:Apocalypse"],"picked":"ats:Thermite Blade","floor":31},{"not_picked":["ats:Calcification","ats:Roar Of Ursus","ats:Ambush","ats:Wolf Pack"],"picked":"ats:Volcano","floor":33},{"not_picked":["ats:Directed Diagnosis","ats:Absolute Focus","ats:Overload","ats:Burning Ground"],"picked":"ats:Leaping Hammer+1","floor":35}],"player_experience":139348,"relics_obtained":[{"floor":1.0,"key":"SynthV:TestCard"},{"floor":6,"key":"ats:Originium"},{"floor":6,"key":"RuthlessExorcism:ReiMu"},{"floor":9,"key":"Blood Vial"},{"floor":12,"key":"ats:Originium"},{"floor":12,"key":"Nunchaku"},{"floor":23,"key":"ats:Originium"},{"floor":23,"key":"ats:Ability Aura"},{"floor":27,"key":"ats:Originium"},{"floor":27,"key":"Mastiff:ReiMu"},{"floor":29,"key":"Happy Flower"},{"floor":35,"key":"RedMistMask"}],"event_choices":[{"damage_healed":0,"gold_gain":0,"player_choice":"»˚«Æ","damage_taken":0,"relics_obtained":["PaintedHorse:ReiMu"],"max_hp_gain":0,"max_hp_loss":0,"event_name":"yidonshenshe","floor":2,"gold_loss":40},{"cards_removed":["ats:Defend"],"damage_healed":0,"gold_gain":0,"player_choice":"Forget","damage_taken":0,"max_hp_gain":0,"max_hp_loss":0,"event_name":"Living Wall","floor":3,"gold_loss":0},{"damage_healed":0,"gold_gain":30,"player_choice":"Searched \u00273\u0027 times","damage_taken":0,"relics_obtained":["ScarletDevilRocket"],"max_hp_gain":0,"max_hp_loss":0,"event_name":"Dead Adventurer","floor":11,"gold_loss":0},{"cards_removed":["ats:Defend"],"damage_healed":0,"gold_gain":0,"player_choice":"Card Removal","damage_taken":0,"max_hp_gain":0,"max_hp_loss":0,"event_name":"The Cleric","floor":13,"gold_loss":50},{"cards_removed":["ats:Strike G"],"damage_healed":0,"gold_gain":0,"player_choice":"Card Removal","damage_taken":7,"max_hp_gain":0,"max_hp_loss":0,"event_name":"Golden Wing","floor":14,"gold_loss":0},{"damage_healed":0,"gold_gain":0,"player_choice":"Upgraded","damage_taken":0,"max_hp_gain":0,"max_hp_loss":0,"event_name":"Upgrade Shrine","floor":19,"gold_loss":0,"cards_upgraded":["ats:True Silver Slash"]},{"cards_removed":["ats:Defend"],"damage_healed":0,"gold_gain":0,"player_choice":"Purged","damage_taken":0,"max_hp_gain":0,"max_hp_loss":0,"event_name":"Purifier","floor":24,"gold_loss":0}],"is_beta":false,"boss_relics":[{"not_picked":["Coffee Dripper","NightmareShop"],"picked":"GreenFoldingFan"},{"not_picked":["RhineFirstAidKit","SacredBark"],"picked":"Snecko Eye"}],"items_purged_floors":[],"is_endless":false,"potions_floor_spawned":[5,6,7,8,11,20,29,30,33],"killed_by":"Awakened One","ascension_level":0}}