{"host":"8d3fefv2347kqkpz","time":1613565266,"event":{"mods":["AchievementEnabler","Aspiration","BaseMod","Better Vampires","BetterRewards","Colored Map","Colored Powertips","Downfall","Emptier Cage","Highlight Path","Marked Mod","Minty Spire (QoL Compilation)","Permanent Neow","Quick Restart","Rare Cards Sparkle","Relic Stats","Say the Spire","Spicy Shops","StSLib","Waifu the Spire"],"gold_per_floor":[118,130,142,142,142,142,174,174,197,226,151,151,161,172,172,267,267,279,298,298,198,198,73,98,98,98],"floor_reached":25,"language":"ZHS","playtime":603,"items_purged":["Strike_P","Defend_P","Strike_P"],"score":229,"play_id":"1ece0592-dd1c-4d27-827a-69d80b9bc4a5","local_time":"20210217203426","is_ascension_mode":false,"campfire_choices":[{"data":"Eruption","floor":6.0,"key":"SMITH"},{"data":"Vigilance","floor":8.0,"key":"SMITH"},{"data":"Adaptation","floor":12.0,"key":"SMITH"},{"floor":15.0,"key":"REST"}],"circlet_count":0,"master_deck":["Defend_P","Defend_P","Eruption+1","Vigilance+1","Adaptation+1","Adaptation+1","FlurryOfBlows+1","FlyingSleeves+1","SignatureMove","ClearTheMind"],"relics":["PureWater","aspiration:Nostalgia","champ:ChampionCrown","Nunchaku","TungstenRod","Astrolabe"],"acts_visited":["Exordium","TheCity"],"potions_floor_usage":[24,24],"damage_taken":[{"damage":0.0,"enemies":"Cultist","floor":1.0,"turns":2.0},{"damage":0.0,"enemies":"2 Louse","floor":2.0,"turns":4.0},{"damage":1.0,"enemies":"Jaw Worm","floor":3.0,"turns":3.0},{"damage":10.0,"enemies":"Lagavulin","floor":7.0,"turns":6.0},{"damage":28.0,"enemies":"Gremlin Nob","floor":10.0,"turns":3.0},{"damage":0.0,"enemies":"3 Louse","floor":13.0,"turns":3.0},{"damage":0.0,"enemies":"Looter","floor":14.0,"turns":3.0},{"damage":17.0,"enemies":"Slime Boss","floor":16.0,"turns":10.0},{"damage":1.0,"enemies":"Shell Parasite","floor":18.0,"turns":3.0},{"damage":0.0,"enemies":"Spheric Guardian","floor":19.0,"turns":1.0},{"damage":67,"enemies":"Slavers","floor":24,"turns":6},{"damage":13,"enemies":"Snake Plant","floor":25,"turns":1}],"seed_played":"-2498764743604008381","potions_obtained":[{"floor":3.0,"key":"Swift Potion"},{"floor":7.0,"key":"Ancient Potion"},{"floor":14.0,"key":"Fruit Juice"},{"floor":18.0,"key":"Explosive Potion"},{"floor":19.0,"key":"BottledMiracle"},{"floor":24,"key":"Dexterity Potion"}],"is_trial":false,"path_per_floor":["M","M","M","?","?","R","E","R","T","E","$","R","M","M","R","B",null,"M","M","?","$","?","$","E","M"],"character_chosen":"WATCHER","items_purchased":[],"campfire_rested":1,"item_purchase_floors":[],"current_hp_per_floor":[72,72,71,71,71,71,61,61,61,33,33,33,33,38,61,44,77,76,76,76,76,76,76,9,0,0],"gold":98,"neow_bonus":"NOSTALGIA","is_daily":false,"chose_seed":false,"campfire_upgraded":3,"win_rate":0.0,"timestamp":1613565266,"path_taken":["M","M","M","?","?","R","E","R","T","E","$","R","M","M","R","BOSS","M","M","?","$","?","$","E","M"],"items_purchased_type":[],"build_version":"2020-12-22","purchased_purges":3,"victory":false,"max_hp_per_floor":[72,72,72,72,72,72,72,72,72,72,72,72,72,77,77,77,77,77,77,77,77,77,77,77,77,77],"relic_stats":{"Nunchaku":[6],"counters":[12,45],"Astrolabe":["Adaptation","FlurryOfBlows","FlyingSleeves"],"obtain_stats":[{"Nunchaku":9,"aspiration:Nostalgia":0,"Astrolabe":17,"champ:ChampionCrown":0,"PureWater":0,"TungstenRod":10},{"Nunchaku":4,"aspiration:Nostalgia":0,"Astrolabe":8,"champ:ChampionCrown":0,"PureWater":0,"TungstenRod":5},{"Nunchaku":15,"aspiration:Nostalgia":0,"Astrolabe":34,"champ:ChampionCrown":0,"PureWater":0,"TungstenRod":18}],"TungstenRod":13},"card_choices":[{"not_picked":["Evaluate","EmptyBody","CrushJoints"],"picked":"SKIP","floor":1.0},{"not_picked":["CrushJoints","DeceiveReality"],"picked":"Adaptation","floor":2.0},{"not_picked":["Fasting2","WaveOfTheHand","CutThroughFate"],"picked":"SKIP","floor":3.0},{"not_picked":["DeusExMachina","Tantrum","Protect"],"picked":"SKIP","floor":7.0},{"not_picked":["MentalFortress","SashWhip","Consecrate"],"picked":"SKIP","floor":10.0},{"not_picked":["Evaluate","CutThroughFate","Prostrate"],"picked":"SKIP","floor":13.0},{"not_picked":["Vengeance","PathToVictory","EmptyFist"],"picked":"SKIP","floor":14.0},{"not_picked":["MarkedMod:FirstStrike","Study+1"],"picked":"SignatureMove","floor":18.0},{"not_picked":["CrushJoints","MarkedMod:GentlePulse"],"picked":"ClearTheMind","floor":19.0},{"not_picked":["Establishment","Protect","FlyingSleeves"],"picked":"SKIP","floor":24}],"player_experience":450505,"relics_obtained":[{"floor":9.0,"key":"Nunchaku"},{"floor":10.0,"key":"TungstenRod"}],"event_choices":[{"damage_healed":0.0,"max_hp_gain":0.0,"max_hp_loss":0.0,"gold_gain":0.0,"event_name":"Scrap Ooze","player_choice":"Fled","floor":4.0,"gold_loss":0.0,"damage_taken":0.0},{"damage_healed":0.0,"max_hp_gain":0.0,"max_hp_loss":0.0,"gold_gain":0.0,"event_name":"Liars Game","player_choice":"Ignored","floor":5.0,"gold_loss":0.0,"damage_taken":0.0},{"damage_healed":0.0,"max_hp_gain":0.0,"max_hp_loss":0.0,"gold_gain":0.0,"event_name":"Ghosts","player_choice":"Ignored","floor":20.0,"gold_loss":0.0,"damage_taken":0.0}],"is_beta":false,"boss_relics":[{"not_picked":["Philosopher\u0027s Stone","aspiration:SilentSkillbook"],"picked":"Astrolabe"}],"items_purged_floors":[11,21,23],"is_endless":false,"potions_floor_spawned":[3,7,13,14,18,19,24],"killed_by":"Snake Plant","ascension_level":0}}