{"host":"soyfmymeou4emntr","time":1613583031,"event":{"mods":["BaseMod","Minty Spire (QoL Compilation)","Permanent Neow","Relic Sorter","Relic Stats","StSLib"],"gold_per_floor":[114,130,130,143,54,54,79,79,157,186,186,197,225,161,161,233,233,243,9,26,26,44,44,44],"floor_reached":23,"language":"ENG","playtime":1626,"items_purged":[],"score":398,"play_id":"cc13f203-a6fd-43c8-8719-cdc377470475","local_time":"20210217103031","is_ascension_mode":true,"campfire_choices":[{"data":"Trip","floor":6.0,"key":"SMITH"},{"floor":8.0,"key":"REST"},{"data":"Ball Lightning","floor":11.0,"key":"SMITH"},{"floor":15.0,"key":"REST"}],"circlet_count":0,"master_deck":["AscendersBane","Strike_B","Strike_B","Defend_B","Defend_B","Defend_B","Defend_B","Zap","Dualcast","Genetic Algorithm","Cold Snap","Sunder","Trip+1","Cold Snap","Ball Lightning+1","Recycle","Coolheaded","Biased Cognition","Doom and Gloom","Loop","Defragment","Seek","Static Discharge"],"relics":["Snecko Eye","Strawberry","Symbiotic Virus","Sundial","Odd Mushroom","White Beast Statue","Inserter","ClockworkSouvenir"],"acts_visited":["Exordium","TheCity"],"potions_floor_usage":[23],"damage_taken":[{"damage":9.0,"enemies":"Jaw Worm","floor":1.0,"turns":4.0},{"damage":7.0,"enemies":"Small Slimes","floor":2.0,"turns":3.0},{"damage":6.0,"enemies":"2 Louse","floor":4.0,"turns":2.0},{"damage":21.0,"enemies":"Gremlin Nob","floor":7.0,"turns":4.0},{"damage":3.0,"enemies":"3 Sentries","floor":10.0,"turns":6.0},{"damage":15.0,"enemies":"Gremlin Gang","floor":12.0,"turns":3.0},{"damage":5.0,"enemies":"The Mushroom Lair","floor":13.0,"turns":3.0},{"damage":8.0,"enemies":"Slime Boss","floor":16.0,"turns":6.0},{"damage":10.0,"enemies":"Chosen","floor":18.0,"turns":4.0},{"damage":18.0,"enemies":"2 Thieves","floor":20.0,"turns":5.0},{"damage":1.0,"enemies":"3 Cultists","floor":22.0,"turns":5.0},{"damage":43,"enemies":"Slavers","floor":23,"turns":4}],"seed_played":"8145068661881626541","potions_obtained":[{"floor":1.0,"key":"Block Potion"},{"floor":16.0,"key":"Weak Potion"},{"floor":18.0,"key":"Strength Potion"},{"floor":20.0,"key":"SteroidPotion"},{"floor":22.0,"key":"GamblersBrew"}],"is_trial":false,"path_per_floor":["M","M","?","M","$","R","E","R","T","E","R","M","?","?","R","B",null,"M","$","M","?","M","E"],"character_chosen":"DEFECT","items_purchased":["Trip","ClockworkSouvenir","Loop"],"campfire_rested":2,"item_purchase_floors":[5,19,19],"current_hp_per_floor":[55,48,41,35,35,35,21,44,44,41,41,26,21,21,44,36,68,58,58,40,40,39,0,0],"gold":44,"neow_bonus":"BOSS_RELIC","is_daily":false,"chose_seed":false,"campfire_upgraded":2,"win_rate":0.0,"timestamp":1613583031,"path_taken":["M","M","?","M","$","R","E","R","T","E","R","M","?","?","R","BOSS","M","$","?","?","?","E"],"items_purchased_type":["Card","Relic","Card"],"build_version":"2020-12-22","purchased_purges":0,"victory":false,"max_hp_per_floor":[71,71,71,71,71,71,78,78,78,78,78,78,78,78,78,78,78,78,78,78,78,78,78,78],"relic_stats":{"Inserter":[9],"counters":[12,49],"Sundial":[4],"Snecko Eye":[71,93,71,85],"obtain_stats":[{"Inserter":17,"Sundial":10,"Strawberry":7,"Snecko Eye":0,"Odd Mushroom":13,"Cracked Core":0,"Symbiotic Virus":9,"White Beast Statue":14,"ClockworkSouvenir":19},{"Inserter":8,"Sundial":5,"Strawberry":4,"Snecko Eye":0,"Odd Mushroom":7,"Cracked Core":0,"Symbiotic Virus":4,"White Beast Statue":7,"ClockworkSouvenir":9},{"Inserter":31,"Sundial":19,"Strawberry":13,"Snecko Eye":0,"Odd Mushroom":25,"Cracked Core":0,"Symbiotic Virus":13,"White Beast Statue":25,"ClockworkSouvenir":35}]},"card_choices":[{"not_picked":["Steam Power","Coolheaded"],"picked":"Genetic Algorithm","floor":1.0},{"not_picked":["Storm","Hologram"],"picked":"Cold Snap","floor":2.0},{"not_picked":["Heatsinks","Redo"],"picked":"Sunder","floor":4.0},{"not_picked":["Hologram","FTL"],"picked":"Cold Snap","floor":7.0},{"not_picked":["Double Energy","Gash"],"picked":"Ball Lightning","floor":10.0},{"not_picked":["Conserve Battery","Coolheaded"],"picked":"Recycle","floor":12.0},{"not_picked":["Gash","Beam Cell"],"picked":"Coolheaded","floor":13.0},{"not_picked":["All For One","Multi-Cast"],"picked":"Biased Cognition","floor":16.0},{"not_picked":["Streamline+1","Fusion"],"picked":"Doom and Gloom","floor":18.0},{"not_picked":["Streamline","Go for the Eyes"],"picked":"Defragment","floor":20.0},{"not_picked":["Rebound","Coolheaded"],"picked":"Static Discharge","floor":22.0}],"player_experience":3370200,"relics_obtained":[{"floor":7.0,"key":"Strawberry"},{"floor":9.0,"key":"Symbiotic Virus"},{"floor":10.0,"key":"Sundial"},{"floor":13.0,"key":"Odd Mushroom"}],"event_choices":[{"cards_removed":["Strike_B"],"damage_healed":0.0,"max_hp_gain":0.0,"max_hp_loss":0.0,"gold_gain":0.0,"event_name":"Golden Wing","player_choice":"Card Removal","floor":3.0,"gold_loss":0.0,"damage_taken":7.0},{"damage_healed":0.0,"max_hp_gain":0.0,"max_hp_loss":0.0,"gold_gain":0.0,"event_name":"Mushrooms","player_choice":"Fought Mushrooms","floor":13.0,"gold_loss":0.0,"damage_taken":0.0},{"damage_healed":0.0,"max_hp_gain":0.0,"max_hp_loss":0.0,"gold_gain":0.0,"event_name":"WeMeetAgain","player_choice":"Paid Gold","floor":14.0,"gold_loss":64.0,"damage_taken":0.0,"relics_obtained":["White Beast Statue"]},{"damage_healed":0.0,"max_hp_gain":0.0,"max_hp_loss":0.0,"gold_gain":0.0,"cards_transformed":["Strike_B"],"event_name":"Transmorgrifier","player_choice":"Transformed","floor":21.0,"gold_loss":0.0,"damage_taken":0.0,"cards_obtained":["Seek"]}],"is_beta":false,"boss_relics":[{"not_picked":["Busted Crown","Nuclear Battery"],"picked":"Inserter"}],"items_purged_floors":[],"is_endless":false,"potions_floor_spawned":[1,16,18,20,22],"killed_by":"Slavers","ascension_level":20}}