{"host":"68ghyws2y4huvzbn","time":1613554832,"event":{"mods":["2.2 Compatiblity","Act Like it!","BaseMod","Better Silent Start","Better Skull","Better-Laid Plans","Colored Map","Colored Powertips","Gensokyo","Minty Spire (QoL Compilation)","Rare Cards Sparkle","StSLib","[IsaacMod]ÒÔÈö¼âËþ"],"gold_per_floor":[119,119,132,146,96,96,111,111,111,426,426,445,445,333,333,333,333],"floor_reached":16,"language":"ZHS","playtime":872,"items_purged":["Pain"],"score":117,"play_id":"1b57e6b6-784a-4abe-86c2-24aae3a01728","local_time":"20210217174032","is_ascension_mode":false,"campfire_choices":[{"data":"Ghostly Armor","floor":6,"key":"SMITH"},{"data":"Juggernaut","floor":11,"key":"SMITH"},{"data":"Shrug It Off","floor":13,"key":"SMITH"},{"data":"Dark Embrace","floor":15,"key":"SMITH"}],"circlet_count":0,"master_deck":["Strike_R","Strike_R","Strike_R","Strike_R","Strike_R","Defend_R","Defend_R","Defend_R","Defend_R","Bash","Ghostly Armor+1","Juggernaut+1","Shrug It Off+1","Dark Embrace+1"],"relics":["Burning Blood","HushsDoor","GuppysHead","Gensokyo:LunaticRedEyes","Pear","ForgetMeNow"],"acts_visited":["Gensokyo:Gensokyo"],"potions_floor_usage":[16,16],"damage_taken":[{"damage":7,"enemies":"Gensokyo:Gryphon","floor":1,"turns":3},{"damage":14,"enemies":"Gensokyo:Python","floor":3,"turns":3},{"damage":3,"enemies":"Gensokyo:2_Kodama","floor":4,"turns":4},{"damage":17,"enemies":"Gensokyo:VengefulSpirit","floor":7,"turns":8},{"damage":30,"enemies":"Gensokyo:2_Rabbits","floor":10,"turns":7},{"damage":14,"enemies":"Gensokyo:3_Kodama","floor":12,"turns":4},{"damage":56,"enemies":"Gensokyo:Reimu","floor":16,"turns":21}],"seed_played":"-5600528903907688532","potions_obtained":[{"floor":4,"key":"LiquidMemories"},{"floor":7,"key":"BloodPotion"}],"is_trial":false,"path_per_floor":["M","?","M","M","COS","R","M","?","T","M","R","M","R","$","R","B"],"character_chosen":"IRONCLAD","items_purchased":["Dark Embrace"],"campfire_rested":0,"item_purchase_floors":[14],"current_hp_per_floor":[87,87,79,82,82,82,71,66,66,42,42,34,34,34,34,0,0],"gold":333,"neow_bonus":"TEN_PERCENT_HP_BONUS","is_daily":false,"chose_seed":false,"campfire_upgraded":4,"win_rate":0.0,"timestamp":1613554832,"path_taken":["M","?","M","M","COS","R","M","?","T","?","R","M","R","$","R","BOSS"],"items_purchased_type":["Card"],"build_version":"2020-12-22","purchased_purges":1,"victory":false,"max_hp_per_floor":[88,88,88,88,88,88,88,98,98,98,98,98,98,98,98,98,98],"card_choices":[{"not_picked":["Perfected Strike","Anger","Reckless Charge"],"picked":"SKIP","floor":1},{"not_picked":["True Grit","Thunderclap"],"picked":"Ghostly Armor","floor":3},{"not_picked":["Pummel","Sword Boomerang","Pommel Strike"],"picked":"SKIP","floor":4},{"not_picked":["Flex","Twin Strike"],"picked":"Juggernaut","floor":7},{"not_picked":["Dropkick","Pommel Strike","Combust"],"picked":"SKIP","floor":10},{"not_picked":["Pommel Strike","Warcry"],"picked":"Shrug It Off","floor":12}],"player_experience":169304,"relics_obtained":[{"floor":9,"key":"ForgetMeNow"}],"event_choices":[],"is_beta":false,"boss_relics":[],"items_purged_floors":[14],"is_endless":false,"potions_floor_spawned":[4,7],"killed_by":"Gensokyo:Reimu","ascension_level":0}}