{"host":"7z39xsm6v5apnklf","time":1613551057,"event":{"mods":["Act Like it!","BaseMod","GifTheSpireLib","Marisa£®ÏF”Í°°ƒß¿Ì…≥£©","Minty Spire (QoL Compilation)","StSLib"],"gold_per_floor":[117,5,5,16,26,64,64,80,80,80,80,117,48,48,48,48,48],"floor_reached":16,"language":"ZHS","playtime":873,"items_purged":["Pain"],"score":167,"play_id":"5ac8d5d6-e1df-41ac-939d-2e44eac27018","local_time":"20210217163737","is_ascension_mode":true,"campfire_choices":[{"data":"Strike_MRS","floor":7.0,"key":"PURGE"},{"data":"Defend_MRS","floor":11.0,"key":"PURGE"},{"floor":15.0,"key":"REST"}],"circlet_count":0,"master_deck":["AscendersBane","Strike_MRS","Strike_MRS","Strike_MRS","Defend_MRS","Defend_MRS","Defend_MRS","MasterSpark","UpSweep","PropBag","RefractionSpark","UltimateShortwave","SporeBomb","ManaRampage+1"],"relics":["MiniHakkero","Peace Pipe","CeramicFish","Bag of Marbles","Ornamental Fan","Sundial"],"acts_visited":["Exordium"],"potions_floor_usage":[],"damage_taken":[{"damage":15.0,"enemies":"Jaw Worm","floor":1.0,"turns":4.0},{"damage":1.0,"enemies":"Cultist","floor":4.0,"turns":3.0},{"damage":2.0,"enemies":"2 Louse","floor":5.0,"turns":2.0},{"damage":25.0,"enemies":"Lagavulin","floor":6.0,"turns":4.0},{"damage":10.0,"enemies":"Gremlin Gang","floor":8.0,"turns":4.0},{"damage":20.0,"enemies":"3 Sentries","floor":12.0,"turns":6.0},{"damage":44,"enemies":"Slime Boss","floor":16,"turns":6}],"seed_played":"2386502946547056348","potions_obtained":[{"floor":1.0,"key":"Fire Potion"},{"floor":6.0,"key":"SpeedPotion"},{"floor":8.0,"key":"SteroidPotion"}],"is_trial":false,"path_per_floor":["M","$","?","M","M","E","R","M","T","$","R","E","$","?","R","B"],"character_chosen":"MARISA","items_purchased":["RefractionSpark","ManaRampage"],"campfire_rested":1,"item_purchase_floors":[2,13],"current_hp_per_floor":[53,53,53,52,50,37,37,27,27,27,27,7,7,7,29,0,0],"gold":48,"neow_bonus":"ONE_RARE_RELIC","is_daily":false,"chose_seed":false,"campfire_upgraded":0,"win_rate":0.0,"timestamp":1613551057,"path_taken":["M","$","?","M","M","E","R","M","T","?","R","E","$","?","R","BOSS"],"items_purchased_type":["Card","Card"],"build_version":"2020-12-22","purchased_purges":1,"victory":false,"max_hp_per_floor":[75,75,75,75,75,75,75,75,75,75,75,75,75,75,75,75,75],"card_choices":[{"not_picked":["ChargingUp","PowerUp"],"picked":"PropBag","floor":1.0},{"not_picked":["NonDirectionalLaser","DarkSpark","GravityBeat"],"picked":"SKIP","floor":4.0},{"not_picked":["GasGiant","LuminesStrike","MagicAbsorber"],"picked":"SKIP","floor":5.0},{"not_picked":["Acceleration","GravityBeat"],"picked":"UltimateShortwave","floor":6.0},{"not_picked":["6A","ShootingEcho","LuminesStrike"],"picked":"SKIP","floor":8.0},{"not_picked":["LuminesStrike","MagicAbsorber"],"picked":"SporeBomb","floor":12.0}],"player_experience":305370,"relics_obtained":[{"floor":6.0,"key":"CeramicFish"},{"floor":9.0,"key":"Bag of Marbles"},{"floor":12.0,"key":"Ornamental Fan"}],"event_choices":[{"damage_healed":0.0,"max_hp_gain":0.0,"max_hp_loss":0.0,"gold_gain":0.0,"event_name":"Match and Keep!","player_choice":"0 cards matched","floor":3.0,"gold_loss":0.0,"damage_taken":0.0,"cards_obtained":[]},{"damage_healed":0.0,"max_hp_gain":0.0,"max_hp_loss":0.0,"gold_gain":0.0,"event_name":"Accursed Blacksmith","player_choice":"Forge","floor":14.0,"gold_loss":0.0,"damage_taken":0.0,"cards_upgraded":["ManaRampage"]}],"is_beta":false,"boss_relics":[],"items_purged_floors":[2],"is_endless":false,"potions_floor_spawned":[1,6,8],"killed_by":"Slime Boss","ascension_level":11}}