{"host":"dg9bmj64xsaxvoc5","time":1613526164,"event":{"mods":["AchievementEnabler","BaseMod","Highlight Path","Minty Spire (QoL Compilation)","Quick Restart","Relic Stats"],"gold_per_floor":[112,112,35,35,53,88,88,117,162,162,178,178,178,201,201,324,387,411,128,148,148,169,169,184,209,232,255,286,286,286,307,307,426,426,449,80,80,93,1,1,22,37,37,62,62,75,99,134,134,134,134],"floor_reached":50,"language":"ENG","playtime":1824,"items_purged":["Strike_R","Strike_R"],"score":581,"play_id":"7cffa107-0b0e-4754-b50f-833b349158c0","local_time":"20210216204244","is_ascension_mode":false,"campfire_choices":[{"data":"Infernal Blade","floor":7,"key":"SMITH"},{"data":"Flex","floor":12,"key":"SMITH"},{"data":"Shrug It Off","floor":15,"key":"SMITH"},{"data":"Infernal Blade","floor":23,"key":"SMITH"},{"data":"Heavy Blade","floor":29,"key":"SMITH"},{"data":"Carnage","floor":32,"key":"SMITH"},{"data":"Seeing Red","floor":40,"key":"SMITH"},{"floor":49,"key":"REST"}],"circlet_count":0,"master_deck":["Strike_R","Defend_R+1","Defend_R+1","Bash","Cleave","Infernal Blade+1","Flex+1","Battle Trance","Headbutt","Shrug It Off+1","Feed","Infernal Blade+1","Carnage+1","Shrug It Off","Demon Form","Necronomicurse","Pommel Strike","Demon Form","Thunderclap+1","Heavy Blade+1","Flame Barrier","Hemokinesis","Berserk+1","Anger+1","Impervious+1","Inflame","Seeing Red+1","Swift Strike","Anger+1","Pommel Strike+1","Cleave+1","Twin Strike+1","Uppercut","Seeing Red"],"relics":["Burning Blood","NeowsBlessing","NlothsMask","Lantern","Toy Ornithopter","Golden Idol","Tiny House","Vajra","Necronomicon","Bag of Marbles","Question Card","Astrolabe","Sling","Meat on the Bone","Gremlin Horn","Ginger"],"acts_visited":["Exordium","TheCity","TheBeyond"],"potions_floor_usage":[22,22,24,28,33,33,44,47,47,50],"damage_taken":[{"damage":0,"enemies":"Small Slimes","floor":1,"turns":1},{"damage":0,"enemies":"Cultist","floor":5,"turns":1},{"damage":0,"enemies":"Lagavulin","floor":6,"turns":1},{"damage":0,"enemies":"Gremlin Nob","floor":8,"turns":2},{"damage":0,"enemies":"2 Louse","floor":11,"turns":2},{"damage":7,"enemies":"Red Slaver","floor":14,"turns":2},{"damage":26,"enemies":"Slime Boss","floor":16,"turns":11},{"damage":18,"enemies":"Chosen","floor":18,"turns":6},{"damage":11,"enemies":"2 Thieves","floor":20,"turns":3},{"damage":16,"enemies":"Cultist and Chosen","floor":22,"turns":4},{"damage":0,"enemies":"Snecko","floor":24,"turns":2},{"damage":0,"enemies":"Chosen and Byrds","floor":25,"turns":4},{"damage":10,"enemies":"Shelled Parasite and Fungi","floor":27,"turns":3},{"damage":13,"enemies":"Book of Stabbing","floor":28,"turns":3},{"damage":0,"enemies":"Snake Plant","floor":31,"turns":1},{"damage":72,"enemies":"Champ","floor":33,"turns":6},{"damage":0,"enemies":"Orb Walker","floor":35,"turns":1},{"damage":26,"enemies":"3 Shapes","floor":38,"turns":5},{"damage":11,"enemies":"3 Darklings","floor":41,"turns":3},{"damage":6,"enemies":"Jaw Worm Horde","floor":42,"turns":4},{"damage":46,"enemies":"Writhing Mass","floor":44,"turns":4},{"damage":42,"enemies":"3 Darklings","floor":46,"turns":5},{"damage":13,"enemies":"Maw","floor":47,"turns":6},{"damage":50,"enemies":"Giant Head","floor":48,"turns":6},{"damage":54,"enemies":"Awakened One","floor":50,"turns":5}],"seed_played":"-7580972709873936020","potions_obtained":[{"floor":5,"key":"BloodPotion"},{"floor":14,"key":"LiquidMemories"},{"floor":17,"key":"Explosive Potion"},{"floor":22,"key":"FearPotion"},{"floor":24,"key":"SpeedPotion"},{"floor":27,"key":"PowerPotion"},{"floor":42,"key":"BlessingOfTheForge"},{"floor":44,"key":"DuplicationPotion"},{"floor":46,"key":"BloodPotion"},{"floor":48,"key":"SteroidPotion"}],"is_trial":false,"path_per_floor":["M","?","$","?","M","E","R","E","T","?","M","R","?","M","R","B",null,"M","$","M","?","M","R","M","M","T","M","E","R","?","M","R","B",null,"M","$","?","M","?","R","M","M","T","M","?","M","M","E","R","B"],"character_chosen":"IRONCLAD","items_purchased":["Infernal Blade","Vajra","Shrug It Off","Inflame","Seeing Red","Sling"],"campfire_rested":1,"item_purchase_floors":[3,19,19,36,36,36],"current_hp_per_floor":[80,80,80,80,80,80,80,80,80,60,66,66,66,65,65,45,85,73,73,71,55,72,72,86,91,91,87,85,85,85,91,91,25,91,91,91,91,71,71,71,66,66,66,43,43,19,52,20,47,0,0],"gold":134,"neow_bonus":"THREE_ENEMY_KILL","is_daily":false,"chose_seed":false,"campfire_upgraded":7,"win_rate":0.0,"timestamp":1613526164,"path_taken":["M","?","?","?","?","E","R","E","T","?","M","R","?","M","R","BOSS","M","$","?","?","M","R","M","M","T","M","E","R","?","M","R","BOSS","M","$","?","M","?","R","M","M","T","?","?","M","M","E","R","BOSS"],"items_purchased_type":["Card","Relic","Card","Card","Card","Relic"],"build_version":"2020-12-22","purchased_purges":2,"victory":false,"max_hp_per_floor":[80,80,80,80,80,80,80,80,80,80,80,80,80,80,80,80,85,85,85,88,88,88,88,91,91,91,91,91,91,91,91,91,91,91,91,91,91,91,91,91,91,91,91,91,91,91,91,91,91,91,91],"relic_stats":{"Gremlin Horn":[3,5],"counters":[25,91],"Golden Idol":141,"Astrolabe":["Berserk","Anger","Impervious"],"Necronomicon":[33],"Ginger":[0],"Question Card":11,"obtain_stats":[{"Lantern":6,"Tiny House":17,"NeowsBlessing":0,"Gremlin Horn":43,"Golden Idol":10,"Astrolabe":34,"Vajra":19,"Ginger":48,"Question Card":28,"Sling":36,"Burning Blood":0,"Necronomicon":21,"Bag of Marbles":26,"Toy Ornithopter":8,"NlothsMask":2,"Meat on the Bone":39},{"Lantern":3,"Tiny House":7,"NeowsBlessing":0,"Gremlin Horn":20,"Golden Idol":4,"Astrolabe":16,"Vajra":8,"Ginger":24,"Question Card":14,"Sling":17,"Burning Blood":0,"Necronomicon":9,"Bag of Marbles":12,"Toy Ornithopter":4,"NlothsMask":1,"Meat on the Bone":18},{"Lantern":3,"Tiny House":20,"NeowsBlessing":0,"Gremlin Horn":65,"Golden Idol":5,"Astrolabe":52,"Vajra":26,"Ginger":86,"Question Card":45,"Sling":53,"Burning Blood":0,"Necronomicon":29,"Bag of Marbles":39,"Toy Ornithopter":5,"NlothsMask":1,"Meat on the Bone":58}],"Burning Blood":113,"Toy Ornithopter":40,"Meat on the Bone":48},"card_choices":[{"not_picked":["Anger","Clothesline"],"picked":"Cleave","floor":1},{"not_picked":["Warcry","Anger","Blood for Blood"],"picked":"SKIP","floor":5},{"not_picked":["Second Wind","Blood for Blood"],"picked":"Battle Trance","floor":6},{"not_picked":["Rampage","Iron Wave"],"picked":"Headbutt","floor":8},{"not_picked":["Combust","Perfected Strike","Warcry"],"picked":"SKIP","floor":11},{"not_picked":["Anger","Heavy Blade"],"picked":"Shrug It Off","floor":14},{"not_picked":["Offering","Impervious"],"picked":"Feed","floor":16},{"not_picked":["Disarm","Cleave"],"picked":"Infernal Blade","floor":17},{"not_picked":["True Grit","Sword Boomerang+1"],"picked":"Carnage","floor":18},{"not_picked":["Clothesline","Carnage"],"picked":"Demon Form","floor":20},{"not_picked":["Shockwave","Warcry"],"picked":"Pommel Strike","floor":22},{"not_picked":["Iron Wave","Bloodletting"],"picked":"Demon Form","floor":24},{"not_picked":["Iron Wave","Armaments"],"picked":"Thunderclap+1","floor":25},{"not_picked":["Pommel Strike","Sword Boomerang+1"],"picked":"Heavy Blade","floor":27},{"not_picked":["Metallicize","Evolve"],"picked":"Flame Barrier","floor":28},{"not_picked":["Warcry+1","Sword Boomerang","Feed"],"picked":"Hemokinesis","floor":31},{"not_picked":["Iron Wave","True Grit+1","Entrench+1","Body Slam"],"picked":"SKIP","floor":35},{"not_picked":["Impatience","Forethought","Transmutation"],"picked":"Swift Strike","floor":37},{"not_picked":["Sword Boomerang","Wild Strike+1","Burning Pact+1"],"picked":"Anger+1","floor":38},{"not_picked":["Warcry+1","Evolve","Whirlwind+1"],"picked":"Pommel Strike+1","floor":41},{"not_picked":["Clothesline","Headbutt","Blood for Blood","Warcry"],"picked":"SKIP","floor":42},{"not_picked":["Inflame","Feel No Pain","Disarm+1"],"picked":"Cleave+1","floor":44},{"not_picked":["True Grit","Power Through+1","Dark Embrace"],"picked":"Twin Strike+1","floor":46},{"not_picked":["Hemokinesis+1","Clash+1","Warcry"],"picked":"Uppercut","floor":47},{"not_picked":["Berserk","Fire Breathing+1","Armaments+1"],"picked":"Seeing Red","floor":48}],"player_experience":7526,"relics_obtained":[{"floor":6,"key":"Lantern"},{"floor":8,"key":"Toy Ornithopter"},{"floor":21,"key":"Necronomicon"},{"floor":26,"key":"Bag of Marbles"},{"floor":28,"key":"Question Card"},{"floor":43,"key":"Gremlin Horn"},{"floor":48,"key":"Ginger"}],"event_choices":[{"damage_healed":0,"gold_gain":0,"player_choice":"Trade","damage_taken":0,"relics_obtained":["NlothsMask"],"max_hp_gain":0,"max_hp_loss":0,"event_name":"FaceTrader","floor":2,"gold_loss":0},{"damage_healed":0,"gold_gain":0,"cards_transformed":["Defend_R"],"player_choice":"Transformed","damage_taken":0,"max_hp_gain":0,"max_hp_loss":0,"event_name":"Transmorgrifier","floor":4,"gold_loss":0,"cards_obtained":["Flex"]},{"damage_healed":0,"gold_gain":0,"player_choice":"Take Damage","damage_taken":20,"relics_obtained":["Golden Idol"],"max_hp_gain":0,"max_hp_loss":0,"event_name":"Golden Idol","floor":10,"gold_loss":0},{"damage_healed":0,"gold_gain":0,"player_choice":"Upgraded","damage_taken":0,"max_hp_gain":0,"max_hp_loss":0,"event_name":"Upgrade Shrine","floor":13,"gold_loss":0,"cards_upgraded":["Defend_R"]},{"damage_healed":0,"gold_gain":0,"player_choice":"Obtained Book","damage_taken":16,"max_hp_gain":0,"max_hp_loss":0,"event_name":"Cursed Tome","floor":21,"gold_loss":0},{"damage_healed":0,"gold_gain":0,"player_choice":"Ignored","damage_taken":0,"max_hp_gain":0,"max_hp_loss":0,"event_name":"Ghosts","floor":30,"gold_loss":0},{"damage_healed":0,"gold_gain":0,"player_choice":"Memory 1","damage_taken":0,"max_hp_gain":0,"max_hp_loss":0,"event_name":"SensoryStone","floor":37,"gold_loss":0},{"damage_healed":0,"gold_gain":0,"player_choice":"Paid Gold","damage_taken":0,"relics_obtained":["Meat on the Bone"],"max_hp_gain":0,"max_hp_loss":0,"event_name":"WeMeetAgain","floor":39,"gold_loss":92},{"damage_healed":0,"gold_gain":0,"player_choice":"0 cards matched","damage_taken":0,"max_hp_gain":0,"max_hp_loss":0,"event_name":"Match and Keep!","floor":45,"gold_loss":0,"cards_obtained":[]}],"is_beta":false,"boss_relics":[{"not_picked":["Runic Dome","Empty Cage"],"picked":"Tiny House"},{"not_picked":["Mark of Pain","Snecko Eye"],"picked":"Astrolabe"}],"items_purged_floors":[19,36],"is_endless":false,"potions_floor_spawned":[5,14,20,22,24,27,42,44,46,48],"killed_by":"Awakened One","ascension_level":0}}