{"host":"ox77rn1xcurm2t5a","time":1613597804,"event":{"mods":["2.2 Compatiblity","AchievementEnabler","Act Like it!","Aspiration","BaseMod","Best Route Mod","Better Match","Better Note","Better Sensory Stone","Block Reminder","Colored Map","Colored Powertips","Conjunction","Conspire","Custom Start","Energized Spire","GifTheSpireLib","Gold Saver","Gremlin Skip","Halation","Highlight Path","Hubris","Infinite Spire","Minty Spire (QoL Compilation)","Pale of the Ancients","Quick Restart","Replay The Spire","Reworked Bosses","ShortenTheSpire","Spire Exporter","StSLib","Stuff the Spire","Wandering Minibosses"],"gold_per_floor":[893,906,189,208,198,225,225,253,326,326,24,51,65,93,93,180,180,164,110,110,110,7,35,42,67,67,76,86,86,111,117,117,204,204,219,219,29,34,34,53,53,71,71,78,78,102,120,134,134,119,119],"floor_reached":50,"language":"ENG","playtime":1817,"items_purged":["Defend_R","Defend_R"],"score":929,"play_id":"f37910dc-86a9-4643-b490-9ec1a759b22e","local_time":"20210217233644","is_ascension_mode":true,"campfire_choices":[{"floor":7.0,"key":"RECALL"},{"data":"Metallicize","floor":15.0,"key":"SMITH"},{"data":"Flame Barrier","floor":29.0,"key":"SMITH"},{"data":"Heavy Blade","floor":32.0,"key":"SMITH"},{"floor":41,"key":"REST"},{"data":"Bash","floor":45,"key":"SMITH"},{"data":"Defend_R","floor":49,"key":"SMITH"}],"circlet_count":0,"master_deck":["Strike_R","Strike_R","Strike_R+1","Strike_R","Strike_R","Defend_R+1","Defend_R+1","Bash+1","Clash","Flame Barrier+1","Pummel","Thunderclap","Twin Strike","Metallicize+1","Heavy Blade+1","Sword Boomerang","Clash","Clash","Pommel Strike","Clash","Thunderclap","Anger","Clash","Anger","Anger+1","Metallicize+1","Sword Boomerang+1"],"relics":["Black Blood","Orichalcum","Mummified Hand","infinitespire:Lucky Rock","Unceasing Top","Red Skull","infinitespire:ShieldingShard","Simple Rune","SlaversCollar","ReplayTheSpireMod:Spearhead","Art of War","hubris:PeanutButter","Pondfish Scales","DollysMirror","StuffTheSpire:Gunfinga","Strawberry","Replay:Multitool","StuffTheSpire:Barrel","Toy Ornithopter"],"acts_visited":["Exordium","TheCity","TheBeyond"],"potions_floor_usage":[44,48,50],"damage_taken":[{"damage":6.0,"enemies":"Cultist","floor":1.0,"turns":3.0},{"damage":2.0,"enemies":"Small Slimes","floor":2.0,"turns":4.0},{"damage":1.0,"enemies":"2 Louse","floor":4.0,"turns":2.0},{"damage":5.0,"enemies":"Looter","floor":5.0,"turns":6.0},{"damage":16.0,"enemies":"3 Sentries","floor":6.0,"turns":8.0},{"damage":17.0,"enemies":"Lagavulin","floor":8.0,"turns":5.0},{"damage":2.0,"enemies":"Gremlin Nob","floor":12.0,"turns":3.0},{"damage":0.0,"enemies":"2 Fungi Beasts","floor":13.0,"turns":3.0},{"damage":15.0,"enemies":"Lagavulin","floor":14.0,"turns":5.0},{"damage":24.0,"enemies":"Fading Forest","floor":16.0,"turns":11.0},{"damage":5.0,"enemies":"2 Thieves","floor":18.0,"turns":4.0},{"damage":6.0,"enemies":"Shell Parasite","floor":19.0,"turns":7.0},{"damage":0.0,"enemies":"Slavers","floor":23.0,"turns":4.0},{"damage":32.0,"enemies":"Snake Plant","floor":24.0,"turns":3.0},{"damage":15.0,"enemies":"Book of Stabbing","floor":25.0,"turns":3.0},{"damage":6.0,"enemies":"Centurion and Healer","floor":27.0,"turns":4.0},{"damage":0.0,"enemies":"Chosen and Byrds","floor":28.0,"turns":4.0},{"damage":0.0,"enemies":"Slavers","floor":30.0,"turns":5.0},{"damage":3.0,"enemies":"Snecko","floor":31.0,"turns":4.0},{"damage":78.0,"enemies":"Automaton","floor":33.0,"turns":7.0},{"damage":0.0,"enemies":"Orb Walker","floor":35.0,"turns":3.0},{"damage":15.0,"enemies":"3 Shapes","floor":38.0,"turns":4.0},{"damage":66,"enemies":"Nemesis","floor":40,"turns":7},{"damage":12,"enemies":"Reptomancer","floor":42,"turns":4},{"damage":0,"enemies":"Sphere and 2 Shapes","floor":44,"turns":5},{"damage":62,"enemies":"R_Hoarder","floor":47,"turns":8},{"damage":3,"enemies":"Spire Growth","floor":48,"turns":3},{"damage":36,"enemies":"bossMod:newAwakened","floor":50,"turns":8}],"seed_played":"-1260906255054292022","potions_obtained":[{"floor":1.0,"key":"ColorlessPotion"},{"floor":6.0,"key":"Milkshake"},{"floor":8.0,"key":"Adrenaline Potion"},{"floor":13.0,"key":"Venom Potion"},{"floor":14.0,"key":"Swift Potion"},{"floor":16.0,"key":"FairyPotion"},{"floor":18.0,"key":"Explosive Potion"},{"floor":19.0,"key":"ElixirPotion"},{"floor":27.0,"key":"Death Potion"},{"floor":30.0,"key":"CultistPotion"},{"floor":35.0,"key":"EssenceOfSteel"},{"floor":42,"key":"Dexterity Potion"},{"floor":47,"key":"Swift Potion"},{"floor":48,"key":"ColorlessPotion"}],"is_trial":false,"path_per_floor":["M","M","$","M","M","E","R","E","T","?","$","E","M","E","R","B",null,"M","M","?","?","$","E","M","E","T","M","M","R","E","M","R","B",null,"M","?","$","M","?","E","R","E","T","M","R","T","E","M","R","B"],"character_chosen":"IRONCLAD","items_purchased":["Orichalcum","Block Potion","Flame Barrier","Adrenaline Potion","Pummel","Mummified Hand","Red Skull","Energy Potion","Clash","Energy Potion","DollysMirror","Anger"],"campfire_rested":1,"item_purchase_floors":[3,3,3,3,3,3,11,11,22,22,37,37],"current_hp_per_floor":[72,76,76,80,80,70,70,59,59,59,59,63,69,60,60,50,73,74,74,74,74,74,80,54,45,45,45,51,51,57,60,60,30,68,80,80,80,77,77,23,47,54,54,66,66,66,16,30,30,0,0],"gold":119,"neow_bonus":"HUNDRED_GOLD","is_daily":false,"chose_seed":false,"campfire_upgraded":5,"win_rate":0.0,"timestamp":1613597804,"path_taken":["M","M","$","M","M","E","R","E","T","?","?","E","M","E","R","BOSS","M","M","?","?","$","E","M","E","T","M","?","R","E","M","R","BOSS","M","?","$","M","?","E","R","E","T","M","R","?","E","M","R","BOSS"],"items_purchased_type":["Relic","Potion","Card","Potion","Card","Relic","Relic","Potion","Card","Potion","Relic","Card"],"build_version":"2020-12-22","purchased_purges":2,"victory":false,"max_hp_per_floor":[80,80,80,80,80,80,80,80,80,80,80,80,80,80,80,80,80,80,80,80,80,80,80,80,80,80,80,80,80,80,80,80,80,80,80,80,80,80,80,80,80,87,87,87,87,87,87,87,87,87,87],"card_choices":[{"not_picked":["StuffTheSpire:Pyroclast","StuffTheSpire:RockThrow"],"picked":"Clash","floor":1.0},{"not_picked":["Pummel","Massacre","Havoc"],"picked":"SKIP","floor":2.0},{"not_picked":["Headbutt","Seeing Red"],"picked":"Thunderclap","floor":4.0},{"not_picked":["Defy Death","Flame Barrier","StuffTheSpire:Slingshot"],"picked":"SKIP","floor":5.0},{"not_picked":["Defy Death","Flame Barrier","StuffTheSpire:Slingshot"],"picked":"SKIP","floor":5.0},{"not_picked":["Massacre","Warcry","StuffTheSpire:TitanForm"],"picked":"SKIP","floor":6.0},{"not_picked":["Dual Wield","Havoc"],"picked":"Twin Strike","floor":8.0},{"not_picked":["Shrug It Off","Flex","Feel No Pain"],"picked":"SKIP","floor":12.0},{"not_picked":["Dropkick","Sentinel"],"picked":"Metallicize","floor":13.0},{"not_picked":["Second Wind","conspire:HitWhereItHurts"],"picked":"Heavy Blade","floor":14.0},{"not_picked":["StuffTheSpire:Slingshot+1","StuffTheSpire:Resist"],"picked":"Sword Boomerang","floor":18.0},{"not_picked":["Bloodletting","Abandon"],"picked":"Clash","floor":19.0},{"not_picked":["Flex","hubris:SharpeningStone"],"picked":"Pommel Strike","floor":23.0},{"not_picked":["Feed","Wild Strike+1"],"picked":"Clash","floor":24.0},{"not_picked":["StuffTheSpire:Incineration","Clothesline"],"picked":"Thunderclap","floor":25.0},{"not_picked":["True Grit","Burning Pact+1","Shockwave"],"picked":"SKIP","floor":27.0},{"not_picked":["Corruption","Run Through+1","Infernal Blade"],"picked":"SKIP","floor":28.0},{"not_picked":["Dark Embrace","hubris:ReadiedAction","Brutality"],"picked":"SKIP","floor":30.0},{"not_picked":["Iron Wave","Life Link","StuffTheSpire:Resist"],"picked":"SKIP","floor":31.0},{"not_picked":["ReplayTheSpireMod:Limb From Limb","StuffTheSpire:Slingshot+1"],"picked":"Anger","floor":35.0},{"not_picked":["ReplayTheSpireMod:Strike From Hell+1","Warcry+1","Sentinel+1"],"picked":"SKIP","floor":38.0},{"not_picked":["Burning Pact","Barricade"],"picked":"Anger+1","floor":40},{"not_picked":["Berserk","Havoc+1"],"picked":"Metallicize+1","floor":42},{"not_picked":["StuffTheSpire:BloodClot+1","Entrench+1","Twin Strike"],"picked":"SKIP","floor":44},{"not_picked":["Warcry","Iron Wave"],"picked":"Sword Boomerang+1","floor":47},{"not_picked":["Replay:Undeath\u0027s Touch","StuffTheSpire:RockThrow","Entrench+1"],"picked":"SKIP","floor":48}],"player_experience":3138212,"relics_obtained":[{"floor":6.0,"key":"infinitespire:Lucky Rock"},{"floor":8.0,"key":"Unceasing Top"},{"floor":12.0,"key":"infinitespire:ShieldingShard"},{"floor":14.0,"key":"Simple Rune"},{"floor":23.0,"key":"ReplayTheSpireMod:Spearhead"},{"floor":25.0,"key":"Art of War"},{"floor":26.0,"key":"hubris:PeanutButter"},{"floor":30.0,"key":"Pondfish Scales"},{"floor":40,"key":"StuffTheSpire:Gunfinga"},{"floor":42,"key":"Strawberry"},{"floor":43,"key":"Replay:Multitool"},{"floor":46,"key":"StuffTheSpire:Barrel"},{"floor":47,"key":"Toy Ornithopter"}],"event_choices":[{"damage_healed":0.0,"max_hp_gain":0.0,"max_hp_loss":0.0,"gold_gain":0.0,"event_name":"WeMeetAgain","player_choice":"Ignored","floor":10.0,"gold_loss":0.0,"damage_taken":0.0},{"damage_healed":0.0,"max_hp_gain":0.0,"max_hp_loss":0.0,"gold_gain":0.0,"event_name":"betterNote:BetterNote","player_choice":"Ignored","floor":20.0,"gold_loss":0.0,"damage_taken":0.0,"cards_obtained":["Strike_P"]},{"damage_healed":0.0,"max_hp_gain":0.0,"max_hp_loss":0.0,"gold_gain":0.0,"event_name":"FaceTrader","player_choice":"Leave","floor":21.0,"gold_loss":0.0,"damage_taken":0.0}],"is_beta":false,"boss_relics":[{"not_picked":["hubris:TerracottaHorce","aspiration:FutureDiary"],"picked":"SlaversCollar"},{"not_picked":["hubris:Stopwatch","SacredBark"],"picked":"Black Blood"}],"items_purged_floors":[3,11],"is_endless":false,"potions_floor_spawned":[1,6,8,13,14,16,18,19,27,30,35,42,47,48],"killed_by":"bossMod:newAwakened","ascension_level":6}}