{"host":"7t8rqoeeopyy0nh0","time":1613603216,"event":{"mods":["AchievementEnabler","Aspiration","BaseMod","Better Third Choice","BetterRewards","Colored Map","Colored Powertips","Conspire","Downfall","Hubris","Minty Spire (QoL Compilation)","Permanent Neow","Quick Restart","Random Character Button","Rare Cards Sparkle","Reliquary","Replay The Spire","StSLib"],"gold_per_floor":[111,129,149,162,162,162,162],"floor_reached":6,"language":"ENG","playtime":243,"items_purged":["Strike_R"],"score":76,"play_id":"aad6a0e8-150c-452f-b8cf-6966845a28eb","local_time":"20210217180656","is_ascension_mode":true,"campfire_choices":[],"circlet_count":0,"master_deck":["AscendersBane","Strike_R","Strike_R","Strike_R","Strike_R","Defend_R","Defend_R","Defend_R","Defend_R","Bash","ReplayTheSpireMod:Muscle Training","Inflame","Clothesline","Replay:Undeath\u0027s Touch","Flex","Sword Boomerang","Ghostly Armor","Shockwave","Armaments"],"relics":["Burning Blood","Torii"],"acts_visited":["Exordium"],"potions_floor_usage":[],"damage_taken":[{"damage":13,"enemies":"Jaw Worm","floor":1,"turns":2},{"damage":3,"enemies":"Small Slimes","floor":2,"turns":3},{"damage":0,"enemies":"2 Louse","floor":3,"turns":3},{"damage":32,"enemies":"Exordium Wildlife","floor":4,"turns":6},{"damage":11,"enemies":"Lagavulin","floor":6,"turns":2}],"seed_played":"5329427600597630461","potions_obtained":[{"floor":4,"key":"FearPotion"}],"is_trial":false,"path_per_floor":["M","M","M","M","?","E"],"character_chosen":"IRONCLAD","items_purchased":["ReplayTheSpireMod:Muscle Training","Inflame","Clothesline","Replay:Undeath\u0027s Touch","Flex"],"campfire_rested":0,"item_purchase_floors":[0,0,0,0,0],"current_hp_per_floor":[26,29,35,9,9,0,0],"gold":162,"neow_bonus":"","is_daily":false,"chose_seed":false,"campfire_upgraded":0,"win_rate":0.0,"timestamp":1613603216,"path_taken":["M","M","M","M","?","E"],"items_purchased_type":["Card","Card","Card","Card","Card"],"build_version":"2020-12-22","purchased_purges":1,"victory":false,"max_hp_per_floor":[75,75,75,75,75,75,75],"card_choices":[{"not_picked":["Sentinel","ReplayTheSpireMod:LeadingStrike"],"picked":"Sword Boomerang","floor":1},{"not_picked":["Heavy Blade","Intimidate"],"picked":"Ghostly Armor","floor":2},{"not_picked":["True Grit","Clothesline"],"picked":"Shockwave","floor":3},{"not_picked":["Body Slam","ReplayTheSpireMod:Muscle Training"],"picked":"Armaments","floor":4}],"player_experience":442326,"relics_obtained":[],"event_choices":[{"damage_healed":0,"gold_gain":1,"player_choice":"LEAVE","damage_taken":0,"max_hp_gain":0,"max_hp_loss":0,"event_name":"betterThird:BetterScrap","floor":5,"gold_loss":0,"cards_obtained":["Venomology"]}],"is_beta":false,"boss_relics":[],"items_purged_floors":[0],"is_endless":false,"potions_floor_spawned":[4],"killed_by":"Lagavulin","ascension_level":20}}