{"host":"js2su9tbbk4rmjfl","time":1613577275,"event":{"mods":["AchievementEnabler","BaseMod","Block Reminder","Colored Map","Colored Powertips","Highlight Path","Minty Spire (QoL Compilation)","Relic Stats"],"gold_per_floor":[111,129,54,54,54,85,23,23,75,106,106,106,18,41,41,134,134,159,177,92,92,92,92,92,92],"floor_reached":24,"language":"ENG","playtime":988,"items_purged":["Normality"],"score":405,"play_id":"4a54a537-d747-46de-8a73-bf562447d022","local_time":"20210217165435","is_ascension_mode":true,"campfire_choices":[{"floor":8,"key":"REST"},{"data":"Shockwave","floor":12,"key":"SMITH"},{"data":"Barricade","floor":15,"key":"SMITH"},{"floor":23,"key":"REST"}],"circlet_count":0,"master_deck":["AscendersBane","Defend_R","Defend_R","Defend_R","Defend_R","Bash","Heavy Blade","Armaments+1","Shockwave+1","Barricade+1","Flex","Feed","Inflame","Bite","Bite","Bite","Bite","Bite"],"relics":["Burning Blood","Golden Idol","Bag of Preparation","MealTicket","Blue Candle","Busted Crown","TungstenRod"],"acts_visited":["Exordium","TheCity"],"potions_floor_usage":[10,10,10,19],"damage_taken":[{"damage":18,"enemies":"Cultist","floor":1,"turns":5},{"damage":0,"enemies":"2 Louse","floor":2,"turns":2},{"damage":62,"enemies":"Gremlin Nob","floor":6,"turns":5},{"damage":12,"enemies":"Lagavulin","floor":10,"turns":5},{"damage":7,"enemies":"Small Slimes","floor":14,"turns":4},{"damage":46,"enemies":"The Guardian","floor":16,"turns":22},{"damage":58,"enemies":"Spheric Guardian","floor":18,"turns":8},{"damage":15,"enemies":"2 Thieves","floor":19,"turns":4},{"damage":54,"enemies":"Slavers","floor":24,"turns":4}],"seed_played":"263720682798163116","potions_obtained":[{"floor":6,"key":"EntropicBrew"},{"floor":18,"key":"DuplicationPotion"}],"is_trial":false,"path_per_floor":["M","M","$","?","?","E","?","R","T","E","$","R","$","M","R","B",null,"M","M","?","?","?","R","E"],"character_chosen":"IRONCLAD","items_purchased":["Barricade"],"campfire_rested":2,"item_purchase_floors":[13],"current_hp_per_floor":[70,76,76,76,76,20,20,44,44,38,53,53,68,67,67,27,68,16,7,7,7,18,34,0,0],"gold":92,"neow_bonus":"TWENTY_PERCENT_HP_BONUS","is_daily":false,"chose_seed":false,"campfire_upgraded":2,"win_rate":0.0,"timestamp":1613577275,"path_taken":["M","?","$","?","?","E","?","R","T","E","?","R","$","M","R","BOSS","M","M","?","?","?","R","E"],"items_purchased_type":["Card"],"build_version":"2020-12-22","purchased_purges":1,"victory":false,"max_hp_per_floor":[89,89,89,81,81,81,81,81,81,81,81,81,81,81,81,81,81,81,81,81,56,56,56,56,56],"relic_stats":{"Busted Crown":4,"counters":[9,59],"Golden Idol":45,"Blue Candle":[0],"MealTicket":30,"Bag of Preparation":[12],"obtain_stats":[{"Busted Crown":17,"Golden Idol":4,"Blue Candle":10,"MealTicket":9,"Bag of Preparation":6,"Burning Blood":0,"TungstenRod":20},{"Busted Crown":6,"Golden Idol":2,"Blue Candle":4,"MealTicket":3,"Bag of Preparation":3,"Burning Blood":0,"TungstenRod":8},{"Busted Crown":43,"Golden Idol":7,"Blue Candle":17,"MealTicket":12,"Bag of Preparation":12,"Burning Blood":0,"TungstenRod":55}],"Burning Blood":48,"TungstenRod":7},"card_choices":[{"not_picked":["Perfected Strike","Fire Breathing"],"picked":"Heavy Blade","floor":1},{"not_picked":["True Grit","Clash"],"picked":"Armaments","floor":2},{"not_picked":["Dual Wield","Pommel Strike"],"picked":"Shockwave","floor":6},{"not_picked":["Thunderclap","Rage","Intimidate"],"picked":"SKIP","floor":10},{"not_picked":["Warcry","Rampage"],"picked":"Flex","floor":14},{"not_picked":["Double Tap","Immolate"],"picked":"Feed","floor":16},{"not_picked":["Clothesline"],"picked":"SKIP","floor":18},{"not_picked":[],"picked":"Inflame","floor":19}],"player_experience":816038,"relics_obtained":[{"floor":6,"key":"Bag of Preparation"},{"floor":9,"key":"MealTicket"},{"floor":10,"key":"Blue Candle"}],"event_choices":[{"damage_healed":0,"gold_gain":0,"player_choice":"Lose Max HP","damage_taken":0,"relics_obtained":["Golden Idol"],"max_hp_gain":0,"max_hp_loss":8,"event_name":"Golden Idol","floor":4,"gold_loss":0},{"damage_healed":0,"gold_gain":0,"player_choice":"Grow","damage_taken":0,"max_hp_gain":0,"max_hp_loss":0,"event_name":"Living Wall","floor":5,"gold_loss":0,"cards_upgraded":["Armaments"]},{"damage_healed":0,"gold_gain":0,"player_choice":"Left Gold","damage_taken":0,"max_hp_gain":0,"max_hp_loss":0,"event_name":"World of Goop","floor":7,"gold_loss":62},{"damage_healed":0,"gold_gain":0,"player_choice":"Obtained Relic","damage_taken":0,"relics_obtained":["TungstenRod"],"max_hp_gain":0,"max_hp_loss":0,"event_name":"Addict","floor":20,"gold_loss":85},{"damage_healed":0,"gold_gain":0,"player_choice":"Became a vampire","damage_taken":0,"max_hp_gain":0,"max_hp_loss":25,"event_name":"Vampires","floor":21,"gold_loss":0,"cards_obtained":["Bite","Bite","Bite","Bite","Bite"]},{"damage_healed":11,"gold_gain":0,"player_choice":"Heal","damage_taken":0,"max_hp_gain":0,"max_hp_loss":0,"event_name":"The Library","floor":22,"gold_loss":0}],"is_beta":false,"boss_relics":[{"not_picked":["Calling Bell","Empty Cage"],"picked":"Busted Crown"}],"items_purged_floors":[3],"is_endless":false,"potions_floor_spawned":[6,18],"killed_by":"Slavers","ascension_level":18}}