{"host":"5agrj1fd4s00r127","time":1613547454,"event":{"mods":["BaseMod","Minty Spire (QoL Compilation)","StSLib"],"gold_per_floor":[118,118,129,129,147,147,178,1,73,104,123,142,156,170,170,270,270,288,302,302,352,370,370,370],"floor_reached":23,"language":"RUS","playtime":918,"items_purged":["Defend_B"],"score":205,"play_id":"b2469948-e502-4e1c-8d92-35d183cace76","local_time":"20210217093734","is_ascension_mode":false,"campfire_choices":[{"floor":6,"key":"REST"},{"floor":15,"key":"REST"}],"circlet_count":0,"master_deck":["Strike_B","Strike_B","Strike_B","Defend_B","Defend_B","Defend_B","Zap","Dualcast","Barrage","Storm","Conserve Battery","Glacier","Reprogram","Defragment","Ball Lightning","Fusion","Sweeping Beam","Chaos","White Noise","Rainbow","Loop","Defragment","Chaos+1"],"relics":["Cracked Core","Omamori","Lantern","Kunai","Mercury Hourglass","Black Star","MutagenicStrength","Centennial Puzzle"],"acts_visited":["Exordium","TheCity"],"potions_floor_usage":[7,7,16,18,22,23],"damage_taken":[{"damage":0,"enemies":"Small Slimes","floor":1,"turns":2},{"damage":3,"enemies":"Jaw Worm","floor":3,"turns":3},{"damage":1,"enemies":"Cultist","floor":5,"turns":3},{"damage":23,"enemies":"Gremlin Nob","floor":7,"turns":4},{"damage":15,"enemies":"3 Sentries","floor":10,"turns":9},{"damage":0,"enemies":"Gremlin Gang","floor":11,"turns":2},{"damage":5,"enemies":"3 Louse","floor":12,"turns":2},{"damage":1,"enemies":"Exordium Wildlife","floor":13,"turns":3},{"damage":5,"enemies":"Lots of Slimes","floor":14,"turns":2},{"damage":27,"enemies":"The Guardian","floor":16,"turns":8},{"damage":14,"enemies":"Spheric Guardian","floor":18,"turns":4},{"damage":16,"enemies":"Shell Parasite","floor":19,"turns":5},{"damage":20,"enemies":"Snake Plant","floor":22,"turns":5},{"damage":32,"enemies":"Slavers","floor":23,"turns":1}],"seed_played":"9120637093568857576","potions_obtained":[{"floor":3,"key":"Explosive Potion"},{"floor":5,"key":"Swift Potion"},{"floor":11,"key":"DuplicationPotion"},{"floor":13,"key":"Block Potion"},{"floor":16,"key":"PowerPotion"},{"floor":18,"key":"SpeedPotion"},{"floor":19,"key":"Energy Potion"}],"is_trial":false,"path_per_floor":["M","?","M","?","M","R","E","$","T","E","M","M","M","M","R","B",null,"M","M","?","T","M","E"],"character_chosen":"DEFECT","items_purchased":["Reprogram","Defragment"],"campfire_rested":2,"item_purchase_floors":[8,8],"current_hp_per_floor":[82,57,54,47,46,70,47,47,47,32,32,27,26,21,45,18,82,68,52,52,52,32,0,0],"gold":370,"neow_bonus":"TEN_PERCENT_HP_BONUS","is_daily":false,"chose_seed":false,"campfire_upgraded":0,"win_rate":0.0,"timestamp":1613547454,"path_taken":["M","?","M","?","M","R","E","?","T","E","M","M","M","?","R","BOSS","M","?","?","?","?","E"],"items_purchased_type":["Card","Card"],"build_version":"2020-12-22","purchased_purges":1,"victory":false,"max_hp_per_floor":[82,82,82,82,82,82,82,82,82,82,82,82,82,82,82,82,82,82,82,82,82,82,82,82],"card_choices":[{"not_picked":["Hologram","Compile Driver"],"picked":"Barrage","floor":1},{"not_picked":["Compile Driver","Barrage"],"picked":"Storm","floor":3},{"not_picked":["Hologram","Cold Snap"],"picked":"Conserve Battery","floor":5},{"not_picked":["Gash","Ball Lightning"],"picked":"Glacier","floor":7},{"not_picked":["Steam","Leap"],"picked":"Ball Lightning","floor":10},{"not_picked":["Reprogram","Undo"],"picked":"Fusion","floor":11},{"not_picked":["Beam Cell","All For One"],"picked":"Sweeping Beam","floor":12},{"not_picked":["Glacier","Darkness"],"picked":"Chaos","floor":13},{"not_picked":["Leap","Barrage"],"picked":"White Noise","floor":14},{"not_picked":["Multi-Cast","Buffer"],"picked":"Rainbow","floor":16},{"not_picked":["Sunder","Redo+1"],"picked":"Loop","floor":18},{"not_picked":["Beam Cell","Gash"],"picked":"Defragment","floor":19},{"not_picked":["Turbo","Coolheaded"],"picked":"Chaos+1","floor":22}],"player_experience":18008,"relics_obtained":[{"floor":7,"key":"Lantern"},{"floor":9,"key":"Kunai"},{"floor":10,"key":"Mercury Hourglass"},{"floor":21,"key":"Centennial Puzzle"}],"event_choices":[{"damage_healed":0,"gold_gain":0,"player_choice":"Success","damage_taken":25,"relics_obtained":["Omamori"],"max_hp_gain":0,"max_hp_loss":0,"event_name":"Scrap Ooze","floor":2,"gold_loss":0},{"cards_removed":["Strike_B"],"damage_healed":0,"gold_gain":0,"player_choice":"Card Removal","damage_taken":7,"max_hp_gain":0,"max_hp_loss":0,"event_name":"Golden Wing","floor":4,"gold_loss":0},{"damage_healed":0,"gold_gain":0,"player_choice":"Inject Mutagens","damage_taken":0,"relics_obtained":["MutagenicStrength"],"max_hp_gain":0,"max_hp_loss":0,"event_name":"Drug Dealer","floor":20,"gold_loss":0}],"is_beta":false,"boss_relics":[{"not_picked":["Sozu","SacredBark"],"picked":"Black Star"}],"items_purged_floors":[8],"is_endless":false,"potions_floor_spawned":[3,5,11,13,16,18,19],"killed_by":"Slavers","ascension_level":0}}