{"host":"61s3c1o1s4fng5dr","time":1613524236,"event":{"mods":["AchievementEnabler","Alarm Clock","AlwaysNeverKeys","BaseMod","Bestiary","Block Reminder","Colored Map","Googly Eyes","Highlight Path","Minty Spire (QoL Compilation)","Permanent Neow","Quick Restart","Random Character Button","Spire Birthday Party"],"gold_per_floor":[113,125,50,50,0,0,20,20,20,20,32,107,118,135,135,238,238,253,263,538,557,576,576,576,588,588,53,53,53,53,53,53,153,153,171,46,61,61,61,61,61,93,93,93,93,93,109,121,121,121],"floor_reached":51,"language":"ENG","playtime":2122,"items_purged":["Strike_R","Decay","Second Wind"],"score":815,"play_id":"34d05e71-65f9-41df-b84e-ceafacb7e4f6","local_time":"20210216201036","is_ascension_mode":false,"campfire_choices":[{"data":"Entrench","floor":6.0,"key":"SMITH"},{"data":"Body Slam","floor":8.0,"key":"SMITH"},{"floor":10.0,"key":"REST"},{"data":"Defend_R","floor":15.0,"key":"SMITH"},{"floor":23.0,"key":"REST"},{"data":"Barricade","floor":30.0,"key":"SMITH"},{"floor":32.0,"key":"REST"},{"data":"Defend_R","floor":40.0,"key":"SMITH"},{"floor":44.0,"key":"REST"},{"floor":46.0,"key":"REST"},{"data":"Bash","floor":49,"key":"SMITH"}],"circlet_count":0,"master_deck":["Defend_R+1","Defend_R+1","Defend_R+1","Bash+1","Entrench+1","Body Slam+1","Barricade+1"],"relics":["Burning Blood","Bird Faced Urn","Runic Cube","CaptainsWheel","Bag of Preparation","StoneCalendar","Dream Catcher","Black Star","Pantograph","Pear","Dead Branch"],"acts_visited":["Exordium","TheCity","TheBeyond"],"potions_floor_usage":[48],"damage_taken":[{"damage":9.0,"enemies":"2 Louse","floor":1.0,"turns":2.0},{"damage":5.0,"enemies":"Small Slimes","floor":2.0,"turns":4.0},{"damage":2.0,"enemies":"Jaw Worm","floor":7.0,"turns":4.0},{"damage":17.0,"enemies":"Gremlin Gang","floor":11.0,"turns":5.0},{"damage":6.0,"enemies":"3 Louse","floor":13.0,"turns":4.0},{"damage":0.0,"enemies":"Blue Slaver","floor":14.0,"turns":4.0},{"damage":34.0,"enemies":"Slime Boss","floor":16.0,"turns":18.0},{"damage":12.0,"enemies":"Spheric Guardian","floor":18.0,"turns":17.0},{"damage":10.0,"enemies":"Shell Parasite","floor":19.0,"turns":7.0},{"damage":22.0,"enemies":"Shelled Parasite and Fungi","floor":21.0,"turns":8.0},{"damage":29.0,"enemies":"Snake Plant","floor":22.0,"turns":6.0},{"damage":0.0,"enemies":"Snecko","floor":25.0,"turns":4.0},{"damage":4.0,"enemies":"Champ","floor":33.0,"turns":6.0},{"damage":3.0,"enemies":"3 Darklings","floor":35.0,"turns":8.0},{"damage":1.0,"enemies":"3 Shapes","floor":37.0,"turns":6.0},{"damage":0.0,"enemies":"Giant Head","floor":42.0,"turns":4.0},{"damage":0,"enemies":"Jaw Worm Horde","floor":47,"turns":5},{"damage":0,"enemies":"Spire Growth","floor":48,"turns":4},{"damage":14,"enemies":"Awakened One","floor":50,"turns":8}],"seed_played":"-8952839631170640471","potions_obtained":[{"floor":1.0,"key":"EssenceOfSteel"},{"floor":13.0,"key":"Energy Potion"},{"floor":14.0,"key":"SpeedPotion"},{"floor":16.0,"key":"Ancient Potion"},{"floor":19.0,"key":"HeartOfIron"},{"floor":25.0,"key":"ColorlessPotion"},{"floor":33.0,"key":"Strength Potion"},{"floor":35.0,"key":"Energy Potion"},{"floor":47,"key":"EssenceOfSteel"}],"is_trial":false,"path_per_floor":["M","M","$","?","?","R","M","R","T","R","M","?","M","M","R","B",null,"M","M","?","M","M","R","?","M","T","$","?","?","R","$","R","B",null,"M","$","M","?","?","R","?","E","T","R","$","R","M","M","R","B",null],"character_chosen":"IRONCLAD","items_purchased":["Bag of Preparation","StoneCalendar"],"campfire_rested":5,"item_purchase_floors":[27,27],"current_hp_per_floor":[69,70,70,56,56,56,60,60,60,72,61,50,50,56,56,28,72,66,64,64,50,29,50,50,58,58,58,58,58,58,58,72,72,72,72,72,72,72,72,72,72,82,82,82,82,82,82,82,82,74],"gold":121,"neow_bonus":"REMOVE_TWO","is_daily":false,"chose_seed":false,"campfire_upgraded":6,"win_rate":0.0,"timestamp":1613524236,"path_taken":["M","M","$","?","?","R","M","R","T","R","M","?","M","M","R","BOSS","M","M","?","M","?","R","?","M","T","$","?","?","R","$","R","BOSS","M","$","M","?","?","R","?","E","T","R","$","R","?","M","R","BOSS"],"items_purchased_type":["Relic","Relic"],"build_version":"2020-12-22","purchased_purges":3,"victory":true,"max_hp_per_floor":[72,72,72,72,72,72,72,72,72,72,72,72,72,72,72,72,72,72,72,72,72,72,72,72,72,72,72,72,72,72,72,72,72,72,72,72,72,72,72,72,72,82,82,82,82,82,82,82,82,82],"card_choices":[{"not_picked":["Shockwave","Iron Wave"],"picked":"Entrench","floor":1.0},{"not_picked":["Blood for Blood","True Grit"],"picked":"Body Slam","floor":2.0},{"not_picked":["Perfected Strike","Anger","Cleave"],"picked":"SKIP","floor":7.0},{"not_picked":["Perfected Strike","Anger","Cleave"],"picked":"SKIP","floor":7.0},{"not_picked":["Headbutt","Thunderclap","Iron Wave"],"picked":"SKIP","floor":11.0},{"not_picked":["Second Wind","Rage","Headbutt"],"picked":"SKIP","floor":13.0},{"not_picked":["Bloodletting","Metallicize","Whirlwind"],"picked":"SKIP","floor":14.0},{"not_picked":["Offering","Brutality"],"picked":"Barricade","floor":16.0},{"not_picked":["Perfected Strike+1","Sword Boomerang","Bloodletting"],"picked":"SKIP","floor":18.0},{"not_picked":["Uppercut+1","Dual Wield","Havoc"],"picked":"SKIP","floor":19.0},{"not_picked":["Anger","Bloodletting","Thunderclap+1"],"picked":"SKIP","floor":21.0},{"not_picked":["Pommel Strike","Seeing Red","Cleave+1"],"picked":"SKIP","floor":22.0},{"not_picked":["Heavy Blade","Battle Trance","Sword Boomerang"],"picked":"SKIP","floor":25.0},{"not_picked":["Iron Wave+1","Carnage+1","Ghostly Armor"],"picked":"SKIP","floor":35.0},{"not_picked":["Entrench+1","Headbutt+1","Armaments"],"picked":"SKIP","floor":37.0},{"not_picked":["Dark Embrace","Perfected Strike","Iron Wave"],"picked":"SKIP","floor":42.0},{"not_picked":["Heavy Blade","Clothesline","Second Wind+1"],"picked":"SKIP","floor":47},{"not_picked":["Headbutt+1","Twin Strike","Demon Form"],"picked":"SKIP","floor":48}],"player_experience":474528,"relics_obtained":[{"floor":9.0,"key":"Bird Faced Urn"},{"floor":26.0,"key":"CaptainsWheel"},{"floor":42.0,"key":"Pantograph"},{"floor":42.0,"key":"Pear"},{"floor":43.0,"key":"Dead Branch"}],"event_choices":[{"damage_healed":0.0,"max_hp_gain":0.0,"max_hp_loss":0.0,"gold_gain":0.0,"event_name":"Shining Light","player_choice":"Entered Light","floor":4.0,"gold_loss":0.0,"damage_taken":14.0,"cards_upgraded":["Strike_R","Defend_R"]},{"cards_removed":["Strike_R"],"damage_healed":0.0,"max_hp_gain":0.0,"max_hp_loss":0.0,"gold_gain":0.0,"event_name":"The Cleric","player_choice":"Card Removal","floor":5.0,"gold_loss":50.0,"damage_taken":0.0},{"damage_healed":0.0,"max_hp_gain":0.0,"max_hp_loss":0.0,"gold_gain":75.0,"event_name":"World of Goop","player_choice":"Gather Gold","floor":12.0,"gold_loss":0.0,"damage_taken":11.0},{"damage_healed":0.0,"max_hp_gain":0.0,"max_hp_loss":0.0,"gold_gain":275.0,"event_name":"Golden Shrine","player_choice":"Desecrate","floor":20.0,"gold_loss":0.0,"damage_taken":0.0,"cards_obtained":["Regret"]},{"damage_healed":0.0,"max_hp_gain":0.0,"max_hp_loss":0.0,"gold_gain":0.0,"cards_transformed":["Regret","Strike_R"],"event_name":"Drug Dealer","player_choice":"Became Test Subject","floor":24.0,"gold_loss":0.0,"damage_taken":0.0,"cards_obtained":["Decay","Second Wind"]},{"damage_healed":0.0,"max_hp_gain":0.0,"max_hp_loss":0.0,"gold_gain":0.0,"event_name":"Ghosts","player_choice":"Ignored","floor":28.0,"gold_loss":0.0,"damage_taken":0.0},{"damage_healed":0.0,"max_hp_gain":0.0,"max_hp_loss":0.0,"gold_gain":0.0,"event_name":"The Mausoleum","player_choice":"Opened","floor":29.0,"gold_loss":0.0,"damage_taken":0.0,"relics_obtained":["Dream Catcher"]},{"damage_healed":0.0,"max_hp_gain":0.0,"max_hp_loss":0.0,"gold_gain":0.0,"event_name":"Mysterious Sphere","player_choice":"Ignored","floor":38.0,"gold_loss":0.0,"damage_taken":0.0},{"cards_removed":["Strike_R"],"damage_healed":0.0,"max_hp_gain":0.0,"max_hp_loss":0.0,"gold_gain":0.0,"event_name":"Falling","player_choice":"Removed Attack","floor":39.0,"gold_loss":0.0,"damage_taken":0.0},{"damage_healed":0.0,"max_hp_gain":0.0,"max_hp_loss":0.0,"gold_gain":0.0,"event_name":"SensoryStone","player_choice":"Memory 1","floor":41.0,"gold_loss":0.0,"damage_taken":0.0}],"is_beta":false,"boss_relics":[{"not_picked":["Philosopher\u0027s Stone","Runic Pyramid"],"picked":"Runic Cube"},{"not_picked":["Tiny House","Fusion Hammer"],"picked":"Black Star"}],"items_purged_floors":[3,27,36],"is_endless":false,"potions_floor_spawned":[1,13,14,16,19,25,33,35,47],"ascension_level":0}}