{"host":"13ii7kifcsv20hya","time":1613571545,"event":{"mods":["BaseMod","Downfall","Hermit","Minty Spire (QoL Compilation)","Replay The Spire","StSLib","The Cursed"],"gold_per_floor":[154,168,168,183,201,201,201,214,214,214,214,224,237,247,258,408,424,424,424,424],"floor_reached":18,"language":"ENG","playtime":964,"items_purged":[],"score":108,"play_id":"4bb1491b-7a26-4dfe-9b2a-b1ec402276b3","local_time":"20210217151905","is_ascension_mode":false,"campfire_choices":[{"data":"bronze:GetLatest","floor":6,"key":"SMITH"},{"floor":11,"key":"RECALL"}],"circlet_count":0,"master_deck":["bronze:Strike","bronze:Strike","bronze:Strike","bronze:Strike","bronze:Defend","bronze:Defend","bronze:Defend","bronze:Defend","bronze:Replicate","bronze:Goto","bronze:GetLatest+1","bronze:Goto","bronze:Branch","bronze:Branch","bronze:AlphaBuild","bronze:Philosophize","downfall:Icky","bronze:WhirlingStrike"],"relics":["bronze:BronzeCore","The Courier"],"acts_visited":["Exordium"],"potions_floor_usage":[14,18,18,18],"damage_taken":[{"damage":5,"enemies":"Cultist","floor":2,"turns":4},{"damage":0,"enemies":"Small Slimes","floor":4,"turns":5},{"damage":6,"enemies":"2 Louse","floor":5,"turns":3},{"damage":2,"enemies":"Large Slime","floor":8,"turns":5},{"damage":4,"enemies":"2 Fungi Beasts","floor":12,"turns":2},{"damage":3,"enemies":"Red Slaver","floor":13,"turns":4},{"damage":0,"enemies":"Lots of Slimes","floor":14,"turns":1},{"damage":3,"enemies":"Large Slime","floor":15,"turns":4},{"damage":11,"enemies":"2 Fungi Beasts","floor":17,"turns":5},{"damage":43,"enemies":"WA_ARCHETYPE_RETAIN","floor":18,"turns":4}],"seed_played":"4767185334886037985","potions_obtained":[{"floor":2,"key":"Adrenaline Potion"},{"floor":8,"key":"Weak Potion"},{"floor":14,"key":"hexamod:SoulburnPotion"},{"floor":15,"key":"GamblersBrew"},{"floor":17,"key":"hexamod:SoulburnPotion"}],"is_trial":false,"path_per_floor":["R","M","?","M","M","R","T","M","PTL","PTL","R","M","M","M","M","?","M","B"],"character_chosen":"THE_AUTOMATON","items_purchased":[],"campfire_rested":0,"item_purchase_floors":[],"current_hp_per_floor":[77,72,72,72,66,66,66,64,64,64,64,60,57,57,54,54,43,0,0,0],"gold":424,"neow_bonus":"TEN_PERCENT_HP_BONUS","is_daily":false,"chose_seed":false,"campfire_upgraded":1,"win_rate":0.0,"timestamp":1613571545,"path_taken":["R","M","?","M","M","R","T","?","PTL","PTL","R","M","M","M","M","?","M","BOSS"],"items_purchased_type":[],"build_version":"2020-12-22","purchased_purges":0,"victory":false,"max_hp_per_floor":[77,77,77,77,77,77,77,77,77,77,77,77,77,77,77,77,77,77,77,77],"card_choices":[{"not_picked":["bronze:Optimize","bronze:DelayedSlice"],"picked":"bronze:GetLatest","floor":2},{"not_picked":["bronze:MaxOutput","bronze:BuggyMess"],"picked":"bronze:Branch","floor":4},{"not_picked":["bronze:OilSpill","bronze:BugBarrage"],"picked":"bronze:Branch","floor":5},{"not_picked":["bronze:BitShift","bronze:BugBarrage","bronze:CutThrough"],"picked":"SKIP","floor":8},{"not_picked":["bronze:Optimize","bronze:DelayedGuard"],"picked":"bronze:AlphaBuild","floor":12},{"not_picked":["bronze:Invalidate","bronze:DelayedGuard","bronze:GetLatest"],"picked":"SKIP","floor":13},{"not_picked":["bronze:FineTuning","bronze:Frontload","bronze:BitShift"],"picked":"SKIP","floor":14},{"not_picked":["bronze:DelayedSlice","bronze:FineTuning"],"picked":"bronze:Philosophize","floor":15},{"not_picked":["bronze:Optimize","bronze:Repair"],"picked":"bronze:WhirlingStrike","floor":17}],"player_experience":154203,"relics_obtained":[{"floor":7,"key":"The Courier"}],"event_choices":[],"is_beta":false,"boss_relics":[],"items_purged_floors":[],"is_endless":false,"potions_floor_spawned":[2,8,14,15,17],"killed_by":"WA_ARCHETYPE_RETAIN","ascension_level":0}}