{"host":"6wux4armhsntp4yb","time":1613582731,"event":{"mods":["BaseMod","Colored Map","DeckTracker","Minty Spire (QoL Compilation)","Relic Stats"],"gold_per_floor":[18,33,33,58,58,58,81,102,102,102,118,118,152,152,164,270,282,314,326,318,330,342,354,383,395,407,419,431,478,508,540,552,640,652,678,709,721,745,757,769,816,828,840,852,460,487,506,506,506,506,506,506],"floor_reached":51,"language":"JPN","playtime":3259,"items_purged":["Decay"],"score":1450,"play_id":"779384f1-206f-4ecb-94a5-df03affa790b","local_time":"20210218022531","is_ascension_mode":true,"campfire_choices":[{"data":"Footwork","floor":6.0,"key":"SMITH"},{"data":"Storm of Steel","floor":10.0,"key":"SMITH"},{"data":"Choke","floor":12.0,"key":"SMITH"},{"data":"Neutralize","floor":15.0,"key":"SMITH"},{"data":"A Thousand Cuts","floor":23.0,"key":"SMITH"},{"data":"Cloak And Dagger","floor":25.0,"key":"SMITH"},{"data":"Terror","floor":28.0,"key":"SMITH"},{"data":"Backflip","floor":32.0,"key":"SMITH"},{"data":"Bullet Time","floor":40.0,"key":"SMITH"},{"data":"Malaise","floor":42.0,"key":"SMITH"},{"data":"Backflip","floor":44.0,"key":"SMITH"},{"floor":49.0,"key":"RECALL"}],"circlet_count":0,"master_deck":["AscendersBane","Strike_G","Defend_G","Defend_G","Defend_G","Defend_G","Defend_G","Survivor","Neutralize+1","Cloak And Dagger+1","Footwork+1","Storm of Steel+1","Terror+1","Choke+1","Infinite Blades","Endless Agony","A Thousand Cuts+1","Setup+1","Distraction+1","Flying Knee+1","Backflip+1","Crippling Poison+1","Backflip+1","Infinite Blades","Bullet Time+1","Acrobatics+1","PiercingWail","Malaise+1","Injury","Acrobatics+1"],"relics":["Ring of the Snake","FossilizedHelix","Bloody Idol","CultistMask","Bottled Tornado","Matryoshka","MawBank","Incense Burner","Astrolabe","Bag of Marbles","Shuriken","Kunai","Cursed Key","StoneCalendar","Ginger","Torii","TungstenRod"],"acts_visited":["Exordium","TheCity","TheBeyond"],"potions_floor_usage":[51],"damage_taken":[{"damage":0.0,"enemies":"Cultist","floor":1.0,"turns":4.0},{"damage":0.0,"enemies":"Jaw Worm","floor":2.0,"turns":7.0},{"damage":0.0,"enemies":"2 Louse","floor":4.0,"turns":4.0},{"damage":0.0,"enemies":"Blue Slaver","floor":7.0,"turns":6.0},{"damage":12.0,"enemies":"Exordium Thugs","floor":8.0,"turns":6.0},{"damage":0.0,"enemies":"Large Slime","floor":11.0,"turns":8.0},{"damage":1.0,"enemies":"3 Sentries","floor":13.0,"turns":11.0},{"damage":15.0,"enemies":"Hexaghost","floor":16.0,"turns":10.0},{"damage":6.0,"enemies":"Chosen","floor":18.0,"turns":7.0},{"damage":0.0,"enemies":"Spheric Guardian","floor":21.0,"turns":1.0},{"damage":1.0,"enemies":"Snecko","floor":24.0,"turns":7.0},{"damage":35.0,"enemies":"Book of Stabbing","floor":29.0,"turns":6.0},{"damage":0.0,"enemies":"Cultist and Chosen","floor":30.0,"turns":6.0},{"damage":18.0,"enemies":"Snake Plant","floor":31.0,"turns":4.0},{"damage":0.0,"enemies":"Champ","floor":33.0,"turns":12.0},{"damage":0.0,"enemies":"Orb Walker","floor":35.0,"turns":3.0},{"damage":10.0,"enemies":"3 Darklings","floor":36.0,"turns":5.0},{"damage":19.0,"enemies":"4 Shapes","floor":38.0,"turns":5.0},{"damage":5.0,"enemies":"Giant Head","floor":41.0,"turns":7.0},{"damage":30.0,"enemies":"Reptomancer","floor":46.0,"turns":4.0},{"damage":0.0,"enemies":"Transient","floor":47.0,"turns":6.0},{"damage":23.0,"enemies":"Donu and Deca","floor":50.0,"turns":9.0},{"damage":25,"enemies":"Time Eater","floor":51,"turns":15}],"seed_played":"3278885422515381868","potions_obtained":[{"floor":4.0,"key":"BlessingOfTheForge"},{"floor":8.0,"key":"SmokeBomb"},{"floor":13.0,"key":"Fire Potion"},{"floor":20.0,"key":"Ancient Potion"},{"floor":24.0,"key":"Weak Potion"},{"floor":30.0,"key":"AttackPotion"},{"floor":31.0,"key":"SteroidPotion"},{"floor":35.0,"key":"Strength Potion"},{"floor":47.0,"key":"Swift Potion"}],"is_trial":false,"path_per_floor":["M","M","?","M","?","R","M","M","T","R","M","R","E","T","R","B",null,"M","?","?","M","?","R","M","R","T","T","R","E","M","M","R","B",null,"M","M","?","M","?","R","E","R","T","R","$","E","M","?","R","B","B"],"character_chosen":"THE_SILENT","items_purchased":["Torii"],"campfire_rested":0,"item_purchase_floors":[45],"current_hp_per_floor":[59,59,59,59,59,59,59,47,47,47,47,47,46,46,46,31,53,47,47,52,57,60,60,60,60,60,60,60,30,40,32,37,47,58,60,55,60,46,51,56,60,60,60,60,60,35,40,40,40,17,0,0],"gold":506,"neow_bonus":"ONE_RARE_RELIC","is_daily":false,"chose_seed":false,"campfire_upgraded":11,"win_rate":0.0,"timestamp":1613582731,"path_taken":["M","M","?","M","?","R","M","?","T","R","M","R","E","?","R","BOSS","M","?","?","?","?","R","M","R","T","?","R","E","M","M","R","BOSS","BOSS","M","M","?","?","?","R","E","R","T","R","$","E","?","?","R","BOSS","BOSS"],"items_purchased_type":["Relic"],"build_version":"2020-12-22","purchased_purges":1,"victory":false,"max_hp_per_floor":[66,66,60,60,60,60,60,60,60,60,60,60,60,60,60,60,60,60,60,60,60,60,60,60,60,60,60,60,60,60,60,60,60,60,60,60,60,60,60,60,60,60,60,60,60,60,60,60,60,60,60,60],"relic_stats":{"Torii":5,"counters":[23,153],"Astrolabe":["Setup","Distraction","Flying Knee"],"StoneCalendar":[103],"Ginger":[4],"MawBank":372,"Cursed Key":1,"Shuriken":[55],"Bloody Idol":105,"Kunai":[53],"obtain_stats":[{"Torii":45,"Golden Idol":3,"Astrolabe":17,"StoneCalendar":41,"Incense Burner":14,"Ginger":43,"Bottled Tornado":9,"MawBank":14,"Cursed Key":34,"Matryoshka":13,"Shuriken":26,"Bloody Idol":19,"CultistMask":5,"Bag of Marbles":26,"Kunai":29,"FossilizedHelix":0,"TungstenRod":46,"Ring of the Snake":0},{"Torii":19,"Golden Idol":2,"Astrolabe":8,"StoneCalendar":19,"Incense Burner":7,"Ginger":19,"Bottled Tornado":5,"MawBank":7,"Cursed Key":15,"Matryoshka":7,"Shuriken":11,"Bloody Idol":9,"CultistMask":3,"Bag of Marbles":11,"Kunai":12,"FossilizedHelix":0,"TungstenRod":20,"Ring of the Snake":0},{"Torii":119,"Golden Idol":11,"Astrolabe":56,"StoneCalendar":119,"Incense Burner":46,"Ginger":119,"Bottled Tornado":27,"MawBank":46,"Cursed Key":99,"Matryoshka":46,"Shuriken":71,"Bloody Idol":63,"CultistMask":15,"Bag of Marbles":71,"Kunai":77,"FossilizedHelix":0,"TungstenRod":123,"Ring of the Snake":0}],"TungstenRod":6,"Ring of the Snake":[46]},"card_choices":[{"not_picked":["Prepared","Bane"],"picked":"Cloak And Dagger","floor":1.0},{"not_picked":["Deadly Poison","Dodge and Roll"],"picked":"Footwork","floor":2.0},{"not_picked":["Dodge and Roll","Slice"],"picked":"Storm of Steel","floor":4.0},{"not_picked":["Bane","Escape Plan"],"picked":"Terror","floor":7.0},{"not_picked":["Quick Slash","PiercingWail"],"picked":"Choke","floor":8.0},{"not_picked":["Crippling Poison","Footwork"],"picked":"Infinite Blades","floor":11.0},{"not_picked":["Distraction","PiercingWail"],"picked":"Endless Agony","floor":13.0},{"not_picked":["Glass Knife","Malaise"],"picked":"A Thousand Cuts","floor":16.0},{"not_picked":["Skewer","Escape Plan"],"picked":"Backflip","floor":18.0},{"not_picked":["Prepared","Slice+1","Underhanded Strike+1"],"picked":"SKIP","floor":24.0},{"not_picked":["Prepared","Slice+1","Underhanded Strike+1"],"picked":"SKIP","floor":24.0},{"not_picked":["Prepared","Slice+1","Underhanded Strike+1"],"picked":"SKIP","floor":24.0},{"not_picked":["Footwork","Slice"],"picked":"Crippling Poison+1","floor":29.0},{"not_picked":["Backstab","Concentrate"],"picked":"Backflip","floor":30.0},{"not_picked":["Blade Dance","Cloak And Dagger"],"picked":"Infinite Blades","floor":31.0},{"not_picked":["A Thousand Cuts","Night Terror"],"picked":"Bullet Time","floor":33.0},{"not_picked":["Skewer","Flying Knee"],"picked":"Acrobatics+1","floor":35.0},{"not_picked":["Underhanded Strike","Dagger Throw","Outmaneuver+1"],"picked":"SKIP","floor":36.0},{"not_picked":["Backflip","Dagger Spray"],"picked":"PiercingWail","floor":38.0},{"not_picked":["Bane","Noxious Fumes"],"picked":"Malaise","floor":41.0},{"not_picked":["Heel Hook","Slice"],"picked":"Acrobatics+1","floor":46.0},{"not_picked":["Bouncing Flask","Dagger Throw","Acrobatics"],"picked":"SKIP","floor":47.0}],"player_experience":5886057,"relics_obtained":[{"floor":9.0,"key":"Bottled Tornado"},{"floor":13.0,"key":"Matryoshka"},{"floor":14.0,"key":"MawBank"},{"floor":14.0,"key":"Incense Burner"},{"floor":26.0,"key":"Bag of Marbles"},{"floor":26.0,"key":"Shuriken"},{"floor":29.0,"key":"Kunai"},{"floor":41.0,"key":"StoneCalendar"},{"floor":43.0,"key":"Ginger"},{"floor":46.0,"key":"TungstenRod"}],"event_choices":[{"damage_healed":0.0,"max_hp_gain":0.0,"max_hp_loss":6.0,"gold_gain":0.0,"event_name":"Golden Idol","player_choice":"Lose Max HP","floor":3.0,"gold_loss":0.0,"damage_taken":0.0,"relics_obtained":["Golden Idol"]},{"damage_healed":0.0,"max_hp_gain":0.0,"max_hp_loss":0.0,"gold_gain":0.0,"event_name":"FaceTrader","player_choice":"Trade","floor":5.0,"gold_loss":0.0,"damage_taken":0.0,"relics_obtained":["CultistMask"]},{"damage_healed":0.0,"max_hp_gain":0.0,"max_hp_loss":0.0,"gold_gain":0.0,"event_name":"Forgotten Altar","player_choice":"Gave Idol","floor":19.0,"relics_lost":["Golden Idol"],"gold_loss":0.0,"damage_taken":0.0,"relics_obtained":["Bloody Idol"]},{"damage_healed":0.0,"max_hp_gain":0.0,"max_hp_loss":0.0,"gold_gain":0.0,"event_name":"The Woman in Blue","player_choice":"Bought 1 Potion","floor":20.0,"gold_loss":0.0,"damage_taken":0.0},{"damage_healed":0.0,"max_hp_gain":0.0,"max_hp_loss":0.0,"gold_gain":0.0,"event_name":"The Mausoleum","player_choice":"Ignored","floor":22.0,"gold_loss":0.0,"damage_taken":0.0},{"damage_healed":0.0,"max_hp_gain":0.0,"max_hp_loss":0.0,"gold_gain":0.0,"event_name":"Lab","player_choice":"Got Potions","floor":37.0,"gold_loss":0.0,"damage_taken":0.0},{"damage_healed":0.0,"max_hp_gain":0.0,"max_hp_loss":0.0,"gold_gain":0.0,"event_name":"Wheel of Change","player_choice":"Cursed","floor":39.0,"gold_loss":0.0,"damage_taken":0.0,"cards_obtained":["Decay"]},{"cards_removed":["Strike_G"],"damage_healed":0.0,"max_hp_gain":0.0,"max_hp_loss":0.0,"gold_gain":0.0,"event_name":"Falling","player_choice":"Removed Attack","floor":48.0,"gold_loss":0.0,"damage_taken":0.0}],"is_beta":false,"boss_relics":[{"not_picked":["Calling Bell","Philosopher\u0027s Stone"],"picked":"Astrolabe"},{"not_picked":["HoveringKite","Tiny House"],"picked":"Cursed Key"}],"items_purged_floors":[45],"is_endless":false,"potions_floor_spawned":[4,8,13,24,30,31,33,35,47],"killed_by":"Time Eater","ascension_level":20}}