{"host":"7gewg82ormp6yt4e","time":1613571507,"event":{"mods":["BaseMod","Block Reminder","Colored Map","DeckTracker","Highlight Path","Minty Spire (QoL Compilation)","Relic Stats","StSLib","ojb\u0027s Info Mod"],"gold_per_floor":[119,135,148,148,163,201,201,240,321,355,379,419,438,438,438,534,534,548,30,30,2,18,18,62,62,62,62,62,62,83,83,83],"floor_reached":31,"language":"JPN","playtime":1501,"items_purged":["Strike_P"],"score":616,"play_id":"ff6e2027-685a-4065-9caf-98e396534063","local_time":"20210217231827","is_ascension_mode":true,"campfire_choices":[{"floor":7,"key":"REST"},{"floor":15,"key":"REST"},{"floor":23,"key":"REST"},{"data":"WaveOfTheHand","floor":25,"key":"SMITH"},{"data":"TalkToTheHand","floor":29,"key":"SMITH"}],"circlet_count":0,"master_deck":["AscendersBane","Strike_P","Strike_P","Defend_P","Defend_P","Defend_P","Defend_P","Eruption","Vigilance","Scrawl","Consecrate","Consecrate","BattleHymn","CutThroughFate","EmptyBody","CutThroughFate","Nirvana","Devotion","EmptyMind","FearNoEvil","Scrawl","Tantrum","Pain","ThirdEye","WaveOfTheHand+1","TalkToTheHand+1"],"relics":["PureWater","Golden Idol","Mercury Hourglass","Mango","Mummified Hand","Regal Pillow","White Beast Statue","SlaversCollar","PreservedInsect","Pantograph","WarpedTongs","Strawberry","Question Card"],"acts_visited":["Exordium","TheCity"],"potions_floor_usage":[5,8,12,16,16,24],"damage_taken":[{"damage":4,"enemies":"Small Slimes","floor":1,"turns":3},{"damage":4,"enemies":"Jaw Worm","floor":2,"turns":5},{"damage":4,"enemies":"2 Louse","floor":3,"turns":4},{"damage":0,"enemies":"Exordium Thugs","floor":5,"turns":2},{"damage":32,"enemies":"3 Sentries","floor":6,"turns":6},{"damage":16,"enemies":"Gremlin Nob","floor":8,"turns":3},{"damage":0,"enemies":"Lagavulin","floor":10,"turns":4},{"damage":0,"enemies":"Large Slime","floor":11,"turns":4},{"damage":14,"enemies":"Gremlin Nob","floor":12,"turns":3},{"damage":0,"enemies":"2 Fungi Beasts","floor":13,"turns":3},{"damage":37,"enemies":"Hexaghost","floor":16,"turns":9},{"damage":19,"enemies":"Shell Parasite","floor":18,"turns":6},{"damage":15,"enemies":"Chosen","floor":22,"turns":5},{"damage":8,"enemies":"Gremlin Leader","floor":24,"turns":6},{"damage":44,"enemies":"Snake Plant","floor":30,"turns":6},{"damage":29,"enemies":"Centurion and Healer","floor":31,"turns":4}],"seed_played":"2025643285443315044","potions_obtained":[{"floor":2,"key":"Energy Potion"},{"floor":6,"key":"Ancient Potion"},{"floor":10,"key":"DistilledChaos"},{"floor":12,"key":"Swift Potion"},{"floor":13,"key":"SkillPotion"},{"floor":16,"key":"Explosive Potion"},{"floor":18,"key":"Fire Potion"},{"floor":24,"key":"Fire Potion"}],"is_trial":false,"path_per_floor":["M","M","M","?","M","E","R","E","T","E","M","E","M","?","R","B",null,"M","$","?","$","M","R","E","R","T","$","?","R","M","M"],"character_chosen":"WATCHER","items_purchased":["PreservedInsect","Pantograph","ThirdEye"],"campfire_rested":3,"item_purchase_floors":[19,19,21],"current_hp_per_floor":[57,53,49,49,49,17,35,33,33,33,33,19,19,12,49,12,60,41,41,41,41,26,63,62,62,62,62,62,62,18,0,0],"gold":83,"neow_bonus":"ONE_RANDOM_RARE_CARD","is_daily":false,"chose_seed":false,"campfire_upgraded":2,"win_rate":0.0,"timestamp":1613571507,"path_taken":["M","M","M","?","M","E","R","E","T","E","M","E","M","?","R","BOSS","M","$","?","?","M","R","E","R","T","$","?","R","M","M"],"items_purchased_type":["Relic","Relic","Card"],"build_version":"2020-12-22","purchased_purges":1,"victory":false,"max_hp_per_floor":[68,68,68,62,62,62,62,76,76,76,76,76,76,76,76,76,76,76,76,76,76,76,76,83,83,83,83,83,83,83,83,83],"relic_stats":{"Regal Pillow":30,"counters":[16,73],"Golden Idol":81,"Mummified Hand":[21],"Pantograph":0,"PreservedInsect":47,"Question Card":1,"obtain_stats":[{"Regal Pillow":10,"Golden Idol":4,"Mango":8,"PreservedInsect":19,"Question Card":26,"White Beast Statue":12,"Mercury Hourglass":6,"WarpedTongs":20,"SlaversCollar":17,"Mummified Hand":9,"Pantograph":19,"Strawberry":24,"PureWater":0},{"Regal Pillow":7,"Golden Idol":3,"Mango":6,"PreservedInsect":12,"Question Card":14,"White Beast Statue":9,"Mercury Hourglass":5,"WarpedTongs":12,"SlaversCollar":11,"Mummified Hand":6,"Pantograph":12,"Strawberry":14,"PureWater":0},{"Regal Pillow":27,"Golden Idol":12,"Mango":23,"PreservedInsect":52,"Question Card":63,"White Beast Statue":34,"Mercury Hourglass":20,"WarpedTongs":52,"SlaversCollar":46,"Mummified Hand":23,"Pantograph":52,"Strawberry":63,"PureWater":0}],"Mercury Hourglass":[168],"WarpedTongs":[21]},"card_choices":[{"not_picked":["JustLucky","LikeWater"],"picked":"Consecrate","floor":1},{"not_picked":["Evaluate","Crescendo"],"picked":"Consecrate","floor":2},{"not_picked":["Prostrate","Sanctity"],"picked":"BattleHymn","floor":3},{"not_picked":["Perseverance","ForeignInfluence"],"picked":"CutThroughFate","floor":5},{"not_picked":["Prostrate","ClearTheMind"],"picked":"EmptyBody","floor":6},{"not_picked":["Wireheading","Perseverance"],"picked":"CutThroughFate","floor":8},{"not_picked":["FlurryOfBlows","PathToVictory"],"picked":"Nirvana","floor":10},{"not_picked":["Swivel","ThirdEye"],"picked":"Devotion","floor":11},{"not_picked":["CrushJoints","ClearTheMind"],"picked":"EmptyMind","floor":12},{"not_picked":["Study","Wallop"],"picked":"FearNoEvil","floor":13},{"not_picked":["Alpha","DeusExMachina"],"picked":"Scrawl","floor":16},{"not_picked":["BowlingBash","ClearTheMind"],"picked":"Tantrum","floor":18},{"not_picked":["Halt","EmptyFist"],"picked":"WaveOfTheHand","floor":22},{"not_picked":["CarveReality","Collect"],"picked":"TalkToTheHand","floor":24},{"not_picked":["ClearTheMind","Halt","BowlingBash","CarveReality"],"picked":"SKIP","floor":30}],"player_experience":2867803,"relics_obtained":[{"floor":6,"key":"Mercury Hourglass"},{"floor":8,"key":"Mango"},{"floor":9,"key":"Mummified Hand"},{"floor":10,"key":"Regal Pillow"},{"floor":12,"key":"White Beast Statue"},{"floor":24,"key":"Strawberry"},{"floor":26,"key":"Question Card"}],"event_choices":[{"damage_healed":0,"gold_gain":0,"player_choice":"Lose Max HP","damage_taken":0,"relics_obtained":["Golden Idol"],"max_hp_gain":0,"max_hp_loss":6,"event_name":"Golden Idol","floor":4,"gold_loss":0},{"cards_removed":["Strike_P"],"damage_healed":0,"gold_gain":0,"player_choice":"Card Removal","damage_taken":7,"max_hp_gain":0,"max_hp_loss":0,"event_name":"Golden Wing","floor":14,"gold_loss":0},{"damage_healed":0,"gold_gain":0,"player_choice":"Rummage","damage_taken":0,"relics_obtained":["WarpedTongs"],"max_hp_gain":0,"max_hp_loss":0,"event_name":"Accursed Blacksmith","floor":20,"gold_loss":0,"cards_obtained":["Pain"]},{"damage_healed":0,"gold_gain":0,"player_choice":"Ignored","damage_taken":0,"max_hp_gain":0,"max_hp_loss":0,"event_name":"Ghosts","floor":28,"gold_loss":0}],"is_beta":false,"boss_relics":[{"not_picked":["Coffee Dripper","Empty Cage"],"picked":"SlaversCollar"}],"items_purged_floors":[19],"is_endless":false,"potions_floor_spawned":[2,6,10,12,13,16,18,22,24,30],"killed_by":"Centurion and Healer","ascension_level":20}}