{"host":"93bjq340p293ukqy","time":1613591920,"event":{"mods":["BaseMod","Hermit","Minty Spire (QoL Compilation)","StSLib","The Cursed"],"gold_per_floor":[110,130,145,70,145,145,177,192,192,192,251,276,12,187,187,287,287,304,319,353,401,21,21,62,62,85,140,152,198,234,327,339,457,469,495,319,337,356,426,464,479,505,505,505,505,727,233,259,259,259,259,259,30,70,70],"floor_reached":56,"language":"ENG","playtime":3360,"items_purged":["Strike_R","Strike_R","Strike_R","Defend_R"],"score":1625,"play_id":"dd106265-9258-4b71-87b4-9701d0c84f2c","local_time":"20210217215840","is_ascension_mode":true,"campfire_choices":[{"data":"Fire Breathing","floor":6,"key":"SMITH"},{"data":"Uppercut","floor":10,"key":"SMITH"},{"floor":15,"key":"REST"},{"data":"Immolate","floor":23,"key":"SMITH"},{"data":"Corruption","floor":32,"key":"SMITH"},{"floor":44,"key":"RECALL"},{"data":"Juggernaut","floor":49,"key":"SMITH"},{"data":"Apotheosis","floor":52,"key":"SMITH"}],"circlet_count":0,"master_deck":["Defend_R","Defend_R","Bash","True Grit","Fire Breathing+1","Pommel Strike","Burning Pact","Uppercut+1","Corruption+1","Ghostly Armor","Feel No Pain","Apotheosis+1","Doubt","Impervious","Fire Breathing+1","Feel No Pain","Immolate+1","Feel No Pain","Pommel Strike","Shrug It Off+1","Flame Barrier","Flame Barrier","Juggernaut+1","Dark Embrace","Burning Pact","Intimidate+1","Magnetism+1","Panacea+1","Evolve+1","Body Slam+1","Jack Of All Trades+1","Berserk+1"],"relics":["Burning Blood","NeowsBlessing","Tiny Chest","Eternal Feather","Darkstone Periapt","Matryoshka","Empty Cage","Red Mask","CeramicFish","Regal Pillow","Toy Ornithopter","Turnip","MawBank","Centennial Puzzle","Oddly Smooth Stone","The Courier","Mark of Pain","White Beast Statue","Toxic Egg 2","MealTicket","Frozen Egg 2","Bag of Preparation"],"acts_visited":["Exordium","TheCity","TheBeyond","TheEnding"],"potions_floor_usage":[12,16,20,29,37,42,42,42,48,50,50,50,50,55,55],"damage_taken":[{"damage":0,"enemies":"2 Louse","floor":1,"turns":1},{"damage":0,"enemies":"Small Slimes","floor":2,"turns":2},{"damage":0,"enemies":"Jaw Worm","floor":3,"turns":1},{"damage":18,"enemies":"3 Sentries","floor":7,"turns":4},{"damage":14,"enemies":"Exordium Wildlife","floor":8,"turns":6},{"damage":15,"enemies":"3 Sentries","floor":11,"turns":4},{"damage":29,"enemies":"Lagavulin","floor":12,"turns":8},{"damage":0,"enemies":"Slime Boss","floor":16,"turns":8},{"damage":4,"enemies":"Shell Parasite","floor":18,"turns":6},{"damage":1,"enemies":"Spheric Guardian","floor":19,"turns":6},{"damage":22,"enemies":"Masked Bandits","floor":20,"turns":5},{"damage":15,"enemies":"Book of Stabbing","floor":24,"turns":7},{"damage":7,"enemies":"Gremlin Leader","floor":27,"turns":7},{"damage":17,"enemies":"Book of Stabbing","floor":29,"turns":7},{"damage":0,"enemies":"Snecko","floor":30,"turns":5},{"damage":92,"enemies":"Champ","floor":33,"turns":11},{"damage":17,"enemies":"3 Darklings","floor":35,"turns":4},{"damage":4,"enemies":"3 Shapes","floor":37,"turns":4},{"damage":13,"enemies":"Spire Growth","floor":38,"turns":5},{"damage":11,"enemies":"Giant Head","floor":40,"turns":8},{"damage":0,"enemies":"Sphere and 2 Shapes","floor":41,"turns":4},{"damage":12,"enemies":"Reptomancer","floor":42,"turns":6},{"damage":13,"enemies":"Maw","floor":48,"turns":6},{"damage":36,"enemies":"Time Eater","floor":50,"turns":8},{"damage":30,"enemies":"Shield and Spear","floor":54,"turns":5},{"damage":13,"enemies":"The Heart","floor":55,"turns":6}],"seed_played":"4164998911200932358","potions_obtained":[{"floor":3,"key":"Regen Potion"},{"floor":8,"key":"FearPotion"},{"floor":16,"key":"Energy Potion"},{"floor":24,"key":"Fire Potion"},{"floor":27,"key":"Swift Potion"},{"floor":30,"key":"FairyPotion"},{"floor":37,"key":"LiquidBronze"},{"floor":40,"key":"Weak Potion"},{"floor":41,"key":"FearPotion"},{"floor":42,"key":"Strength Potion"},{"floor":48,"key":"BlessingOfTheForge"},{"floor":54,"key":"SpeedPotion"}],"is_trial":false,"path_per_floor":["M","M","M","$","?","R","E","M","T","R","?","E","$","?","R","B",null,"M","M","?","T","$","R","E","$","T","E","?","E","M","T","R","B",null,"M","$","M","M","T","E","M","E","T","R","?","?","$","M","R","B",null,"R","$","E","B",null],"character_chosen":"IRONCLAD","items_purchased":["Feel No Pain","Apotheosis","Immolate","Feel No Pain","Toy Ornithopter","Dark Embrace","Burning Pact","Magnetism+1","EssenceOfSteel","EntropicBrew","Panacea+1","Evolve+1","Dexterity Potion","Jack Of All Trades+1"],"campfire_rested":1,"item_purchase_floors":[13,13,22,22,22,36,36,47,47,47,47,47,53,53],"current_hp_per_floor":[78,80,80,80,69,69,57,49,49,55,46,23,23,29,63,84,86,86,86,70,70,70,82,73,73,73,72,72,66,72,72,86,31,72,61,61,68,61,61,56,62,71,71,86,86,86,86,79,86,76,84,86,86,62,65],"gold":70,"neow_bonus":"THREE_ENEMY_KILL","is_daily":false,"chose_seed":false,"campfire_upgraded":6,"win_rate":0.0,"timestamp":1613591920,"path_taken":["M","M","M","$","?","R","E","M","T","R","?","E","$","?","R","BOSS","M","M","?","?","$","R","E","$","T","E","?","E","?","?","R","BOSS","M","$","M","M","?","E","M","E","T","R","?","?","$","M","R","BOSS","R","$","E","BOSS"],"items_purchased_type":["Card","Card","Card","Card","Relic","Card","Card","Card","Potion","Potion","Card","Card","Potion","Card"],"build_version":"2020-12-22","purchased_purges":4,"victory":true,"max_hp_per_floor":[80,80,80,80,80,80,80,80,80,80,80,80,80,86,86,86,86,86,86,86,86,86,86,86,86,86,86,86,86,86,86,86,86,86,86,86,86,86,86,86,86,86,86,86,86,86,86,86,86,86,86,86,86,86,86],"card_choices":[{"not_picked":["Warcry","Havoc"],"picked":"True Grit","floor":1},{"not_picked":["Sword Boomerang","Armaments"],"picked":"Fire Breathing","floor":2},{"not_picked":["Havoc","Sword Boomerang"],"picked":"Pommel Strike","floor":3},{"not_picked":["Shockwave","Spot Weakness"],"picked":"Burning Pact","floor":7},{"not_picked":["Clash","Clothesline"],"picked":"Uppercut","floor":8},{"not_picked":["Twin Strike","Dark Embrace"],"picked":"Corruption","floor":11},{"not_picked":["Rupture","Whirlwind"],"picked":"Ghostly Armor","floor":12},{"not_picked":["Offering","Brutality"],"picked":"Impervious","floor":16},{"not_picked":["Dark Embrace","Iron Wave"],"picked":"Fire Breathing+1","floor":18},{"not_picked":["Headbutt","Heavy Blade"],"picked":"Feel No Pain","floor":19},{"not_picked":["Spot Weakness","True Grit+1"],"picked":"Pommel Strike","floor":24},{"not_picked":["Cleave+1","Hemokinesis"],"picked":"Shrug It Off+1","floor":27},{"not_picked":["Cleave","Exhume"],"picked":"Flame Barrier","floor":29},{"not_picked":["Twin Strike","Whirlwind"],"picked":"Flame Barrier","floor":30},{"not_picked":["Immolate","Offering"],"picked":"Juggernaut","floor":33},{"not_picked":["Blood for Blood+1","Clothesline+1","Wild Strike"],"picked":"SKIP","floor":35},{"not_picked":["Rupture","Flex+1","Thunderclap+1"],"picked":"SKIP","floor":37},{"not_picked":["Thunderclap+1","True Grit+1","Rage"],"picked":"SKIP","floor":38},{"not_picked":["Sword Boomerang","Body Slam"],"picked":"Intimidate+1","floor":40},{"not_picked":["Double Tap+1","Searing Blow","Sever Soul"],"picked":"SKIP","floor":41},{"not_picked":["Havoc+1","Dark Embrace+1","Shrug It Off+1"],"picked":"SKIP","floor":42},{"not_picked":["Twin Strike+1","Armaments+1"],"picked":"Body Slam+1","floor":48},{"not_picked":["Twin Strike+1","Pommel Strike+1"],"picked":"Berserk+1","floor":54}],"player_experience":248666,"relics_obtained":[{"floor":7,"key":"Tiny Chest"},{"floor":9,"key":"Eternal Feather"},{"floor":11,"key":"Darkstone Periapt"},{"floor":12,"key":"Matryoshka"},{"floor":20,"key":"Red Mask"},{"floor":21,"key":"CeramicFish"},{"floor":21,"key":"Regal Pillow"},{"floor":24,"key":"Turnip"},{"floor":26,"key":"MawBank"},{"floor":26,"key":"Centennial Puzzle"},{"floor":27,"key":"Oddly Smooth Stone"},{"floor":29,"key":"The Courier"},{"floor":39,"key":"White Beast Statue"},{"floor":40,"key":"Toxic Egg 2"},{"floor":42,"key":"MealTicket"},{"floor":43,"key":"Frozen Egg 2"},{"floor":54,"key":"Bag of Preparation"}],"event_choices":[{"damage_healed":0,"gold_gain":75,"player_choice":"Gather Gold","damage_taken":11,"max_hp_gain":0,"max_hp_loss":0,"event_name":"World of Goop","floor":5,"gold_loss":0},{"damage_healed":0,"gold_gain":30,"player_choice":"Searched \u00272\u0027 times","damage_taken":0,"max_hp_gain":0,"max_hp_loss":0,"event_name":"Dead Adventurer","floor":11,"gold_loss":0},{"damage_healed":0,"gold_gain":175,"player_choice":"AGREE","damage_taken":0,"max_hp_gain":0,"max_hp_loss":0,"event_name":"Liars Game","floor":14,"gold_loss":0,"cards_obtained":["Doubt"]},{"damage_healed":0,"gold_gain":0,"player_choice":"Fought Bandits","damage_taken":0,"max_hp_gain":0,"max_hp_loss":0,"event_name":"Masked Bandits","floor":20,"gold_loss":0},{"damage_healed":0,"gold_gain":0,"player_choice":"Ignored","damage_taken":0,"max_hp_gain":0,"max_hp_loss":0,"event_name":"Ghosts","floor":28,"gold_loss":0},{"cards_removed":["Defend_R"],"damage_healed":0,"gold_gain":0,"player_choice":"Removed Skill","damage_taken":0,"max_hp_gain":0,"max_hp_loss":0,"event_name":"Falling","floor":45,"gold_loss":0},{"damage_healed":0,"gold_gain":222,"player_choice":"Wore Mask","damage_taken":0,"max_hp_gain":0,"max_hp_loss":0,"event_name":"Tomb of Lord Red Mask","floor":46,"gold_loss":0}],"is_beta":false,"boss_relics":[{"not_picked":["Runic Pyramid","Ectoplasm"],"picked":"Empty Cage"},{"not_picked":["Black Star","Black Blood"],"picked":"Mark of Pain"}],"items_purged_floors":[4,36,47,53],"is_endless":false,"potions_floor_spawned":[3,8,16,19,24,27,30,37,40,41,42,48,54],"ascension_level":6}}