{"host":"8v536rckjlpi3bq3","time":1613532900,"event":{"mods":["ATMod(阿瑾Mod)","Act Like it!","Aspiration","BaseMod","Bossed Relics","Colored Powertips","Conspire","Dota2Spire","Gensokyo","Hallownest","HololiveMod","Jedi Mod","KomeijiMod","Lobotomy","LobotomyExtend","Marisa（F雨　魔理沙）","Minty Spire (QoL Compilation)","MostiFishMod","Reimu（博丽灵梦）","Relic Stats","Reliquary","Replay The Spire","RumiaBox-露米娅的神秘盒子","Spicy Shops","StSLib","TestMod","The Blackbeard","The Hierophant","The Jungle","WarShipGirlsR/战舰少女R mod","Wide Potions","Youmu（魂魄妖梦）","【功能Mod】混沌之环修复补丁","【功能Mod】聪明的最终Boss","【角色mod】十八桐人","【遗物卡牌】REMEMod","篝火指南"],"gold_per_floor":[115,126,151,161,45,70,131,201,251,251,251,130,130,130,130,449,449,470,470,470,109,109,109,109,109,133,133,22,22,22,22,22,121,121,138,138,15,15,15,15,43,104,104,104,503,185,185,185,185,185],"floor_reached":49,"language":"ZHS","playtime":3071,"items_purged":["Normality","Writhe"],"score":1285,"play_id":"c7422468-8334-4c6f-bb92-b7e663d1f833","local_time":"20210217113500","daily_mods":["Vintage","Colorless Cards","Heirloom","Time Dilation","Flight"],"is_ascension_mode":false,"campfire_choices":[{"data":"MostiFishMod:Unraveling","floor":10.0,"key":"SMITH"},{"data":"MostiFishMod:JungleRules","floor":15.0,"key":"SMITH"},{"data":"Panacea","floor":23.0,"key":"SMITH"},{"data":"AT_FamilyPortrait","floor":25.0,"key":"SMITH"},{"data":"rmod:supportaircraftcarrier","floor":32.0,"key":"SMITH"},{"data":"rmod:defend","floor":40,"key":"SMITH"},{"data":"rmod:maingunfire","floor":44,"key":"SMITH"},{"data":"Hololive_FlyingPonyTail","floor":49,"key":"SMITH"}],"circlet_count":0,"master_deck":["rmod:strick","rmod:strick","rmod:strick","rmod:strick","rmod:defend","rmod:defend","rmod:defend","rmod:defend","rmod:basicallowance+1","rmod:maingunfire+1","MostiFishMod:Unraveling+1","AT_FamilyPortrait+1","Hololive_CallKiryuuCoco+1","MostiFishMod:JungleRules+2","rmod:supportaircraftcarrier+1","rmod:supportaircraftcarrier","AT_EmpoweredMortalDraw+1","Panacea+1","Hololive_CallAmaneKanata+1","Hololive_FlyingPonyTail+1","rmod:selfconfidence+1","MostiFishMod:Galeforce+1","Good Instincts","REME_WheelOfFate","hierophant:OrnateBuckler","Hololive_CallShiroganeNoel+1","Hololive_CallSakuraMiko+1","rmod:fletcherpendant","Hololive_Sequa","PerfectMaid+1","Hololive_CallNatsuiroMatsuri+1","Stick_Black+1","hierophant:RustyCrate+1","hierophant:Doubloon","hierophant:Doubloon","Guard_Black","rmod:intelligenceanalysis","Gensokyo:TarnishedGold","Gensokyo:Shovel","Gensokyo:ScrapIron","Gensokyo:LittleGreenMen"],"relics":["rmod:firstchargereward","jedi:maincommand","replay:Trail_Library","testmod-TestBox","AT_ATBox","MostiFishMod:Haymaker","testmod-BouquetWithThorns","BionicSphere","conspire:InfiniteJournal","Baka","SynthV:TestCard","LetterFromLob","AT_ArchangelStaff","Juzu Bracelet","VampireTeeth","Frozen Egg 2","Replay:Bandana","Hololive_LightStick","jedi:heavyjacket","reliquary:RadioactivePellet","Gensokyo:Justice","reliquary:MedicineBall","Mango","Inserter","AT_BladeRuinedKing","DaveBox","Dodecahedron","testmod-Charity","reliquary:JackalopeAntler","reliquary:TridentHead","Simple Rune","The Courier","BirthdayGift-Tetrahedron","reliquary:FerryPass","War Paint","reliquary:TatteredRug","GodSword6","aspiration:Nostalgia","m_SerpentRing","reliquary:BallBearing","reliquary:PartyBalloon","Blue Doll","reliquary:PorcupineQuills","Ice Cream","ClockworkSouvenir","ChestCloth","reliquary:PurpleTingedLeaf","reliquary:MedicineBall","testmod-TurbochargingSystem","Whetstone","testmod-IndustrialRevolution","testmod-HarvestTotem","reliquary:WeakTea","GoodDreamPillow","RuthlessExorcism:ReiMu","Tiny Chest","KyoryuNoHagoromo"],"acts_visited":["Gensokyo:Gensokyo","TheCity","Gensokyo:Gensokyoest"],"potions_floor_usage":[],"damage_taken":[{"damage":0.0,"enemies":"Gensokyo:Python","floor":1.0,"turns":3.0},{"damage":0.0,"enemies":"Gensokyo:3_Fairies","floor":2.0,"turns":4.0},{"damage":0.0,"enemies":"Gensokyo:2_Kodama","floor":4.0,"turns":3.0},{"damage":11.0,"enemies":"Gensokyo:Cirno","floor":6.0,"turns":5.0},{"damage":11.0,"enemies":"Gensokyo:Mamizou","floor":7.0,"turns":6.0},{"damage":0.0,"enemies":"Gensokyo:Reimu","floor":16.0,"turns":4.0},{"damage":0.0,"enemies":"3 Byrds","floor":18.0,"turns":1.0},{"damage":0.0,"enemies":"Pondfish","floor":33.0,"turns":3.0},{"damage":0.0,"enemies":"Gensokyo:3_Boulders","floor":35.0,"turns":1.0},{"damage":0,"enemies":"Gensokyo:Marisa","floor":41,"turns":2},{"damage":0,"enemies":"Gensokyo:Kasen","floor":42,"turns":2}],"seed_played":"-8504765345584928506","potions_obtained":[{"floor":1.0,"key":"Explosive Potion"},{"floor":4.0,"key":"PowerPotion"},{"floor":6.0,"key":"SneckoOil"},{"floor":16.0,"key":"GrandPatriotsElixir:ReiMu"},{"floor":18.0,"key":"SteroidPotion"},{"floor":42,"key":"GrandPatriotsElixir:ReiMu"}],"is_trial":true,"path_per_floor":["M","M","T","M","COS","E","E","T","T","R","?","$","?","?","R","B",null,"M","?","?","$","?","R","?","R","T","T","$","?","?","$","R","B",null,"M","?","?","$","?","R","E","E","T","R","?","COS","?","?","R"],"character_chosen":"PRAEFECT","items_purchased":["jedi:command_uncommon","Panacea","jedi:command_shop","jedi:command_uncommon","jedi:command_uncommon","jedi:command_common","jedi:command_uncommon","jedi:command_shop","jedi:command_common","Hololive_CallAmaneKanata+1","Hololive_FlyingPonyTail","rmod:selfconfidence","MostiFishMod:Galeforce+1","Good Instincts","Dota2Spire:Clarity","jedi:command_uncommon","jedi:command_shop","jedi:command_uncommon","jedi:command_common","jedi:command_common","jedi:command_common","jedi:command_rare","jedi:command_shop","jedi:command_uncommon","jedi:command_uncommon","jedi:command_uncommon","jedi:command_common","jedi:command_common","jedi:command_common","Hololive_CallSakuraMiko+1","rmod:fletcherpendant","Hololive_Sequa"],"campfire_rested":0,"item_purchase_floors":[12,21,21,21,21,21,21,21,21,21,21,21,21,21,21,28,28,28,28,28,28,28,28,28,28,28,28,28,28,28,28,28],"current_hp_per_floor":[75,75,75,75,75,60,52,52,52,52,52,52,60,53,53,74,74,74,74,74,74,74,74,74,74,75,75,78,78,78,78,78,108,216,254,254,254,254,254,254,286,338,338,338,340,340,340,340,340,340],"gold":185,"neow_bonus":"","is_daily":false,"chose_seed":false,"campfire_upgraded":8,"win_rate":0.0,"timestamp":1613532900,"path_taken":["M","?","?","?","COS","E","E","?","T","R","?","$","?","?","R","BOSS","M","?","?","$","?","R","?","R","T","?","?","?","?","$","R","BOSS","M","?","?","?","?","R","E","E","T","R","?","COS","?","?","R"],"items_purchased_type":["Relic","Card","Relic","Relic","Relic","Relic","Relic","Relic","Relic","Card","Card","Card","Card","Card","Potion","Relic","Relic","Relic","Relic","Relic","Relic","Relic","Relic","Relic","Relic","Relic","Relic","Relic","Relic","Card","Card","Card"],"build_version":"2020-12-22","purchased_purges":2,"victory":false,"max_hp_per_floor":[75,75,75,75,75,60,60,60,60,60,60,60,60,74,74,74,74,74,74,74,74,74,74,74,74,75,75,78,78,78,78,78,108,216,254,254,254,254,254,254,286,338,338,338,340,340,340,340,340,340],"relic_stats":{"Inserter":[4],"counters":[11,34],"Tiny Chest":0,"Juzu Bracelet":6,"Whetstone":["rmod:selfconfidence","AT_EmpoweredMortalDraw"],"War Paint":["MostiFishMod:JungleRules","rmod:basicallowance"],"obtain_stats":[{"Ice Cream":28,"AT_ATBox":0,"reliquary:PartyBalloon":28,"jedi:command_rare":0,"Whetstone":28,"AT_ArchangelStaff":3,"reliquary:FerryPass":2,"replay:Trail_Library":0,"testmod-TestBox":0,"GoodDreamPillow":37,"Dodecahedron":20,"aspiration:Nostalgia":28,"ChestCloth":28,"reliquary:TatteredRug":27,"testmod-HarvestTotem":34,"reliquary:WeakTea":35,"War Paint":26,"VampireTeeth":6,"reliquary:JackalopeAntler":21,"jedi:heavyjacket":8,"reliquary:PorcupineQuills":28,"BionicSphere":0,"Simple Rune":21,"reliquary:BallBearing":28,"reliquary:SculptingSteel":28,"rmod:firstchargereward":0,"reliquary:MedicineBall":12,"GodSword6":28,"jedi:maincommand":0,"DaveBox":0,"MostiFishMod:Haymaker":0,"Mango":14,"Blue Doll":28,"Juzu Bracelet":4,"jedi:command_boss":17,"Gensokyo:Justice":11,"testmod-BouquetWithThorns":0,"testmod-Charity":21,"conspire:InfiniteJournal":1,"ClockworkSouvenir":28,"reliquary:TridentHead":21,"Replay:Bandana":7,"Tiny Chest":42,"reliquary:RadioactivePellet":9,"BirthdayGift-Tetrahedron":21,"m_SerpentRing":28,"jedi:command_common":2,"jedi:command_uncommon":6,"Inserter":17,"AT_BladeRuinedKing":18,"The Courier":21,"Baka":1,"testmod-TurbochargingSystem":28,"Frozen Egg 2":6,"testmod-IndustrialRevolution":28,"KyoryuNoHagoromo":43,"Hololive_LightStick":7,"SynthV:TestCard":1,"LetterFromLob":2,"jedi:command_shop":21,"reliquary:PurpleTingedLeaf":28,"REME_ComplimentaryCards":0,"RuthlessExorcism:ReiMu":41},{"Ice Cream":7,"AT_ATBox":0,"reliquary:PartyBalloon":7,"jedi:command_rare":0,"Whetstone":7,"AT_ArchangelStaff":2,"reliquary:FerryPass":2,"replay:Trail_Library":0,"testmod-TestBox":0,"GoodDreamPillow":9,"Dodecahedron":7,"aspiration:Nostalgia":7,"ChestCloth":7,"reliquary:TatteredRug":7,"testmod-HarvestTotem":8,"reliquary:WeakTea":9,"War Paint":7,"VampireTeeth":4,"reliquary:JackalopeAntler":7,"jedi:heavyjacket":5,"reliquary:PorcupineQuills":7,"BionicSphere":0,"Simple Rune":7,"reliquary:BallBearing":7,"reliquary:SculptingSteel":7,"rmod:firstchargereward":0,"reliquary:MedicineBall":5,"GodSword6":7,"jedi:maincommand":0,"DaveBox":0,"MostiFishMod:Haymaker":0,"Mango":5,"Blue Doll":7,"Juzu Bracelet":3,"jedi:command_boss":6,"Gensokyo:Justice":5,"testmod-BouquetWithThorns":0,"testmod-Charity":7,"conspire:InfiniteJournal":1,"ClockworkSouvenir":7,"reliquary:TridentHead":7,"Replay:Bandana":5,"Tiny Chest":11,"reliquary:RadioactivePellet":5,"BirthdayGift-Tetrahedron":7,"m_SerpentRing":7,"jedi:command_common":2,"jedi:command_uncommon":4,"Inserter":6,"AT_BladeRuinedKing":7,"The Courier":7,"Baka":1,"testmod-TurbochargingSystem":7,"Frozen Egg 2":4,"testmod-IndustrialRevolution":7,"KyoryuNoHagoromo":11,"Hololive_LightStick":5,"SynthV:TestCard":1,"LetterFromLob":2,"jedi:command_shop":7,"reliquary:PurpleTingedLeaf":7,"REME_ComplimentaryCards":0,"RuthlessExorcism:ReiMu":10},{"Ice Cream":26,"AT_ATBox":0,"reliquary:PartyBalloon":26,"jedi:command_rare":0,"Whetstone":26,"AT_ArchangelStaff":7,"reliquary:FerryPass":7,"replay:Trail_Library":0,"testmod-TestBox":0,"GoodDreamPillow":30,"Dodecahedron":26,"aspiration:Nostalgia":26,"ChestCloth":26,"reliquary:TatteredRug":26,"testmod-HarvestTotem":29,"reliquary:WeakTea":30,"War Paint":26,"VampireTeeth":15,"reliquary:JackalopeAntler":26,"jedi:heavyjacket":21,"reliquary:PorcupineQuills":26,"BionicSphere":0,"Simple Rune":26,"reliquary:BallBearing":26,"reliquary:SculptingSteel":26,"rmod:firstchargereward":0,"reliquary:MedicineBall":21,"GodSword6":26,"jedi:maincommand":0,"DaveBox":0,"MostiFishMod:Haymaker":0,"Mango":21,"Blue Doll":26,"Juzu Bracelet":10,"jedi:command_boss":25,"Gensokyo:Justice":21,"testmod-BouquetWithThorns":0,"testmod-Charity":26,"conspire:InfiniteJournal":3,"ClockworkSouvenir":26,"reliquary:TridentHead":26,"Replay:Bandana":16,"Tiny Chest":34,"reliquary:RadioactivePellet":21,"BirthdayGift-Tetrahedron":26,"m_SerpentRing":26,"jedi:command_common":7,"jedi:command_uncommon":15,"Inserter":25,"AT_BladeRuinedKing":26,"The Courier":26,"Baka":3,"testmod-TurbochargingSystem":26,"Frozen Egg 2":15,"testmod-IndustrialRevolution":26,"KyoryuNoHagoromo":34,"Hololive_LightStick":21,"SynthV:TestCard":3,"LetterFromLob":7,"jedi:command_shop":26,"reliquary:PurpleTingedLeaf":26,"REME_ComplimentaryCards":0,"RuthlessExorcism:ReiMu":32}]},"card_choices":[{"not_picked":["SunBlade_Black","ReplayTheSpireMod:Trickstab","rmod:unsinkable","rmod:smokecover"],"picked":"Hololive_CallKiryuuCoco+1","floor":6.0},{"not_picked":["REME_EyeOfCthun","REME_AllRoundStrike","testmod-TradeIn","REME_HeartOfCthun"],"picked":"MostiFishMod:JungleRules","floor":7.0},{"not_picked":["Hololive_ManjiGathering","Hololive_Drill","Hololive_CallAkaiHaato+1","hierophant:Kindle"],"picked":"Mark_Black+1","floor":7.0},{"not_picked":["testmod-Arrangement","The Bomb","Brilliance_Black","testmod-ChaoticCore+1"],"picked":"AT_EmpoweredMortalDraw","floor":16.0},{"not_picked":["Mayhem+1","testmod-ChaoticCore+1","Hololive_Rebirth","testmod-Dream"],"picked":"Stick_Black+1","floor":33.0},{"not_picked":["FlashPuncture_Black","hierophant:ThreeLashes+1","testmod-Collector","rmod:luckystar"],"picked":"hierophant:RustyCrate+1","floor":41},{"not_picked":["Discovery","Hololive_DiamondStrike","rmod:unsinkable","Hidden Blade+1"],"picked":"Guard_Black","floor":42}],"player_experience":285226,"relics_obtained":[{"floor":1.0,"key":"jedi:command_rare"},{"floor":1.0,"key":"Baka"},{"floor":1.0,"key":"SynthV:TestCard"},{"floor":2.0,"key":"jedi:command_common"},{"floor":2.0,"key":"LetterFromLob"},{"floor":3.0,"key":"jedi:command_common"},{"floor":4.0,"key":"jedi:command_common"},{"floor":6.0,"key":"jedi:command_rare"},{"floor":6.0,"key":"jedi:command_uncommon"},{"floor":7.0,"key":"jedi:command_common"},{"floor":8.0,"key":"jedi:command_uncommon"},{"floor":9.0,"key":"jedi:command_common"},{"floor":18.0,"key":"jedi:command_common"},{"floor":26.0,"key":"jedi:command_common"},{"floor":27.0,"key":"jedi:command_common"},{"floor":35.0,"key":"jedi:command_common"},{"floor":41,"key":"jedi:command_common"},{"floor":42,"key":"jedi:command_common"},{"floor":43,"key":"jedi:command_rare"}],"event_choices":[{"damage_healed":0.0,"max_hp_gain":0.0,"max_hp_loss":0.0,"gold_gain":0.0,"event_name":"Wheel of Change","player_choice":"Full Heal","floor":19.0,"gold_loss":0.0,"damage_taken":0.0},{"damage_healed":0.0,"max_hp_gain":0.0,"max_hp_loss":0.0,"gold_gain":0.0,"event_name":"给自己的盒子","player_choice":"Swap Relic","floor":20.0,"relics_lost":["DaveBox"],"gold_loss":0.0,"damage_taken":0.0,"relics_obtained":["DaveBox"]},{"damage_healed":0.0,"max_hp_gain":0.0,"max_hp_loss":0.0,"gold_gain":0.0,"cards_transformed":["Mark_Black"],"event_name":"Transmorgrifier","player_choice":"Transformed","floor":22.0,"gold_loss":0.0,"damage_taken":0.0,"cards_obtained":["REME_WheelOfFate"]},{"damage_healed":0.0,"max_hp_gain":0.0,"max_hp_loss":0.0,"gold_gain":0.0,"event_name":"Drug Dealer","player_choice":"Obtain J.A.X.","floor":30.0,"gold_loss":0.0,"damage_taken":0.0,"cards_obtained":["J.A.X."]},{"damage_healed":0,"gold_gain":400,"player_choice":"Sell","damage_taken":0,"max_hp_gain":0,"max_hp_loss":0,"event_name":"恩洛斯的盘子","floor":45,"relics_lost":["REME_ComplimentaryCards"],"gold_loss":0}],"is_beta":false,"boss_relics":[{"not_picked":["jedi:command_boss","jedi:command_boss"],"picked":"jedi:command_boss"},{"not_picked":["jedi:command_boss","jedi:command_boss"],"picked":"jedi:command_boss"}],"items_purged_floors":[21,28],"is_endless":true,"potions_floor_spawned":[1,4,6,16,18,42],"ascension_level":0}}