{"host":"su4bqgzf8ryjohfr","time":1613593378,"event":{"mods":["BaseMod","Highlight Path","Minty Spire (QoL Compilation)"],"gold_per_floor":[118,1073,1073,1073,2255,2267,2267,2267,2267,2267,2286,2286,2298,2314,2314,2414,2414,2431,2431,2371,2384,2403,2428,2428,2453,2506,1830,1844,1021,1033,1045,1045,1140,1140,1157,690,709,724,739,739,774,774,774,789,802,1901,1932,1948,1948,1948,1948,1948,1240,1270,1270],"floor_reached":56,"language":"ENG","playtime":5170,"items_purged":["Defend_P","Strike_P","Defend_P","Strike_P","Strike_P","Vigilance","Eruption"],"score":1366,"play_id":"ab37483c-0811-4122-a17d-2f9c5f1afd05","local_time":"20210217152258","is_ascension_mode":false,"campfire_choices":[{"data":"DeceiveReality","floor":7,"key":"SMITH"},{"data":"ReachHeaven","floor":12,"key":"SMITH"},{"data":"DevaForm","floor":15,"key":"SMITH"},{"floor":24,"key":"RECALL"},{"data":"Vengeance","floor":32,"key":"SMITH"},{"data":"ClearTheMind","floor":40,"key":"PURGE"},{"data":"Halt","floor":42,"key":"SMITH"},{"floor":49,"key":"DIG"},{"floor":52,"key":"DIG"}],"circlet_count":0,"master_deck":["Strike_P","Defend_P","Evaluate","DeceiveReality","FollowUp","Protect","Consecrate","PathToVictory","DeceiveReality+1","JustLucky","ReachHeaven+1","Eruption","DevaForm+1","Nirvana","WindmillStrike","Establishment","WindmillStrike","FlurryOfBlows+1","EmptyFist","InnerPeace","Vengeance+1","FlurryOfBlows+1","Halt+1","BattleHymn+1","JustLucky+1","EmptyBody+1","Swivel+1","PathToVictory+1","PathToVictory+1","BattleHymn+1","SandsOfTime","MasterReality+1","Consecrate"],"relics":["PureWater","NeowsBlessing","GoldenEye","Peace Pipe","Orrery","HandDrill","Kunai","Question Card","Blood Vial","Gremlin Horn","Velvet Choker","Ornamental Fan","PreservedInsect","HornCleat","Frozen Egg 2","Medical Kit","Sundial","Matryoshka","VioletLotus","Pen Nib","Bag of Marbles","Unceasing Top","Boot","Art of War","TheAbacus","Potion Belt","Strawberry","Shovel","Bottled Flame","Bottled Lightning","Lizard Tail","Toy Ornithopter","Nunchaku"],"acts_visited":["Exordium","TheCity","TheBeyond","TheEnding"],"potions_floor_usage":[50,50,55],"damage_taken":[{"damage":0,"enemies":"Small Slimes","floor":1,"turns":1},{"damage":0,"enemies":"2 Louse","floor":6,"turns":1},{"damage":0,"enemies":"Cultist","floor":11,"turns":1},{"damage":0,"enemies":"Gremlin Gang","floor":13,"turns":3},{"damage":8,"enemies":"2 Fungi Beasts","floor":14,"turns":4},{"damage":32,"enemies":"The Guardian","floor":16,"turns":10},{"damage":3,"enemies":"3 Byrds","floor":18,"turns":6},{"damage":0,"enemies":"2 Thieves","floor":20,"turns":4},{"damage":8,"enemies":"Snecko","floor":21,"turns":5},{"damage":14,"enemies":"Sentry and Sphere","floor":22,"turns":8},{"damage":33,"enemies":"Book of Stabbing","floor":23,"turns":9},{"damage":40,"enemies":"Slavers","floor":25,"turns":6},{"damage":17,"enemies":"Snake Plant","floor":28,"turns":2},{"damage":0,"enemies":"Snecko","floor":30,"turns":2},{"damage":1,"enemies":"Cultist and Chosen","floor":31,"turns":5},{"damage":42,"enemies":"Champ","floor":33,"turns":8},{"damage":40,"enemies":"3 Darklings","floor":35,"turns":6},{"damage":13,"enemies":"Orb Walker","floor":37,"turns":4},{"damage":4,"enemies":"Transient","floor":38,"turns":5},{"damage":36,"enemies":"Sphere and 2 Shapes","floor":39,"turns":5},{"damage":37,"enemies":"Giant Head","floor":41,"turns":8},{"damage":24,"enemies":"Spire Growth","floor":44,"turns":6},{"damage":47,"enemies":"3 Darklings","floor":45,"turns":5},{"damage":113,"enemies":"Reptomancer","floor":47,"turns":4},{"damage":33,"enemies":"Sphere and 2 Shapes","floor":48,"turns":6},{"damage":127,"enemies":"Donu and Deca","floor":50,"turns":6},{"damage":43,"enemies":"Shield and Spear","floor":54,"turns":6},{"damage":383,"enemies":"The Heart","floor":55,"turns":10}],"seed_played":"-4514185231589313941","potions_obtained":[{"floor":13,"key":"BlessingOfTheForge"}],"is_trial":false,"path_per_floor":["M","$","?","?","$","M","R","?","T","?","M","R","M","M","R","B",null,"M","?","M","M","M","E","R","E","T","$","M","$","M","M","R","B",null,"M","$","M","M","M","R","E","R","T","M","M","$","E","M","R","B",null,"R","$","E","B",null],"character_chosen":"WATCHER","items_purchased":["GoldenEye","Peace Pipe","LiquidMemories","DuplicationPotion","GamblersBrew","Orrery","HandDrill","Kunai","Question Card","DeceiveReality","HornCleat","Frozen Egg 2","Halt","Medical Kit","Sundial","Matryoshka","Pen Nib","Bag of Marbles","TheAbacus","Potion Belt","Strawberry","Strength Potion","Explosive Potion","BattleHymn+1","SandsOfTime","Lizard Tail","Toy Ornithopter","Consecrate"],"campfire_rested":0,"item_purchase_floors":[2,2,2,2,2,2,5,5,5,5,27,27,27,29,29,29,36,36,46,46,46,46,46,46,46,53,53,53],"current_hp_per_floor":[72,72,65,70,70,70,70,58,58,58,60,60,62,56,56,26,77,74,74,76,69,57,26,26,64,64,64,49,49,51,52,52,12,77,37,37,26,24,44,44,9,9,9,53,8,15,52,21,21,28,84,84,84,41,261],"gold":1270,"neow_bonus":"THREE_ENEMY_KILL","is_daily":false,"chose_seed":false,"campfire_upgraded":5,"win_rate":0.0,"timestamp":1613593378,"path_taken":["M","$","?","?","$","M","R","?","T","?","?","R","?","M","R","BOSS","M","?","M","M","M","E","R","E","T","$","M","$","?","M","R","BOSS","M","$","M","M","M","R","E","R","T","M","M","$","E","M","R","BOSS","R","$","E","BOSS"],"items_purchased_type":["Relic","Relic","Potion","Potion","Potion","Relic","Relic","Relic","Relic","Card","Relic","Relic","Card","Relic","Relic","Relic","Relic","Relic","Relic","Relic","Relic","Potion","Potion","Card","Card","Relic","Relic","Card"],"build_version":"2020-12-22","purchased_purges":7,"victory":true,"max_hp_per_floor":[72,72,72,77,77,77,77,77,77,77,77,77,77,77,77,77,77,77,77,77,77,77,77,77,77,77,77,77,77,77,77,77,77,77,77,77,77,77,77,77,77,77,77,77,77,84,84,84,84,84,84,84,84,84,484],"card_choices":[{"not_picked":["JustLucky","Fasting2"],"picked":"Evaluate","floor":1},{"not_picked":["FlurryOfBlows","PathToVictory"],"picked":"DeceiveReality","floor":2},{"not_picked":["DevaForm","EmptyFist"],"picked":"FollowUp","floor":2},{"not_picked":["WindmillStrike","EmptyFist"],"picked":"Protect","floor":2},{"not_picked":["ReachHeaven","InnerPeace"],"picked":"Consecrate","floor":2},{"not_picked":["CrushJoints","CutThroughFate"],"picked":"PathToVictory","floor":2},{"not_picked":["Collect","CrushJoints","Adaptation"],"picked":"JustLucky","floor":6},{"not_picked":["Perseverance","SignatureMove","Pray"],"picked":"Nirvana","floor":11},{"not_picked":["FlyingSleeves","CrushJoints","CutThroughFate"],"picked":"ClearTheMind","floor":13},{"not_picked":["CarveReality","InnerPeace","BattleHymn"],"picked":"WindmillStrike","floor":14},{"not_picked":["DevaForm","Scrawl","ConjureBlade"],"picked":"Establishment","floor":16},{"not_picked":["Fasting2","Tantrum","PathToVictory","EmptyMind"],"picked":"SKIP","floor":18},{"not_picked":["WaveOfTheHand","FollowUp+1","JustLucky+1"],"picked":"FlurryOfBlows+1","floor":20},{"not_picked":["JustLucky","SignatureMove+1","Consecrate"],"picked":"EmptyFist","floor":21},{"not_picked":["ClearTheMind","CutThroughFate+1","FollowUp"],"picked":"InnerPeace","floor":22},{"not_picked":["ThirdEye","Fasting2+1","Brilliance"],"picked":"Vengeance","floor":23},{"not_picked":["BowlingBash+1","ThirdEye","FlyingSleeves"],"picked":"FlurryOfBlows+1","floor":25},{"not_picked":["Indignation","TalkToTheHand","SandsOfTime"],"picked":"BattleHymn+1","floor":28},{"not_picked":["Protect","PathToVictory","FlyingSleeves","FollowUp"],"picked":"SKIP","floor":30},{"not_picked":["WaveOfTheHand","Consecrate","BowlingBash","ConjureBlade"],"picked":"SKIP","floor":31},{"not_picked":["FollowUp","Perseverance","CutThroughFate+1"],"picked":"JustLucky+1","floor":35},{"not_picked":["EmptyFist+1","ClearTheMind+1","FlurryOfBlows+1"],"picked":"EmptyBody+1","floor":37},{"not_picked":["FollowUp","CarveReality","SignatureMove+1"],"picked":"Swivel+1","floor":38},{"not_picked":["Scrawl","Fasting2+1","InnerPeace+1","EmptyFist"],"picked":"SKIP","floor":39},{"not_picked":["Evaluate","JustLucky+1","WaveOfTheHand+1"],"picked":"PathToVictory+1","floor":41},{"not_picked":["CrushJoints+1","Collect","FlyingSleeves+1","EmptyFist"],"picked":"SKIP","floor":44},{"not_picked":["Perseverance+1","Nirvana+1","CrushJoints"],"picked":"PathToVictory+1","floor":45},{"not_picked":["CutThroughFate","SignatureMove+1","Swivel","Perseverance"],"picked":"SKIP","floor":47},{"not_picked":["WreathOfFlame+1","LikeWater+1","Halt"],"picked":"MasterReality+1","floor":48},{"not_picked":["FollowUp","Sanctity+1","FlyingSleeves+1","DeceiveReality"],"picked":"SKIP","floor":54}],"player_experience":96242,"relics_obtained":[{"floor":9,"key":"Gremlin Horn"},{"floor":23,"key":"Ornamental Fan"},{"floor":25,"key":"PreservedInsect"},{"floor":41,"key":"Unceasing Top"},{"floor":43,"key":"Boot"},{"floor":43,"key":"Art of War"},{"floor":47,"key":"Shovel"},{"floor":49,"key":"Bottled Flame"},{"floor":52,"key":"Bottled Lightning"},{"floor":54,"key":"Nunchaku"}],"event_choices":[{"cards_removed":["Defend_P"],"damage_healed":0,"gold_gain":0,"player_choice":"Card Removal","damage_taken":7,"max_hp_gain":0,"max_hp_loss":0,"event_name":"Golden Wing","floor":3,"gold_loss":0},{"damage_healed":0,"gold_gain":0,"player_choice":"Donut","damage_taken":0,"max_hp_gain":5,"max_hp_loss":0,"event_name":"Big Fish","floor":4,"gold_loss":0},{"damage_healed":0,"gold_gain":0,"player_choice":"Success","damage_taken":12,"relics_obtained":["Blood Vial"],"max_hp_gain":0,"max_hp_loss":0,"event_name":"Scrap Ooze","floor":8,"gold_loss":0},{"damage_healed":0,"gold_gain":0,"player_choice":"3 cards matched","damage_taken":0,"max_hp_gain":0,"max_hp_loss":0,"event_name":"Match and Keep!","floor":10,"gold_loss":0,"cards_obtained":["ReachHeaven","Eruption","DevaForm"]},{"damage_healed":0,"gold_gain":0,"player_choice":"Copied","damage_taken":0,"max_hp_gain":0,"max_hp_loss":0,"event_name":"Duplicator","floor":19,"gold_loss":0,"cards_obtained":["WindmillStrike"]}],"is_beta":false,"boss_relics":[{"not_picked":["HolyWater","Busted Crown"],"picked":"Velvet Choker"},{"not_picked":["Sozu","Coffee Dripper"],"picked":"VioletLotus"}],"items_purged_floors":[2,5,27,29,36,46,53],"is_endless":false,"potions_floor_spawned":[13,21,23,30,31,37,39,44,47],"ascension_level":0}}