{"host":"s24i4qdn722ldsyw","time":1613577315,"event":{"mods":["BaseMod","Friendly Minions","LagranYue(拉格朗·月)","Minty Spire (QoL Compilation)","SOS（斯巴?之子）","StSLib","The Alterego"],"gold_per_floor":[110,110,128,169,180,180,204,204,204,251,251,330,330,360,360,442,442,501,562,562,598,665,665,653,653,676,559,559,538,503,506,506,529,529,590,518,398,398],"floor_reached":37,"language":"ZHS","playtime":2264,"items_purged":[],"score":463,"play_id":"1df637dc-7a8b-43ec-bbf0-0926a48bf8b7","local_time":"20210217235515","is_ascension_mode":false,"campfire_choices":[{"data":"CoyoteA","floor":6,"key":"SMITH"},{"data":"Gilgamesh","floor":8,"key":"SMITH"},{"floor":11,"key":"REST"},{"floor":13,"key":"REST"},{"floor":15,"key":"REST"},{"floor":23,"key":"REST"},{"floor":25,"key":"REST"},{"floor":32,"key":"REST"}],"circlet_count":0,"master_deck":["Attack_a","Attack_a","Attack_b","Shoot","Shoot","Provocation","Defend_Dante","Defend_Dante","Defend_Dante","Defend_Dante","Redorb+1","VitalstarS","LucifercomboA+1","LucifercomboA+1","Airhike","Doubleshoot","Swordmaster","Airtrick","Lucifer","LucifercomboB","VitalstarM+1","Royaldefend","DevilstarL","Demonreform","Airhike+1","DT+1","Doubleshoot+1","VitalstarS+1"],"relics":["SSS","Combocheck","LagranYue:RandomDrawCardRelic","NeowsBlessing","Pantograph","Bottled Flame","Regal Pillow","Orichalcum","SlaversCollar","Bottled Tornado","Whetstone","Enchiridion","Red Mask","Astrolabe"],"acts_visited":["Exordium","TheCity","TheBeyond"],"potions_floor_usage":[10,10,16,22,27,29,33,33,37],"damage_taken":[{"damage":0,"enemies":"2 Louse","floor":1,"turns":1},{"damage":0,"enemies":"Cultist","floor":3,"turns":1},{"damage":0,"enemies":"Jaw Worm","floor":4,"turns":1},{"damage":10,"enemies":"Looter","floor":5,"turns":3},{"damage":59,"enemies":"Lagavulin","floor":7,"turns":5},{"damage":11,"enemies":"Gremlin Nob","floor":10,"turns":4},{"damage":31,"enemies":"3 Sentries","floor":12,"turns":5},{"damage":19,"enemies":"Large Slime","floor":14,"turns":5},{"damage":65,"enemies":"Slime Boss","floor":16,"turns":9},{"damage":5,"enemies":"Spheric Guardian","floor":18,"turns":3},{"damage":25,"enemies":"3 Byrds","floor":19,"turns":5},{"damage":41,"enemies":"Centurion and Healer","floor":21,"turns":10},{"damage":10,"enemies":"Snecko","floor":22,"turns":4},{"damage":34,"enemies":"Book of Stabbing","floor":24,"turns":4},{"damage":14,"enemies":"Chosen and Byrds","floor":27,"turns":4},{"damage":37,"enemies":"Centurion and Healer","floor":29,"turns":6},{"damage":14,"enemies":"Snecko","floor":30,"turns":5},{"damage":33,"enemies":"Masked Bandits","floor":31,"turns":4},{"damage":60,"enemies":"Champ","floor":33,"turns":8},{"damage":44,"enemies":"3 Shapes","floor":35,"turns":4},{"damage":36,"enemies":"3 Darklings","floor":36,"turns":4},{"damage":67,"enemies":"Sphere and 2 Shapes","floor":37,"turns":5}],"seed_played":"-6924325667156951387","potions_obtained":[{"floor":4,"key":"CultistPotion"},{"floor":5,"key":"ColorlessPotion"},{"floor":10,"key":"BlessingOfTheForge"},{"floor":14,"key":"BlessingOfTheForge"},{"floor":21,"key":"DuplicationPotion"},{"floor":22,"key":"EssenceOfSteel"},{"floor":24,"key":"ColorlessPotion"},{"floor":27,"key":"ColorlessPotion"},{"floor":36,"key":"Fruit Juice"}],"is_trial":false,"path_per_floor":["M","?","M","M","M","R","E","R","T","E","R","E","R","M","R","B",null,"M","M","?","M","M","R","E","R","T","M","?","M","M","?","R","B",null,"M","M","M"],"character_chosen":"DANTE","items_purchased":[],"campfire_rested":6,"item_purchase_floors":[],"current_hp_per_floor":[80,80,80,80,75,75,21,21,21,10,49,18,57,43,80,20,80,75,50,50,14,4,43,24,63,63,59,43,21,22,4,46,26,90,46,39,0,0],"gold":398,"neow_bonus":"THREE_ENEMY_KILL","is_daily":false,"chose_seed":false,"campfire_upgraded":2,"win_rate":0.0,"timestamp":1613577315,"path_taken":["M","?","M","M","M","R","E","R","T","E","R","E","R","M","R","BOSS","M","M","?","M","M","R","E","R","T","M","?","M","M","?","R","BOSS","M","M","M"],"items_purchased_type":[],"build_version":"2020-12-22","purchased_purges":0,"victory":false,"max_hp_per_floor":[80,80,80,80,80,80,80,80,80,80,80,80,80,80,80,80,80,80,80,80,80,80,80,80,80,80,90,90,90,90,90,90,90,90,90,90,95,95],"card_choices":[{"not_picked":["SSScard","DevilstarS"],"picked":"VitalstarS","floor":1},{"not_picked":["LucifercomboC","Fullhouse"],"picked":"CoyoteA","floor":3},{"not_picked":["Stinger","Straight"],"picked":"LucifercomboA","floor":4},{"not_picked":["Kick13","GilgameshcomboA"],"picked":"LucifercomboA","floor":5},{"not_picked":["Fullhouse","Royalguard"],"picked":"Gilgamesh","floor":7},{"not_picked":["Honeycombofire","CoyoteA"],"picked":"Airhike","floor":10},{"not_picked":["Royaldefend","Airhike"],"picked":"Doubleshoot","floor":12},{"not_picked":["Straight","Gilgamesh"],"picked":"Swordmaster","floor":14},{"not_picked":["Swordcombo","Weaponreturn"],"picked":"Airtrick","floor":16},{"not_picked":["Hightime","Honeycombofire","Chargeshoot"],"picked":"SKIP","floor":18},{"not_picked":["LucifercomboD","Dash1"],"picked":"Lucifer","floor":19},{"not_picked":["Fullhouse","LucifercomboA"],"picked":"LucifercomboB","floor":21},{"not_picked":["Airhike","DT+1"],"picked":"VitalstarM+1","floor":22},{"not_picked":["GilgameshcomboA","Weaponchange","Holywater"],"picked":"SKIP","floor":24},{"not_picked":["Weaponupgrade+1","Dash1"],"picked":"Rebellion+1","floor":27},{"not_picked":["LucifercomboA","CoyoteA"],"picked":"Royaldefend","floor":29},{"not_picked":["SSScard","Gunslinger"],"picked":"DevilstarL","floor":30},{"not_picked":["Airtrick","Royalguard"],"picked":"Demonreform","floor":33},{"not_picked":["Pandora+1","Chargeshoot2+1"],"picked":"VitalstarS+1","floor":35},{"not_picked":["Holywater+1","Straight","Gunstinger"],"picked":"SKIP","floor":36}],"player_experience":43122,"relics_obtained":[{"floor":7,"key":"Pantograph"},{"floor":9,"key":"Bottled Flame"},{"floor":10,"key":"Regal Pillow"},{"floor":12,"key":"Orichalcum"},{"floor":24,"key":"Bottled Tornado"},{"floor":26,"key":"Whetstone"},{"floor":28,"key":"Enchiridion"},{"floor":31,"key":"Red Mask"}],"event_choices":[{"damage_healed":0,"gold_gain":0,"player_choice":"Forge","damage_taken":0,"max_hp_gain":0,"max_hp_loss":0,"event_name":"Accursed Blacksmith","floor":2,"gold_loss":0,"cards_upgraded":["Redorb"]},{"damage_healed":0,"gold_gain":0,"player_choice":"Simplicity","damage_taken":0,"max_hp_gain":0,"max_hp_loss":0,"event_name":"Back to Basics","floor":20,"gold_loss":0,"cards_upgraded":[]},{"damage_healed":0,"gold_gain":0,"player_choice":"Obtained Book","damage_taken":16,"max_hp_gain":0,"max_hp_loss":0,"event_name":"Cursed Tome","floor":28,"gold_loss":0},{"damage_healed":0,"gold_gain":0,"player_choice":"Fought Bandits","damage_taken":0,"max_hp_gain":0,"max_hp_loss":0,"event_name":"Masked Bandits","floor":31,"gold_loss":0}],"is_beta":false,"boss_relics":[{"not_picked":["SacredBark","Runic Pyramid"],"picked":"SlaversCollar"},{"not_picked":["Coffee Dripper","Busted Crown"],"picked":"Astrolabe"}],"items_purged_floors":[],"is_endless":false,"potions_floor_spawned":[4,5,10,14,21,22,24,27,36],"killed_by":"Sphere and 2 Shapes","ascension_level":0}}