{"host":"91blwi3hgehj6ch9","time":1613574178,"event":{"mods":["2.2 Compatiblity","AchievementEnabler","BaseMod","Colored Map","DeckTracker","Keyboard Shortcuts","Minty Spire (QoL Compilation)","Permanent Neow","StSLib","SuperFastMode","everything is the same but u backflip on backflip"],"gold_per_floor":[16,26,40,40,40,61,61,85,85,116,116,1,17,17,17,147,210,234,234,234,260,170,214,114,132,132,7,7,23,41,41,41,166,166,185,35,50,50,50],"floor_reached":38,"language":"KOR","playtime":1639,"items_purged":["Strike_R","Pommel Strike","Pummel","Bash"],"score":630,"play_id":"e2be71c1-ff0d-4c6e-b561-b8ccb8fdc1c9","local_time":"20210218000258","is_ascension_mode":true,"campfire_choices":[{"data":"Wild Strike","floor":7,"key":"SMITH"},{"data":"Carnage","floor":11,"key":"SMITH"},{"data":"Armaments","floor":15,"key":"SMITH"},{"floor":28,"key":"REST"},{"floor":32,"key":"REST"}],"circlet_count":0,"master_deck":["AscendersBane","Defend_R","Defend_R","Defend_R+1","Defend_R","Pommel Strike","Second Wind","Wild Strike+1","Wild Strike","Carnage+1","Dark Embrace+1","Armaments+1","Barricade","Battle Trance","Entrench","Fire Breathing","CurseOfTheBell","Evolve"],"relics":["Burning Blood","CaptainsWheel","Golden Idol","StrikeDummy","Self Forming Clay","Tiny House","PreservedInsect","Blood Vial","Calling Bell","Happy Flower","InkBottle","Peace Pipe"],"acts_visited":["Exordium","TheCity","TheBeyond"],"potions_floor_usage":[16,16,23,35],"damage_taken":[{"damage":10,"enemies":"Jaw Worm","floor":1,"turns":5},{"damage":7,"enemies":"2 Louse","floor":2,"turns":3},{"damage":10,"enemies":"Small Slimes","floor":3,"turns":4},{"damage":9,"enemies":"Red Slaver","floor":6,"turns":5},{"damage":9,"enemies":"2 Fungi Beasts","floor":8,"turns":3},{"damage":20,"enemies":"3 Sentries","floor":10,"turns":6},{"damage":3,"enemies":"Blue Slaver","floor":13,"turns":3},{"damage":25,"enemies":"Slime Boss","floor":16,"turns":10},{"damage":15,"enemies":"Shell Parasite","floor":18,"turns":7},{"damage":45,"enemies":"Book of Stabbing","floor":23,"turns":7},{"damage":10,"enemies":"3 Byrds","floor":25,"turns":8},{"damage":2,"enemies":"Cultist and Chosen","floor":29,"turns":13},{"damage":34,"enemies":"Snecko","floor":30,"turns":8},{"damage":16,"enemies":"Automaton","floor":33,"turns":19},{"damage":52,"enemies":"3 Darklings","floor":35,"turns":9},{"damage":19,"enemies":"3 Shapes","floor":37,"turns":6},{"damage":15,"enemies":"Spire Growth","floor":38,"turns":2}],"seed_played":"1872096501189588194","potions_obtained":[{"floor":1,"key":"Swift Potion"},{"floor":8,"key":"LiquidBronze"},{"floor":14,"key":"Explosive Potion"},{"floor":17,"key":"Energy Potion"},{"floor":33,"key":"DistilledChaos"},{"floor":37,"key":"SteroidPotion"}],"is_trial":false,"path_per_floor":["M","M","M","?","?","M","R","M","T","E","R","$","M","?","R","B",null,"M","?","?","T","?","E","$","M","T","$","R","M","M","?","R","B",null,"M","$","M","M"],"character_chosen":"IRONCLAD","items_purchased":["Dark Embrace"],"campfire_rested":2,"item_purchase_floors":[12],"current_hp_per_floor":[68,67,63,63,56,53,53,50,50,36,36,36,39,39,39,20,66,57,57,57,57,57,18,18,16,16,16,39,45,19,19,42,34,68,24,24,13,0,0],"gold":50,"neow_bonus":"ONE_RARE_RELIC","is_daily":false,"chose_seed":false,"campfire_upgraded":3,"win_rate":0.0,"timestamp":1613574178,"path_taken":["M","M","M","?","?","M","R","M","T","E","R","$","M","?","R","BOSS","M","?","?","?","?","E","$","M","T","$","R","M","?","?","R","BOSS","M","$","M","M"],"items_purchased_type":["Card"],"build_version":"2020-12-22","purchased_purges":4,"victory":false,"max_hp_per_floor":[80,80,80,74,74,74,74,74,74,74,74,74,74,74,74,74,79,79,79,79,79,79,79,79,79,79,79,79,79,79,79,79,79,79,79,79,79,79,79],"card_choices":[{"not_picked":["Rupture","Clash"],"picked":"Pommel Strike","floor":1},{"not_picked":["Pommel Strike","Dark Embrace"],"picked":"Second Wind","floor":2},{"not_picked":["Clash","Iron Wave"],"picked":"Wild Strike","floor":3},{"not_picked":["Cleave","True Grit"],"picked":"Sword Boomerang","floor":6},{"not_picked":["Perfected Strike","Combust"],"picked":"Wild Strike","floor":8},{"not_picked":["Fire Breathing","Rupture"],"picked":"Carnage","floor":10},{"not_picked":["Intimidate","Warcry"],"picked":"Armaments","floor":13},{"not_picked":["Feed","Bludgeon"],"picked":"Barricade","floor":16},{"not_picked":["Flex","Dropkick"],"picked":"Battle Trance","floor":17},{"not_picked":["Clothesline","Pummel","Pommel Strike+1"],"picked":"SKIP","floor":18},{"not_picked":["Impervious","Intimidate"],"picked":"Entrench","floor":23},{"not_picked":["True Grit","Clash","Flex+1"],"picked":"SKIP","floor":25},{"not_picked":["Clash+1","True Grit","Flex"],"picked":"SKIP","floor":29},{"not_picked":["Pommel Strike","Sword Boomerang"],"picked":"Fire Breathing","floor":30},{"not_picked":["True Grit","Wild Strike"],"picked":"Evolve","floor":35},{"not_picked":["Twin Strike","Anger","Pommel Strike"],"picked":"SKIP","floor":37}],"player_experience":285493,"relics_obtained":[{"floor":9,"key":"StrikeDummy"},{"floor":10,"key":"Self Forming Clay"},{"floor":21,"key":"PreservedInsect"},{"floor":23,"key":"Blood Vial"},{"floor":34,"key":"Happy Flower"},{"floor":34,"key":"InkBottle"},{"floor":34,"key":"Peace Pipe"}],"event_choices":[{"damage_healed":0,"gold_gain":0,"player_choice":"Lose Max HP","damage_taken":0,"relics_obtained":["Golden Idol"],"max_hp_gain":0,"max_hp_loss":6,"event_name":"Golden Idol","floor":4,"gold_loss":0},{"cards_removed":["Strike_R"],"damage_healed":0,"gold_gain":0,"player_choice":"Card Removal","damage_taken":7,"max_hp_gain":0,"max_hp_loss":0,"event_name":"Golden Wing","floor":5,"gold_loss":0},{"damage_healed":0,"gold_gain":0,"player_choice":"Got Potions","damage_taken":0,"max_hp_gain":0,"max_hp_loss":0,"event_name":"Lab","floor":14,"gold_loss":0},{"damage_healed":0,"gold_gain":0,"cards_transformed":["Strike_R","Strike_R"],"player_choice":"Became Test Subject","damage_taken":0,"max_hp_gain":0,"max_hp_loss":0,"event_name":"Drug Dealer","floor":19,"gold_loss":0,"cards_obtained":["Pummel","Pommel Strike"]},{"cards_removed":["Strike_R"],"damage_healed":0,"gold_gain":0,"player_choice":"Elegance","damage_taken":0,"max_hp_gain":0,"max_hp_loss":0,"event_name":"Back to Basics","floor":20,"gold_loss":0},{"cards_removed":["Sword Boomerang"],"damage_healed":0,"gold_gain":0,"player_choice":"Upgrade and Remove","damage_taken":0,"max_hp_gain":0,"max_hp_loss":0,"event_name":"Designer","floor":22,"gold_loss":90,"cards_upgraded":["Defend_R"]}],"is_beta":false,"boss_relics":[{"not_picked":["Fusion Hammer","Runic Dome"],"picked":"Tiny House"},{"not_picked":["Sozu","Velvet Choker"],"picked":"Calling Bell"}],"items_purged_floors":[12,24,27,36],"is_endless":false,"potions_floor_spawned":[1,8,10,33,37],"killed_by":"Spire Growth","ascension_level":12}}