{"host":"fbdlh90rovbiajun","time":1613529048,"event":{"mods":["AchievementEnabler","BaseMod","Colored Map","Keyboard Shortcuts","Minty Spire (QoL Compilation)","SuperFastMode"],"gold_per_floor":[117,135,153,173,184,184,214,214,214,225,259,259,259,40,40,136,136,149,162,173,184,274,274,199,199,199,199,218,247,258,41,41,41,41],"floor_reached":33,"language":"KOR","playtime":1349,"items_purged":["Defend_B"],"score":344,"play_id":"0f139f1e-2a04-4119-984e-40be3529ba84","local_time":"20210217113048","is_ascension_mode":false,"campfire_choices":[{"data":"Streamline","floor":6,"key":"SMITH"},{"data":"Zap","floor":8,"key":"SMITH"},{"floor":15,"key":"REST"},{"data":"Coolheaded","floor":23,"key":"SMITH"},{"floor":25,"key":"REST"},{"data":"Defragment","floor":32,"key":"SMITH"}],"circlet_count":0,"master_deck":["Strike_B","Strike_B","Defend_B","Defend_B","Defend_B","Zap+1","Dualcast","Sweeping Beam","Chill","Streamline+1","Cold Snap","Coolheaded+1","Beam Cell","Hello World","Machine Learning","Compile Driver","Barrage","Self Repair","Consume","Electrodynamics","Defragment+1","Reboot"],"relics":["Cracked Core","NeowsBlessing","Odd Mushroom","Bottled Lightning","Mercury Hourglass","Juzu Bracelet","Frozen Eye","Nuclear Battery","Bottled Flame","Matryoshka"],"acts_visited":["Exordium","TheCity"],"potions_floor_usage":[11,16,29,33,33],"damage_taken":[{"damage":0,"enemies":"Jaw Worm","floor":1,"turns":1},{"damage":0,"enemies":"2 Louse","floor":2,"turns":1},{"damage":0,"enemies":"Cultist","floor":3,"turns":1},{"damage":5,"enemies":"Blue Slaver","floor":4,"turns":4},{"damage":8,"enemies":"Looter","floor":5,"turns":3},{"damage":17,"enemies":"The Mushroom Lair","floor":7,"turns":4},{"damage":7,"enemies":"Red Slaver","floor":10,"turns":3},{"damage":19,"enemies":"Gremlin Nob","floor":11,"turns":4},{"damage":0,"enemies":"Slime Boss","floor":16,"turns":5},{"damage":7,"enemies":"Shell Parasite","floor":18,"turns":4},{"damage":22,"enemies":"3 Byrds","floor":19,"turns":4},{"damage":1,"enemies":"Centurion and Healer","floor":20,"turns":6},{"damage":19,"enemies":"Snecko","floor":21,"turns":4},{"damage":0,"enemies":"Sentry and Sphere","floor":28,"turns":4},{"damage":0,"enemies":"Gremlin Leader","floor":29,"turns":7},{"damage":35,"enemies":"Snake Plant","floor":30,"turns":4},{"damage":26,"enemies":"Automaton","floor":33,"turns":4}],"seed_played":"1968322731205035300","potions_obtained":[{"floor":3,"key":"AttackPotion"},{"floor":4,"key":"AttackPotion"},{"floor":5,"key":"FairyPotion"},{"floor":11,"key":"Fire Potion"},{"floor":16,"key":"BlessingOfTheForge"},{"floor":28,"key":"AttackPotion"},{"floor":29,"key":"Block Potion"},{"floor":30,"key":"FocusPotion"}],"is_trial":false,"path_per_floor":["M","M","M","M","M","R","?","R","T","M","E","?","?","$","R","B",null,"M","M","M","M","?","R","?","R","T","?","M","E","M","$","R","B"],"character_chosen":"DEFECT","items_purchased":["Frozen Eye","Defragment","Reboot"],"campfire_rested":2,"item_purchase_floors":[14,31,31],"current_hp_per_floor":[75,75,75,70,62,62,45,45,45,38,19,19,1,1,23,23,75,68,46,45,26,14,14,14,36,36,36,43,50,22,22,22,0,0],"gold":41,"neow_bonus":"THREE_ENEMY_KILL","is_daily":false,"chose_seed":false,"campfire_upgraded":4,"win_rate":0.0,"timestamp":1613529048,"path_taken":["M","M","M","M","M","R","?","R","T","M","E","?","?","$","R","BOSS","M","M","M","M","?","R","?","R","T","?","M","E","M","$","R","BOSS"],"items_purchased_type":["Relic","Card","Card"],"build_version":"2020-12-22","purchased_purges":1,"victory":false,"max_hp_per_floor":[75,75,75,75,75,75,75,75,75,75,75,75,75,75,75,75,75,75,75,75,75,75,75,75,75,75,75,75,75,75,75,75,75,75],"card_choices":[{"not_picked":["Stack","Steam"],"picked":"Sweeping Beam","floor":1},{"not_picked":["Lockon","BootSequence","Leap"],"picked":"SKIP","floor":2},{"not_picked":["Beam Cell","Barrage"],"picked":"Chill","floor":3},{"not_picked":["Redo","Genetic Algorithm","Reprogram"],"picked":"SKIP","floor":4},{"not_picked":["Aggregate","Go for the Eyes"],"picked":"Streamline","floor":5},{"not_picked":["Hologram","Leap"],"picked":"Cold Snap","floor":7},{"not_picked":["Loop","Leap"],"picked":"Coolheaded","floor":10},{"not_picked":["Streamline","All For One"],"picked":"Beam Cell","floor":11},{"not_picked":["Thunder Strike","All For One"],"picked":"Machine Learning","floor":16},{"not_picked":["Hello World","Ball Lightning+1","Cold Snap"],"picked":"SKIP","floor":18},{"not_picked":["Tempest","Cold Snap+1"],"picked":"Compile Driver","floor":19},{"not_picked":["Scrape","Glacier+1"],"picked":"Barrage","floor":20},{"not_picked":["Compile Driver+1","Turbo"],"picked":"Self Repair","floor":21},{"not_picked":["Cold Snap","Redo"],"picked":"Electrodynamics","floor":28},{"not_picked":["Darkness","Leap","Go for the Eyes"],"picked":"SKIP","floor":29},{"not_picked":["Rebound+1","Redo","Barrage"],"picked":"SKIP","floor":30}],"player_experience":66359,"relics_obtained":[{"floor":7,"key":"Odd Mushroom"},{"floor":9,"key":"Bottled Lightning"},{"floor":11,"key":"Mercury Hourglass"},{"floor":26,"key":"Bottled Flame"},{"floor":29,"key":"Matryoshka"}],"event_choices":[{"damage_healed":0,"gold_gain":0,"player_choice":"Fought Mushrooms","damage_taken":0,"max_hp_gain":0,"max_hp_loss":0,"event_name":"Mushrooms","floor":7,"gold_loss":0},{"damage_healed":0,"gold_gain":0,"cards_transformed":["Strike_B"],"player_choice":"Change","damage_taken":0,"max_hp_gain":0,"max_hp_loss":0,"event_name":"Living Wall","floor":12,"gold_loss":0,"cards_obtained":["Hello World"]},{"damage_healed":0,"gold_gain":0,"player_choice":"Success","damage_taken":18,"relics_obtained":["Juzu Bracelet"],"max_hp_gain":0,"max_hp_loss":0,"event_name":"Scrap Ooze","floor":13,"gold_loss":0},{"damage_healed":0,"gold_gain":90,"player_choice":"GOLD ","damage_taken":12,"max_hp_gain":0,"max_hp_loss":0,"event_name":"Knowing Skull","floor":22,"potions_obtained":[],"gold_loss":0,"cards_obtained":[]},{"cards_removed":["Strike_B"],"damage_healed":0,"gold_gain":0,"player_choice":"Gave Gold","damage_taken":0,"max_hp_gain":0,"max_hp_loss":0,"event_name":"Beggar","floor":24,"gold_loss":75},{"damage_healed":0,"gold_gain":0,"player_choice":"Read","damage_taken":0,"max_hp_gain":0,"max_hp_loss":0,"event_name":"The Library","floor":27,"gold_loss":0,"cards_obtained":["Consume"]}],"is_beta":false,"boss_relics":[{"not_picked":["SlaversCollar","Runic Pyramid"],"picked":"Nuclear Battery"}],"items_purged_floors":[14],"is_endless":false,"potions_floor_spawned":[3,4,5,11,16,28,29,30],"killed_by":"Automaton","ascension_level":0}}