{"host":"og21o26alpnbwmz8","time":1613582219,"event":{"mods":["Act Like it!","Aspiration","BaseMod","Conspire","Downfall","Gensokyo","GungeonMod","Halation","Hubris","Jedi Mod","Mimic Mod","Minty Spire (QoL Compilation)","Pale of the Ancients","Reliquary","Replay The Spire","Shop Mod","Spikes Relics","StSLib","The Alterego","The Blue Laboratory","The Florist","The Poker Player","Waifu the Spire","Yuri Mod"],"gold_per_floor":[116,65,35,48,65,94,94,420,451,451,451,451,468,485,485,580,580,580,580],"floor_reached":18,"language":"ENG","playtime":506,"items_purged":[],"score":170,"play_id":"8a7528fc-5a71-4bcd-8c65-81fbcd07e682","local_time":"20210217121659","is_ascension_mode":false,"campfire_choices":[{"data":"alterego_mod:PerceptionDisorder","floor":7,"key":"SMITH"},{"data":"alterego_mod:Impale","floor":10,"key":"SMITH"},{"data":"alterego_mod:BiFurious","floor":12,"key":"SMITH"},{"data":"alterego_mod:Strike","floor":15,"key":"SMITH"}],"circlet_count":0,"master_deck":["alterego_mod:Strike","alterego_mod:Strike","alterego_mod:Strike+1","alterego_mod:Defend","alterego_mod:Defend","alterego_mod:Defend","alterego_mod:Defend","alterego_mod:Impale+1","alterego_mod:BigMeatyClaws","alterego_mod:BrynhildrsRune","alterego_mod:Stockings+1","alterego_mod:PerceptionDisorder+1","alterego_mod:BiFurious+1","alterego_mod:Antipathy"],"relics":["alterego_mod:MasochisticConstitution","reliquary:Boomerang","Old Coin","Ectoplasm"],"acts_visited":["Exordium","TheCity"],"potions_floor_usage":[6,16],"damage_taken":[{"damage":0,"enemies":"2 Louse","floor":1,"turns":5},{"damage":0,"enemies":"Cultist","floor":4,"turns":3},{"damage":5,"enemies":"Jaw Worm","floor":5,"turns":2},{"damage":15,"enemies":"Lagavulin","floor":6,"turns":9},{"damage":13,"enemies":"Gremlin Nob","floor":8,"turns":4},{"damage":0,"enemies":"Blue Slaver","floor":9,"turns":4},{"damage":4,"enemies":"Blue Slaver","floor":13,"turns":2},{"damage":28,"enemies":"Lots of Slimes","floor":14,"turns":5},{"damage":41,"enemies":"Hexaghost","floor":16,"turns":8},{"damage":3,"enemies":"3 Byrds","floor":18,"turns":1}],"seed_played":"6842912875148113488","potions_obtained":[{"floor":1,"key":"blueLaboratory:SavagePotion"},{"floor":3,"key":"sneckomod:MuddlingPotion"},{"floor":3,"key":"blueLaboratory:StoneskinPotion"},{"floor":8,"key":"Weak Potion"}],"is_trial":false,"path_per_floor":["M","$","?","M","M","E","R","E","MIM","R","?","R","M","M","R","B",null,"M"],"character_chosen":"The_Alterego","items_purchased":["alterego_mod:Stockings+1"],"campfire_rested":0,"item_purchase_floors":[2],"current_hp_per_floor":[70,70,70,70,66,52,52,40,40,40,40,40,37,45,45,5,76,73,73],"gold":580,"neow_bonus":"REMOVE_CARD","is_daily":false,"chose_seed":false,"campfire_upgraded":4,"win_rate":0.0,"timestamp":1613582219,"path_taken":["M","$","?","?","M","E","R","E","MIM","R","?","R","M","M","R","BOSS","M"],"items_purchased_type":["Card"],"build_version":"2020-12-22","purchased_purges":0,"victory":false,"max_hp_per_floor":[70,70,70,70,71,72,72,73,73,73,73,73,74,75,75,76,76,76,76],"card_choices":[{"not_picked":["alterego_mod:DustData","alterego_mod:DestructionOfProperty","alterego_mod:Complex"],"picked":"SKIP","floor":1},{"not_picked":["alterego_mod:Jiggle","alterego_mod:SuperDuperMasochism"],"picked":"alterego_mod:PerceptionDisorder","floor":4},{"not_picked":["alterego_mod:GachaTicket","alterego_mod:SuperDuperMasochism","alterego_mod:Undulate"],"picked":"SKIP","floor":5},{"not_picked":["alterego_mod:Pet","alterego_mod:Bounce","alterego_mod:BustOut"],"picked":"SKIP","floor":6},{"not_picked":["alterego_mod:Vow","alterego_mod:Belle"],"picked":"alterego_mod:BiFurious","floor":8},{"not_picked":["alterego_mod:TrashNCrash","alterego_mod:Maid","alterego_mod:Skirt"],"picked":"SKIP","floor":13},{"not_picked":["alterego_mod:Bloomers","alterego_mod:TrashNCrash","alterego_mod:Undulate"],"picked":"SKIP","floor":14},{"not_picked":["alterego_mod:TrickOrTreatment","alterego_mod:Vow"],"picked":"alterego_mod:Antipathy","floor":16}],"player_experience":303789,"relics_obtained":[{"floor":6,"key":"reliquary:Boomerang"},{"floor":8,"key":"Old Coin"}],"event_choices":[{"damage_healed":0,"gold_gain":0,"player_choice":"Bought 2 Potions","damage_taken":0,"max_hp_gain":0,"max_hp_loss":0,"event_name":"The Woman in Blue","floor":3,"gold_loss":0},{"damage_healed":0,"gold_gain":0,"player_choice":"Ignored","damage_taken":0,"max_hp_gain":0,"max_hp_loss":0,"event_name":"Liars Game","floor":11,"gold_loss":0}],"is_beta":false,"boss_relics":[{"not_picked":["hubris:Stopwatch","conspire:RunicOctahedron"],"picked":"Ectoplasm"}],"items_purged_floors":[],"is_endless":false,"potions_floor_spawned":[1,8,14],"killed_by":"3 Byrds","ascension_level":0}}