{"host":"clf2hd4adhiiw0zf","time":1613599463,"event":{"mods":["AchievementEnabler","BaseMod","Beaked The Cultist","Bestiary","Dark Map","Downfall","Gremlin Mod","Hermit","Jorbs\u0027s Wanderer Trilogy","Marisa????????","Minty Spire (QoL Compilation)","Quick Restart","Shop Mod","Spire Arcade","StSLib","The Construct","The Cursed","Wide Potions"],"gold_per_floor":[99,111,411,424,444,444,444,454,354,354,369,404,404,414,433,433,433,433],"floor_reached":16,"language":"ENG","playtime":523,"items_purged":[],"score":125,"play_id":"f193f924-f990-4598-9654-1be9c993efbf","local_time":"20210217150423","is_ascension_mode":true,"campfire_choices":[{"data":"bronze:Boost","floor":1.0,"key":"SMITH"},{"floor":6.0,"key":"RECALL"},{"data":"bronze:FineTuning","floor":9.0,"key":"SMITH"},{"data":"bronze:FineTuning","floor":13,"key":"SMITH"}],"circlet_count":0,"master_deck":["bronze:Strike","bronze:Strike","bronze:Strike","bronze:Strike","bronze:Defend","bronze:Defend","bronze:Defend","bronze:Defend","bronze:Replicate","bronze:Goto","bronze:Boost+1","bronze:Iterate","downfall:Icky","downfall:Icky","bronze:FineTuning+1","bronze:Turbo","bronze:ThunderWave","bronze:FineTuning+1","bronze:ItsAFeature","bronze:Frontload"],"relics":["bronze:BronzeCore","Turnip","downfall:HeartBlessingRed","Happy Flower"],"acts_visited":["Exordium"],"potions_floor_usage":[12,15,16],"damage_taken":[{"damage":0.0,"enemies":"Cultist","floor":2.0,"turns":3.0},{"damage":2.0,"enemies":"Jaw Worm","floor":4.0,"turns":2.0},{"damage":1.0,"enemies":"2 Louse","floor":5.0,"turns":3.0},{"damage":33.0,"enemies":"Large Slime","floor":8.0,"turns":8.0},{"damage":10,"enemies":"3 Louse","floor":11,"turns":3},{"damage":5,"enemies":"Lagavulin","floor":12,"turns":7},{"damage":10,"enemies":"2 Fungi Beasts","floor":14,"turns":3},{"damage":11,"enemies":"downfall:LooterAlt","floor":15,"turns":3},{"damage":14,"enemies":"DF_ARCHETYPE_STREAMLINE","floor":16,"turns":3}],"seed_played":"6996197462344604574","potions_obtained":[{"floor":5.0,"key":"Fruit Juice"},{"floor":8.0,"key":"Strength Potion"},{"floor":11,"key":"Energy Potion"},{"floor":14,"key":"DistilledChaos"},{"floor":15,"key":"ColorlessPotion"}],"is_trial":false,"path_per_floor":["R","M","?","M","M","R","T","M","R","?","M","E","R","M","M","B"],"character_chosen":"THE_AUTOMATON","items_purchased":[],"campfire_rested":0,"item_purchase_floors":[],"current_hp_per_floor":[70,70,70,68,79,79,79,46,46,46,36,31,31,21,10,0,0,0],"gold":433,"neow_bonus":"THREE_CARDS","is_daily":false,"chose_seed":false,"campfire_upgraded":3,"win_rate":0.0,"timestamp":1613599463,"path_taken":["R","M","?","M","M","R","T","M","R","?","?","E","R","M","M","BOSS"],"items_purchased_type":[],"build_version":"2020-12-22","purchased_purges":0,"victory":false,"max_hp_per_floor":[70,70,70,70,82,82,82,82,82,82,82,82,82,82,82,82,82,82],"card_choices":[{"not_picked":["bronze:Separator","bronze:DelayedSlice"],"picked":"bronze:Boost","floor":0.0},{"not_picked":["bronze:Turbo","bronze:Separator"],"picked":"bronze:Iterate","floor":2.0},{"not_picked":["bronze:OilSpill","bronze:Shield"],"picked":"bronze:FineTuning","floor":4.0},{"not_picked":["bronze:Separator","bronze:Constructor"],"picked":"bronze:Turbo","floor":5.0},{"not_picked":["bronze:Refactor","bronze:BugBarrage"],"picked":"bronze:ThunderWave","floor":8.0},{"not_picked":["bronze:Deprecate","bronze:DelayedSlice"],"picked":"bronze:FineTuning","floor":11},{"not_picked":["bronze:DelayedSlice","bronze:MaxOutput"],"picked":"bronze:ItsAFeature","floor":12},{"not_picked":["bronze:CutThrough","bronze:Shell"],"picked":"bronze:Frontload","floor":14},{"not_picked":["bronze:Constructor","bronze:Invalidate","bronze:WildBeam"],"picked":"SKIP","floor":15}],"player_experience":349045,"relics_obtained":[{"floor":7.0,"key":"Turnip"},{"floor":12,"key":"Happy Flower"}],"event_choices":[{"damage_healed":0,"gold_gain":0,"player_choice":"Leave","damage_taken":0,"max_hp_gain":0,"max_hp_loss":0,"event_name":"FaceTrader","floor":10,"gold_loss":0}],"is_beta":false,"boss_relics":[],"items_purged_floors":[],"is_endless":false,"potions_floor_spawned":[5,8,11,14,15],"killed_by":"DF_ARCHETYPE_STREAMLINE","ascension_level":4}}