{"host":"6hzrz31j95f2y1pa","time":1613554412,"event":{"mods":["BaseMod","Colored Map","Downfall","Minty Spire (QoL Compilation)","StSLib"],"gold_per_floor":[0,20,20,36,53,86,136,165,185,85,113,123,23,37,57,133,133,133,233,233,233,433,452,452,60,60,45,45,78,78,105,122,122,122,122],"floor_reached":33,"language":"ENG","playtime":1503,"items_purged":["hexamod:Sear"],"score":561,"play_id":"8c7c09d5-0fea-48c0-8d12-48be47f398f2","local_time":"20210217043332","is_ascension_mode":true,"campfire_choices":[{"data":"hexamod:Float","floor":1.0,"key":"SMITH"},{"floor":10,"key":"REST"},{"floor":13,"key":"REST"},{"data":"hexamod:HexaLevel","floor":18,"key":"SMITH"},{"data":"expansioncontent:StudyTheSpire","floor":26,"key":"SMITH"},{"data":"hexamod:GhostOfSpireFuture","floor":28,"key":"SMITH"},{"floor":30,"key":"REST"}],"circlet_count":0,"master_deck":["AscendersBane","hexamod:Strike","hexamod:Strike","hexamod:Strike","hexamod:Defend","hexamod:Defend","hexamod:Float+1","hexamod:FastForward","hexamod:FastForward","hexamod:GhostOfSpireFuture","hexamod:Haunt","hexamod:NightmareGuise","hexamod:SpectersWail","hexamod:ThermalTransfer","hexamod:ApocalypseNow","hexamod:GhostLash","hexamod:GhostOfSpireFuture+1","hexamod:HexaLevel+1","downfall:Haunted","expansioncontent:PrepareCrush","expansioncontent:StudyTheSpire+1","hexamod:ThermalTransfer","hexamod:RecurringNightmare"],"relics":["hexamod:UnbrokenSoul","bronze:BronzeIdol","Juzu Bracelet","downfall:HeartBlessingBlue","Sundial","downfall:HeartBlessingGreen","downfall:GremlinWheel","CaptainsWheel","Bottled Flame","Meat on the Bone"],"acts_visited":["Exordium","TheCity"],"potions_floor_usage":[6,14,31],"damage_taken":[{"damage":0.0,"enemies":"Cultist","floor":2.0,"turns":4.0},{"damage":7,"enemies":"Jaw Worm","floor":4,"turns":3},{"damage":0,"enemies":"2 Louse","floor":5,"turns":2},{"damage":11,"enemies":"Lagavulin","floor":6,"turns":6},{"damage":31,"enemies":"Gremlin Nob","floor":8,"turns":5},{"damage":0,"enemies":"Blue Slaver","floor":9,"turns":3},{"damage":5,"enemies":"Lagavulin","floor":11,"turns":6},{"damage":9,"enemies":"Exordium Wildlife","floor":12,"turns":3},{"damage":0,"enemies":"3 Louse","floor":14,"turns":3},{"damage":0,"enemies":"Large Slime","floor":15,"turns":5},{"damage":28,"enemies":"DF_ARCHETYPE_STREAMLINE","floor":16,"turns":11},{"damage":26,"enemies":"DF_ARCHETYPE_STREAMLINE","floor":19,"turns":5},{"damage":22,"enemies":"Shell Parasite","floor":23,"turns":4},{"damage":8,"enemies":"downfall:FleeingMerchant","floor":25,"turns":4},{"damage":0,"enemies":"downfall:FleeingMerchant","floor":27,"turns":4},{"damage":43,"enemies":"Book of Stabbing","floor":29,"turns":6},{"damage":43,"enemies":"Slavers","floor":31,"turns":5},{"damage":0,"enemies":"Spheric Guardian","floor":32,"turns":4},{"damage":21,"enemies":"SI_MIRROR_ARCHETYPE","floor":33,"turns":4}],"seed_played":"-8422992861555781081","potions_obtained":[{"floor":4,"key":"Energy Potion"},{"floor":5,"key":"sneckomod:MuddlingPotion"},{"floor":9,"key":"hexamod:EctoCoolerPotion"},{"floor":16,"key":"GamblersBrew"},{"floor":31,"key":"SmokeBomb"}],"is_trial":false,"path_per_floor":["R","M","?","M","M","E","T","E","M","R","E","M","R","M","M","B",null,"R","?","?","?","?","M","T","$","R","$","R","E","R","E","M","B"],"character_chosen":"THE_SPIRIT","items_purchased":["expansioncontent:PrepareCrush","expansioncontent:StudyTheSpire"],"campfire_rested":3,"item_purchase_floors":[25,25],"current_hp_per_floor":[57,57,57,50,50,39,39,8,8,39,34,25,46,46,46,18,59,59,33,33,48,48,26,26,18,73,73,73,30,51,8,20,0,0,0],"gold":122,"neow_bonus":"REMOVE_TWO","is_daily":false,"chose_seed":false,"campfire_upgraded":4,"win_rate":0.0,"timestamp":1613554412,"path_taken":["R","M","?","M","M","E","T","E","M","R","E","M","R","M","M","BOSS","R","?","?","?","?","M","T","$","R","$","R","E","R","E","M","BOSS"],"items_purchased_type":["Card","Card"],"build_version":"2020-12-22","purchased_purges":1,"victory":false,"max_hp_per_floor":[63,63,63,63,63,63,63,63,63,73,73,73,73,73,73,73,73,73,73,73,73,73,73,73,73,73,73,73,73,73,73,73,73,73,73],"card_choices":[{"not_picked":["hexamod:FlamesFromBeyond","hexamod:HauntingEcho"],"picked":"hexamod:FastForward","floor":2.0},{"not_picked":["hexamod:EtherealExpedition","hexamod:GhostShield"],"picked":"hexamod:FastForward","floor":4},{"not_picked":["hexamod:HauntingEcho","hexamod:FastForward"],"picked":"hexamod:GhostOfSpireFuture","floor":5},{"not_picked":["hexamod:TurnItUp","hexamod:FastForward"],"picked":"hexamod:Haunt","floor":6},{"not_picked":["hexamod:GhostLash","hexamod:NightmareStrike"],"picked":"hexamod:NightmareGuise","floor":8},{"not_picked":["hexamod:BurningTouch","hexamod:Rewind"],"picked":"hexamod:SpectersWail","floor":9},{"not_picked":["hexamod:FastForward","hexamod:Rewind"],"picked":"hexamod:ThermalTransfer","floor":11},{"not_picked":["hexamod:SpectersWail","hexamod:ThirdSeal"],"picked":"hexamod:ApocalypseNow","floor":12},{"not_picked":["hexamod:SpectersWail","hexamod:AdvancingGuard"],"picked":"hexamod:GhostLash","floor":14},{"not_picked":["hexamod:Hexaguard","hexamod:SwordOfDarkness"],"picked":"hexamod:GhostOfSpireFuture","floor":15},{"not_picked":["hexamod:SixthSeal","hexamod:SearingWound"],"picked":"hexamod:HexaLevel","floor":16},{"not_picked":["hexamod:ExtraCrispy","hexamod:RadiantFlame","hexamod:NecessarySacrifice"],"picked":"SKIP","floor":23},{"not_picked":["hexamod:Incineration","hexamod:NecessarySacrifice","hexamod:FastForward+1"],"picked":"SKIP","floor":25},{"not_picked":["hexamod:FourthSeal","hexamod:BacktrackSmack"],"picked":"hexamod:ThermalTransfer","floor":27},{"not_picked":["hexamod:DynamicBlow","hexamod:RainOfEmbers"],"picked":"hexamod:RecurringNightmare","floor":29},{"not_picked":["hexamod:GhostLash","hexamod:GhostOfSpireFuture","hexamod:HauntingEcho"],"picked":"SKIP","floor":31},{"not_picked":["hexamod:HauntingEcho+1","hexamod:SwordOfDarkness","hexamod:BacktrackSmack"],"picked":"SKIP","floor":32}],"player_experience":1458508,"relics_obtained":[{"floor":6,"key":"bronze:BronzeIdol"},{"floor":8,"key":"Juzu Bracelet"},{"floor":11,"key":"Sundial"},{"floor":19,"key":"downfall:GremlinWheel"},{"floor":24,"key":"CaptainsWheel"},{"floor":29,"key":"Bottled Flame"},{"floor":31,"key":"Meat on the Bone"}],"event_choices":[{"cards_removed":["hexamod:Defend"],"damage_healed":0.0,"max_hp_gain":0.0,"max_hp_loss":0.0,"gold_gain":0.0,"event_name":"Bonfire Elementals","player_choice":"Offered Basic","floor":3.0,"gold_loss":0.0,"damage_taken":0.0},{"damage_healed":15,"gold_gain":0,"player_choice":"Heal","damage_taken":0,"max_hp_gain":0,"max_hp_loss":0,"event_name":"The Library","floor":21,"gold_loss":0},{"damage_healed":55,"gold_gain":0,"player_choice":"Full Heal","damage_taken":0,"max_hp_gain":0,"max_hp_loss":0,"event_name":"Wheel of Change","floor":26,"gold_loss":0}],"is_beta":false,"boss_relics":[{"not_picked":["SlaversCollar","hexamod:IceCube"],"picked":"hexamod:UnbrokenSoul"}],"items_purged_floors":[25],"is_endless":false,"potions_floor_spawned":[4,5,9,16,29,31],"killed_by":"SI_MIRROR_ARCHETYPE","ascension_level":17}}