{"host":"y080dcqw8fj32q7d","time":1613584863,"event":{"mods":["AchievementEnabler","BaseMod","Colored Map","Colored Powertips","DeckTracker","Minty Spire (QoL Compilation)","Relic Sorter"],"gold_per_floor":[114,69,89,89,264,264,296,296,296,313,313,332,352,377,377,482,482,494,494,494,510,526,526,526],"floor_reached":23,"language":"ENG","playtime":865,"items_purged":[],"score":237,"play_id":"8bdb225a-f173-4f6e-b548-4b741a99b267","local_time":"20210217210103","is_ascension_mode":true,"campfire_choices":[{"data":"Cleave","floor":6,"key":"SMITH"},{"data":"Combust","floor":11,"key":"SMITH"},{"floor":15,"key":"RECALL"}],"circlet_count":0,"master_deck":["Bash","Cleave+1","Headbutt","Combust+1","Headbutt","Juggernaut","Clothesline","Flex","Second Wind","Juggernaut","Rupture","Sentinel","Bludgeon+1","Power Through"],"relics":["Burning Blood","NeowsBlessing","InkBottle","Vajra","Pandora\u0027s Box","Turnip"],"acts_visited":["Exordium","TheCity"],"potions_floor_usage":[13,16,23],"damage_taken":[{"damage":0,"enemies":"Cultist","floor":1,"turns":1},{"damage":0,"enemies":"Small Slimes","floor":3,"turns":1},{"damage":0,"enemies":"3 Sentries","floor":7,"turns":2},{"damage":6,"enemies":"Jaw Worm","floor":10,"turns":4},{"damage":22,"enemies":"Large Slime","floor":12,"turns":5},{"damage":9,"enemies":"Red Slaver","floor":13,"turns":5},{"damage":21,"enemies":"Lagavulin","floor":14,"turns":5},{"damage":14,"enemies":"Slime Boss","floor":16,"turns":6},{"damage":10,"enemies":"Spheric Guardian","floor":18,"turns":3},{"damage":28,"enemies":"Shell Parasite","floor":21,"turns":6},{"damage":18,"enemies":"Snecko","floor":22,"turns":4},{"damage":47,"enemies":"Book of Stabbing","floor":23,"turns":4}],"seed_played":"8983036705841773286","potions_obtained":[{"floor":1,"key":"Regen Potion"},{"floor":10,"key":"Strength Potion"},{"floor":16,"key":"BlessingOfTheForge"},{"floor":21,"key":"Explosive Potion"}],"is_trial":false,"path_per_floor":["M","$","M","?","?","R","E","?","T","M","R","M","M","E","R","B",null,"M","?","?","M","M","E"],"character_chosen":"IRONCLAD","items_purchased":["Cleave"],"campfire_rested":0,"item_purchase_floors":[2],"current_hp_per_floor":[80,80,80,80,80,80,80,80,80,80,80,64,75,60,60,52,80,76,76,76,54,42,0,0],"gold":526,"neow_bonus":"THREE_ENEMY_KILL","is_daily":false,"chose_seed":false,"campfire_upgraded":2,"win_rate":0.0,"timestamp":1613584863,"path_taken":["M","$","?","?","?","R","E","?","T","M","R","?","M","E","R","BOSS","M","?","?","M","?","E"],"items_purchased_type":["Card"],"build_version":"2020-12-22","purchased_purges":0,"victory":false,"max_hp_per_floor":[80,80,80,80,80,80,80,80,80,80,80,80,80,80,80,80,80,80,80,80,80,80,80,80],"card_choices":[{"not_picked":["Second Wind","Heavy Blade","Armaments"],"picked":"SKIP","floor":1},{"not_picked":["Perfected Strike","Clothesline","Sever Soul"],"picked":"SKIP","floor":3},{"not_picked":["Dark Embrace","Impervious"],"picked":"Headbutt","floor":7},{"not_picked":["Heavy Blade","Sword Boomerang"],"picked":"Combust","floor":10},{"not_picked":["Twin Strike","Rupture"],"picked":"Headbutt","floor":12},{"not_picked":["Flex","Dual Wield","Anger"],"picked":"SKIP","floor":13},{"not_picked":["Entrench","Shockwave","Offering"],"picked":"SKIP","floor":14},{"not_picked":["Limit Break","Offering"],"picked":"Juggernaut","floor":16},{"not_picked":["Perfected Strike","Body Slam","Bloodletting"],"picked":"SKIP","floor":18},{"not_picked":["Dropkick","Spot Weakness+1","True Grit"],"picked":"SKIP","floor":21},{"not_picked":["Anger","Wild Strike","Body Slam"],"picked":"SKIP","floor":22}],"player_experience":324615,"relics_obtained":[{"floor":7,"key":"InkBottle"},{"floor":14,"key":"Vajra"}],"event_choices":[{"cards_removed":["Strike_R"],"damage_healed":0,"gold_gain":0,"player_choice":"Forget","damage_taken":0,"max_hp_gain":0,"max_hp_loss":0,"event_name":"Living Wall","floor":4,"gold_loss":0},{"damage_healed":0,"gold_gain":175,"player_choice":"AGREE","damage_taken":0,"max_hp_gain":0,"max_hp_loss":0,"event_name":"Liars Game","floor":5,"gold_loss":0,"cards_obtained":["Doubt"]},{"cards_removed":["Doubt"],"damage_healed":0,"gold_gain":0,"player_choice":"Purged","damage_taken":0,"max_hp_gain":0,"max_hp_loss":0,"event_name":"Purifier","floor":8,"gold_loss":0},{"damage_healed":0,"gold_gain":0,"player_choice":"Opened","damage_taken":0,"relics_obtained":["Turnip"],"max_hp_gain":0,"max_hp_loss":0,"event_name":"The Mausoleum","floor":19,"gold_loss":0},{"damage_healed":0,"gold_gain":0,"player_choice":"Upgraded","damage_taken":0,"max_hp_gain":0,"max_hp_loss":0,"event_name":"Upgrade Shrine","floor":20,"gold_loss":0,"cards_upgraded":["Bludgeon"]}],"is_beta":false,"boss_relics":[{"not_picked":["Empty Cage","Philosopher\u0027s Stone"],"picked":"Pandora\u0027s Box"}],"items_purged_floors":[],"is_endless":false,"potions_floor_spawned":[1,10,16,21],"killed_by":"Book of Stabbing","ascension_level":1}}