{"host":"x52zk6e1f2bye2h7","time":1613570035,"event":{"mods":["AchievementEnabler","BaseMod","Highlight Path","Minty Spire (QoL Compilation)","everything is the same but u backflip on backflip"],"gold_per_floor":[110,126,126,76,1,39,39,52,52,90,115,146,167,167,167],"floor_reached":14,"language":"ENG","playtime":690,"items_purged":["Defend_R"],"score":121,"play_id":"f72938c2-28d3-4040-abf3-b8a1d6dc9c0f","local_time":"20210217135355","is_ascension_mode":true,"campfire_choices":[{"floor":7,"key":"REST"}],"circlet_count":0,"master_deck":["Strike_R","Strike_R","Strike_R","Strike_R","Defend_R","Defend_R","Defend_R","Bash","Armaments","Dual Wield","Metallicize","Body Slam","Shrug It Off"],"relics":["Burning Blood","Golden Idol","Unceasing Top","Kunai","Bottled Lightning","Bag of Preparation"],"acts_visited":["Exordium"],"potions_floor_usage":[6,10,12],"damage_taken":[{"damage":4,"enemies":"Jaw Worm","floor":1,"turns":5},{"damage":1,"enemies":"Small Slimes","floor":2,"turns":4},{"damage":49,"enemies":"3 Sentries","floor":6,"turns":14},{"damage":4,"enemies":"2 Louse","floor":8,"turns":4},{"damage":27,"enemies":"Lagavulin","floor":10,"turns":8},{"damage":2,"enemies":"2 Fungi Beasts","floor":11,"turns":5},{"damage":3,"enemies":"3 Sentries","floor":12,"turns":11},{"damage":17,"enemies":"Looter","floor":13,"turns":3},{"damage":19,"enemies":"Gremlin Nob","floor":14,"turns":3}],"seed_played":"1586471805957331415","potions_obtained":[{"floor":1,"key":"Energy Potion"},{"floor":8,"key":"HeartOfIron"},{"floor":10,"key":"SkillPotion"},{"floor":13,"key":"Explosive Potion"}],"is_trial":false,"path_per_floor":["M","M","?","?","$","E","R","M","T","E","M","E","M","E"],"character_chosen":"IRONCLAD","items_purchased":[],"campfire_rested":1,"item_purchase_floors":[],"current_hp_per_floor":[80,80,60,60,60,17,41,43,43,22,26,29,18,0,0],"gold":167,"neow_bonus":"THREE_CARDS","is_daily":false,"chose_seed":false,"campfire_upgraded":0,"win_rate":0.0,"timestamp":1613570035,"path_taken":["M","M","?","?","$","E","R","M","T","E","M","E","M","E"],"items_purchased_type":[],"build_version":"2020-12-22","purchased_purges":1,"victory":false,"max_hp_per_floor":[80,80,80,80,80,80,80,80,80,80,80,80,80,80,80],"card_choices":[{"not_picked":["Sword Boomerang","Reckless Charge"],"picked":"Armaments","floor":0},{"not_picked":["Heavy Blade","Sentinel"],"picked":"Dual Wield","floor":1},{"not_picked":["Armaments","Entrench","Wild Strike"],"picked":"SKIP","floor":2},{"not_picked":["Spot Weakness","Heavy Blade","Power Through"],"picked":"SKIP","floor":6},{"not_picked":["True Grit","Thunderclap"],"picked":"Metallicize","floor":8},{"not_picked":["Clash","Blood for Blood"],"picked":"Body Slam","floor":10},{"not_picked":["Armaments","Dark Embrace","Burning Pact"],"picked":"SKIP","floor":11},{"not_picked":["Shockwave","Clash"],"picked":"Shrug It Off","floor":12},{"not_picked":["Clash","Bludgeon","Shrug It Off"],"picked":"SKIP","floor":13}],"player_experience":133375,"relics_obtained":[{"floor":6,"key":"Unceasing Top"},{"floor":9,"key":"Kunai"},{"floor":10,"key":"Bottled Lightning"},{"floor":12,"key":"Bag of Preparation"}],"event_choices":[{"damage_healed":0,"gold_gain":0,"player_choice":"Take Damage","damage_taken":20,"relics_obtained":["Golden Idol"],"max_hp_gain":0,"max_hp_loss":0,"event_name":"Golden Idol","floor":3,"gold_loss":0},{"cards_removed":["Strike_R"],"damage_healed":0,"gold_gain":0,"player_choice":"Card Removal","damage_taken":0,"max_hp_gain":0,"max_hp_loss":0,"event_name":"The Cleric","floor":4,"gold_loss":50}],"is_beta":false,"boss_relics":[],"items_purged_floors":[5],"is_endless":false,"potions_floor_spawned":[1,8,10,13],"killed_by":"Gremlin Nob","ascension_level":2}}