{"host":"cyiefo55v5hz1ih5","time":1613536101,"event":{"mods":["2.2 Compatiblity","AchievementEnabler","BaseMod","Downfall","GifTheSpireLib","Hubris","Minty Spire (QoL Compilation)","Reliquary","Replay The Spire","Spicy Shops","StSLib","The Marked"],"gold_per_floor":[99,99,99,99,24,372,398,432,454,454,487,517,517,541,556,556,556,556],"floor_reached":16,"language":"ENG","playtime":1099,"items_purged":["bronze:Strike"],"score":111,"play_id":"a69df0b9-7a27-4860-9464-57c0807057d3","local_time":"20210216232821","is_ascension_mode":true,"campfire_choices":[{"data":"bronze:Goto","floor":1,"key":"SMITH"},{"floor":10,"key":"REST"},{"floor":13,"key":"REST"}],"circlet_count":0,"master_deck":["bronze:Strike","bronze:Strike","bronze:Strike","bronze:Defend","bronze:Defend","bronze:Defend","bronze:Defend","bronze:Replicate+1","bronze:Goto+1","bronze:Safeguard+1","hubris:Greed","bronze:BronzeArmor","bronze:Boost","bronze:SpaghettiCode","bronze:BronzeOrb","bronze:Iterate"],"relics":["bronze:BronzeCore","downfall:HeartsMalice","Old Coin","Regal Pillow","Strawberry","ReplayTheSpireMod:Shallot"],"acts_visited":["Exordium"],"potions_floor_usage":[16],"damage_taken":[{"damage":0,"enemies":"Small Slimes","floor":2,"turns":1},{"damage":0,"enemies":"Cultist","floor":4,"turns":1},{"damage":0,"enemies":"downfall:FleeingMerchant","floor":5,"turns":1},{"damage":17,"enemies":"3 Sentries","floor":8,"turns":10},{"damage":0,"enemies":"2 Louse","floor":9,"turns":2},{"damage":49,"enemies":"Gremlin Nob","floor":11,"turns":7},{"damage":7,"enemies":"Large Slime","floor":14,"turns":8},{"damage":0,"enemies":"Lots of Slimes","floor":15,"turns":3},{"damage":26,"enemies":"DF_ARCHETYPE_STREAMLINE","floor":16,"turns":9}],"seed_played":"3442211629746199299","potions_obtained":[{"floor":8,"key":"ColorlessPotion"},{"floor":14,"key":"PowerPotion"},{"floor":15,"key":"ColorlessPotion"}],"is_trial":false,"path_per_floor":["R","M","?","M","$","?","T","E","M","R","E","?","R","M","M","B"],"character_chosen":"THE_AUTOMATON","items_purchased":[],"campfire_rested":2,"item_purchase_floors":[],"current_hp_per_floor":[70,70,70,70,70,53,53,43,43,77,28,28,66,59,59,33,33,33],"gold":556,"neow_bonus":"THREE_ENEMY_KILL","is_daily":false,"chose_seed":false,"campfire_upgraded":1,"win_rate":0.0,"timestamp":1613536101,"path_taken":["R","M","?","?","$","?","T","E","?","R","E","?","R","M","M","BOSS"],"items_purchased_type":[],"build_version":"2020-12-22","purchased_purges":1,"victory":false,"max_hp_per_floor":[70,70,70,70,70,70,70,77,77,77,77,77,77,77,77,77,77,77],"card_choices":[{"not_picked":["bronze:Separator","bronze:Frontload"],"picked":"bronze:Safeguard","floor":2},{"not_picked":["bronze:BitShift","bronze:WildBeam","bronze:Overload"],"picked":"SKIP","floor":4},{"not_picked":["bronze:Virus","bronze:DelayedGuard"],"picked":"bronze:BronzeArmor","floor":5},{"not_picked":["bronze:DelayedGuard","bronze:ItsAFeature"],"picked":"bronze:Boost","floor":6},{"not_picked":["bronze:WhirlingStrike","bronze:BugBarrage"],"picked":"bronze:SpaghettiCode","floor":8},{"not_picked":["bronze:WhirlingStrike","bronze:Overload","bronze:Branch"],"picked":"SKIP","floor":9},{"not_picked":["bronze:DarkDash","bronze:BuggyMess"],"picked":"bronze:BronzeOrb","floor":11},{"not_picked":["bronze:BitShift","bronze:NullPointer"],"picked":"bronze:Iterate","floor":14},{"not_picked":["bronze:Overheat","bronze:Fortify","bronze:Separator"],"picked":"SKIP","floor":15}],"player_experience":845819,"relics_obtained":[{"floor":6,"key":"Old Coin"},{"floor":7,"key":"Regal Pillow"},{"floor":8,"key":"Strawberry"},{"floor":11,"key":"ReplayTheSpireMod:Shallot"}],"event_choices":[],"is_beta":false,"boss_relics":[],"items_purged_floors":[5],"is_endless":false,"potions_floor_spawned":[8,14,15],"killed_by":"DF_ARCHETYPE_STREAMLINE","ascension_level":1}}