{"host":"y4fuci1jk2rsxnep","time":1613520880,"event":{"mods":["AchievementEnabler","BaseMod","Colored Powertips","Custom Start","Defuse TimeMaze Blight","Dio Mod","Downfall","Hermit","Hero for Fun","Hubris","Hunter ??","Infinite Spire","Minty Spire (QoL Compilation)","Quick Restart","Reliquary","Remove Card Discount Mod","Replay The Spire","StSLib","The Blackbeard","The Bug Knight","The Mystic","The Runesmith"],"gold_per_floor":[112,112,112,131,57,57,77,75,98,98,156,174,174,189,189,290,290,306,325,155,155,335,335,346,346,346,346,346],"floor_reached":27,"language":"ENG","playtime":2094,"items_purged":["hermit:Strike_Hermit","hermit:Strike_Hermit"],"score":221,"play_id":"89e18de9-ec57-4eb2-975f-086b5701970e","local_time":"20210217011440","is_ascension_mode":true,"campfire_choices":[{"data":"hermit:Covet","floor":6,"key":"SMITH"},{"data":"hermit:Determination","floor":10,"key":"SMITH"},{"data":"hermit:Deadeye","floor":13,"key":"SMITH"},{"data":"hermit:GhostlyPresence","floor":15,"key":"SMITH"},{"floor":23,"key":"REST"}],"circlet_count":0,"master_deck":["hermit:Strike_Hermit","hermit:Strike_Hermit","hermit:Defend_Hermit","hermit:Defend_Hermit","hermit:Defend_Hermit","hermit:Defend_Hermit","hermit:Snapshot","hermit:Covet+1","hermit:Virtue","hermit:HighCaliber","hermit:Determination+1","hermit:Deadeye+1","hermit:FatalDesire","hermit:GhostlyPresence+1","Bandage Up","hermit:LoneWolf","hermit:HighCaliber","infinitespire:Starlight","Voices"],"relics":["hermit:Momento","Pet Ghost","Strawberry","reliquary:Stiletto","infinitespire:BottledMercury","reliquary:WritOfMandamus","Cursed Key","ReplayTheSpireMod:TigerMarble"],"acts_visited":["Exordium","TheCity"],"potions_floor_usage":[11,18],"damage_taken":[{"damage":0,"enemies":"2 Louse","floor":1,"turns":2},{"damage":8,"enemies":"Small Slimes","floor":4,"turns":4},{"damage":2,"enemies":"Jaw Worm","floor":7,"turns":3},{"damage":19,"enemies":"Lagavulin Event","floor":11,"turns":6},{"damage":4,"enemies":"Blue Slaver","floor":12,"turns":4},{"damage":0,"enemies":"Gremlin Gang","floor":14,"turns":4},{"damage":30,"enemies":"Fading Forest","floor":16,"turns":11},{"damage":32,"enemies":"2 Thieves","floor":18,"turns":5},{"damage":11,"enemies":"Shell Parasite","floor":19,"turns":5},{"damage":25,"enemies":"Snake Plant","floor":24,"turns":4},{"damage":34,"enemies":"Slavers","floor":27,"turns":1}],"seed_played":"-6243459762755321430","potions_obtained":[{"floor":4,"key":"Regen Potion"},{"floor":11,"key":"DistilledChaos"},{"floor":14,"key":"Fruit Juice"},{"floor":19,"key":"GamblersBrew"},{"floor":24,"key":"Energy Potion"}],"is_trial":false,"path_per_floor":["M","?","?","M","$","R","M","$","T","R","?","M","R","M","R","B",null,"M","M","$","?","?","R","M","AVR","T","E"],"character_chosen":"HERMIT","items_purchased":["hermit:Determination","Bandage Up","hermit:LoneWolf"],"campfire_rested":1,"item_purchase_floors":[5,20,20],"current_hp_per_floor":[75,75,82,74,74,74,72,72,72,72,65,61,61,61,61,31,82,55,44,44,44,25,51,30,30,30,0,0],"gold":346,"neow_bonus":"RANDOM_COMMON_RELIC","is_daily":false,"chose_seed":false,"campfire_upgraded":4,"win_rate":0.0,"timestamp":1613520880,"path_taken":["M","?","?","M","$","R","M","$","T","R","?","M","R","M","R","BOSS","M","M","$","?","?","R","?","AVR","T","E"],"items_purchased_type":["Card","Card","Card"],"build_version":"2020-12-22","purchased_purges":2,"victory":false,"max_hp_per_floor":[75,75,82,82,82,82,82,82,82,82,82,82,82,82,82,82,82,87,87,87,87,87,87,87,87,87,87,87],"card_choices":[{"not_picked":["hermit:Coalescence","hermit:TrackingShot"],"picked":"hermit:Virtue","floor":1},{"not_picked":["hermit:Dive","hermit:Glare"],"picked":"hermit:HighCaliber","floor":4},{"not_picked":["hermit:Grudge","hermit:LuckOfTheDraw"],"picked":"hermit:Deadeye","floor":7},{"not_picked":["hermit:Roulette","hermit:WideOpen"],"picked":"hermit:FatalDesire","floor":11},{"not_picked":["hermit:ItchyTrigger","hermit:SprayPray","hermit:Maintenance"],"picked":"SKIP","floor":12},{"not_picked":["hermit:DeadMansHand","hermit:TakeAim"],"picked":"hermit:GhostlyPresence","floor":14},{"not_picked":["hermit:Roulette+1","hermit:Glare","hermit:GoldenBullet"],"picked":"SKIP","floor":18},{"not_picked":["hermit:Roulette","hermit:Shortfuse","hermit:FatalDesire"],"picked":"SKIP","floor":19},{"not_picked":["hermit:Coalescence","hermit:WideOpen"],"picked":"hermit:HighCaliber","floor":24}],"player_experience":620046,"relics_obtained":[{"floor":3,"key":"Strawberry"},{"floor":9,"key":"reliquary:Stiletto"},{"floor":26,"key":"ReplayTheSpireMod:TigerMarble"}],"event_choices":[{"damage_healed":0,"gold_gain":0,"player_choice":"Leave","damage_taken":0,"max_hp_gain":0,"max_hp_loss":0,"event_name":"The Cleric","floor":2,"gold_loss":0},{"damage_healed":0,"gold_gain":30,"player_choice":"Searched \u00273\u0027 times","damage_taken":0,"relics_obtained":["infinitespire:BottledMercury"],"max_hp_gain":0,"max_hp_loss":0,"event_name":"Dead Adventurer","floor":11,"gold_loss":0},{"damage_healed":0,"gold_gain":180,"player_choice":"GOLD GOLD ","damage_taken":19,"max_hp_gain":0,"max_hp_loss":0,"event_name":"Knowing Skull","floor":22,"potions_obtained":[],"gold_loss":0,"cards_obtained":[]}],"is_beta":false,"boss_relics":[{"not_picked":["Coffee Dripper","Kintsugi"],"picked":"reliquary:WritOfMandamus"}],"items_purged_floors":[5,8],"is_endless":false,"potions_floor_spawned":[4,11,14,19,24],"killed_by":"Slavers","ascension_level":2}}