{"host":"x05n69rv5q9mps34","time":1613534817,"event":{"mods":["AchievementEnabler","BaseMod","Colored Map","Minty Spire (QoL Compilation)","SuperFastMode"],"gold_per_floor":[115,131,206,206,218,218,253,253,333,347,359,374,374,374,374,374,374],"floor_reached":16,"language":"ENG","playtime":617,"items_purged":[],"score":112,"play_id":"bf80f433-71ee-4e57-aca9-239250a47a83","local_time":"20210217020657","is_ascension_mode":true,"campfire_choices":[{"data":"Eruption","floor":6,"key":"SMITH"},{"floor":8,"key":"REST"},{"data":"ClearTheMind","floor":15,"key":"SMITH"}],"circlet_count":0,"master_deck":["Strike_P","Strike_P","Strike_P","Strike_P","Defend_P","Defend_P","Defend_P","Defend_P","Eruption+1","Vigilance","Halt","CutThroughFate","ClearTheMind+1","FearNoEvil","Conclude","EmptyFist","Regret"],"relics":["Cursed Key","Oddly Smooth Stone","Bottled Flame","Matryoshka","Prayer Wheel"],"acts_visited":["Exordium"],"potions_floor_usage":[16],"damage_taken":[{"damage":0,"enemies":"Small Slimes","floor":1,"turns":3},{"damage":0,"enemies":"Jaw Worm","floor":2,"turns":2},{"damage":0,"enemies":"Cultist","floor":5,"turns":4},{"damage":17,"enemies":"Lagavulin","floor":7,"turns":8},{"damage":24,"enemies":"Large Slime","floor":10,"turns":5},{"damage":2,"enemies":"Looter","floor":11,"turns":2},{"damage":0,"enemies":"3 Louse","floor":12,"turns":1},{"damage":39,"enemies":"Hexaghost","floor":16,"turns":9}],"seed_played":"-152363788516667280","potions_obtained":[{"floor":11,"key":"LiquidMemories"}],"is_trial":false,"path_per_floor":["M","M","?","?","M","R","E","R","T","M","M","M","?","?","R","B"],"character_chosen":"WATCHER","items_purchased":[],"campfire_rested":1,"item_purchase_floors":[],"current_hp_per_floor":[72,72,61,61,61,61,44,65,65,41,39,39,39,39,39,0,0],"gold":374,"neow_bonus":"BOSS_RELIC","is_daily":false,"chose_seed":false,"campfire_upgraded":2,"win_rate":0.0,"timestamp":1613534817,"path_taken":["M","M","?","?","M","R","E","R","T","M","M","?","?","?","R","BOSS"],"items_purchased_type":[],"build_version":"2020-12-22","purchased_purges":0,"victory":false,"max_hp_per_floor":[72,72,72,72,72,72,72,72,72,72,72,72,72,72,72,72,72],"card_choices":[{"not_picked":["ClearTheMind","Protect"],"picked":"Halt","floor":1},{"not_picked":["SashWhip","Prostrate"],"picked":"CutThroughFate","floor":2},{"not_picked":["JustLucky","SashWhip"],"picked":"CutThroughFate","floor":5},{"not_picked":["ClearTheMind","Perseverance","Protect"],"picked":"SKIP","floor":7},{"not_picked":["Perseverance","Protect"],"picked":"ClearTheMind","floor":7},{"not_picked":["WheelKick","Scrawl"],"picked":"FearNoEvil","floor":10},{"not_picked":["Crescendo","Halt"],"picked":"Conclude","floor":11},{"not_picked":["CrushJoints","Protect"],"picked":"EmptyFist","floor":12}],"player_experience":1011811,"relics_obtained":[{"floor":7,"key":"Bottled Flame"},{"floor":9,"key":"Matryoshka"}],"event_choices":[{"damage_healed":0,"gold_gain":75,"player_choice":"Gather Gold","damage_taken":11,"max_hp_gain":0,"max_hp_loss":0,"event_name":"World of Goop","floor":3,"gold_loss":0},{"cards_removed":["CutThroughFate"],"damage_healed":0,"gold_gain":0,"player_choice":"Gave Card","damage_taken":0,"relics_obtained":["Oddly Smooth Stone"],"max_hp_gain":0,"max_hp_loss":0,"event_name":"WeMeetAgain","floor":4,"gold_loss":0},{"cards_removed":["Normality"],"damage_healed":0,"gold_gain":0,"player_choice":"Forget","damage_taken":0,"max_hp_gain":0,"max_hp_loss":0,"event_name":"Living Wall","floor":13,"gold_loss":0},{"damage_healed":0,"gold_gain":0,"player_choice":"Box","damage_taken":0,"relics_obtained":["Prayer Wheel"],"max_hp_gain":0,"max_hp_loss":0,"event_name":"Big Fish","floor":14,"gold_loss":0,"cards_obtained":["Regret"]}],"is_beta":false,"boss_relics":[],"items_purged_floors":[],"is_endless":false,"potions_floor_spawned":[11],"killed_by":"Hexaghost","ascension_level":2}}