{"host":"bc298c4gavna5tx2","time":1613534799,"event":{"mods":["ATMod(阿瑾Mod)","Act Like it!","BaseMod","Challenge The Spire","Energized Spire","Lobotomy","LobotomyExtend","Minty Spire (QoL Compilation)","MostiFishMod","Quarter Circle Forward PUNCH!","Quick Restart","Replay The Spire","Spicy Shops","StSLib","The Marked","【功能Mod】混沌之环修复补丁","【功能Mod】聪明的最终Boss","【遗物卡牌】REMEMod"],"gold_per_floor":[114,131,131,148,165,795,811,811,865,865,879,879,890,840,59,59,78,108,108,123,150,151,151],"floor_reached":10,"language":"ZHS","playtime":765,"items_purged":["theMarked:Defend"],"score":163,"play_id":"6fa9cb43-35ef-4bec-a5a9-29a5d4c6a9e9","local_time":"20210217120639","is_ascension_mode":false,"campfire_choices":[{"data":"theMarked:BanishingWave","floor":8,"key":"SMITH"},{"data":"theMarked:Reabsorb","floor":12,"key":"SMITH"},{"data":"theMarked:MysticalArsenal","floor":7,"key":"SMITH"}],"circlet_count":0,"master_deck":["theMarked:Strike","theMarked:Strike","theMarked:Defend","theMarked:Defend","theMarked:SoldierOfQuellstein","MostiFishMod:DeathFromBelow","theMarked:TunnelVision","theMarked:Improvise","theMarked:BanishingWave+1","theMarked:Overcharge","theMarked:ParalyzingBlade","theMarked:Reabsorb+1","theMarked:MysticalArsenal+1","theMarked:Polarize","theMarked:FavorableWinds","theMarked:TurnInvisible","theMarked:Levitate","Parasite"],"relics":["theMarked:ArtifactOfAir","AT_ATBox","DaveBox","REME_ComplimentaryCards","Civilization","SynthV:TestCard","AT_ChloranthyRing","qcfpunch:Not_Strongest_Fighting_Style_Guidebook","SynthV:TestCard","LetterFromLob","Pet Ghost","Toolbox","Molten Egg 2","Bronze Scales","AT_EbonyIvory","HonorFeather","ShedSkin_r"],"acts_visited":["Exordium"],"potions_floor_usage":[6,7,10,10,10],"damage_taken":[{"damage":1,"enemies":"Cultist","floor":1,"turns":3},{"damage":0,"enemies":"2 Louse","floor":2,"turns":2},{"damage":8,"enemies":"Small Slimes","floor":4,"turns":2},{"damage":0,"enemies":"Looter","floor":5,"turns":1},{"damage":1,"enemies":"3 Sentries","floor":6,"turns":2},{"damage":0,"enemies":"3 Louse","floor":7,"turns":2},{"damage":0,"enemies":"2 Fungi Beasts","floor":11,"turns":2},{"damage":0,"enemies":"Cultist","floor":1,"turns":2},{"damage":9,"enemies":"Small Slimes","floor":5,"turns":3},{"damage":0,"enemies":"Lagavulin","floor":6,"turns":3},{"damage":0,"enemies":"Jaw Worm","floor":8,"turns":1},{"damage":110,"enemies":"Jaw Worm","floor":10,"turns":3}],"seed_played":"-8976035558931691813","potions_obtained":[{"floor":2,"key":"LiquidMemories"},{"floor":5,"key":"Dexterity Potion"},{"floor":7,"key":"EntropicBrew"},{"floor":5,"key":"Explosive Potion"}],"is_trial":false,"path_per_floor":["M","M","?","M","M","E","M","R","T","?","M","R","M","M","?","$","?","M","E","R","M","T","?"],"character_chosen":"THE_DEFAULT","items_purchased":["Pet Ghost","Toolbox","Molten Egg 2","theMarked:FavorableWinds"],"campfire_rested":0,"item_purchase_floors":[3,3,3,3],"current_hp_per_floor":[72,75,80,77,82,86,91,91,91,91,96,96,111,111,111,104,100,105,105,110,110,0,0],"gold":151,"neow_bonus":"TRANSFORM_CARD","is_daily":false,"chose_seed":false,"campfire_upgraded":3,"win_rate":0.0,"timestamp":1613534799,"path_taken":["M","?","?","M","M","E","M","R","T","?","M","R","M","M","?","$","?","M","E","R","M","T","?"],"items_purchased_type":["Relic","Relic","Relic","Card"],"build_version":"2020-12-22","purchased_purges":1,"victory":false,"max_hp_per_floor":[73,76,81,86,91,96,101,101,101,101,106,106,111,111,111,111,116,121,121,126,126,131,131],"card_choices":[{"not_picked":["theMarked:TheMission","theMarked:Seal"],"picked":"theMarked:Improvise","floor":1},{"not_picked":["theMarked:Determination","theMarked:ComboAttacks","theMarked:Memento","theMarked:TakeCover"],"picked":"theMarked:BanishingWave","floor":2},{"not_picked":["theMarked:TwofoldDefense","theMarked:RepellingDischarge","theMarked:Electrify","theMarked:ElectricStrings","theMarked:TheMission"],"picked":"SKIP","floor":4},{"not_picked":["theMarked:Convert","theMarked:Parry","theMarked:Standoff","theMarked:RogueSparks"],"picked":"theMarked:Overcharge","floor":5},{"not_picked":["theMarked:TheMission","theMarked:PowerFlow","theMarked:EmpowerWeapon","theMarked:Indomitable"],"picked":"theMarked:ParalyzingBlade","floor":6},{"not_picked":["theMarked:Heritage","theMarked:EmpowerWeapon","theMarked:Improvise","theMarked:OneWithTheBlade"],"picked":"theMarked:Reabsorb","floor":7},{"not_picked":["theMarked:WastefulAttack","theMarked:RogueSparks","theMarked:WardOff","theMarked:ComboAttacks"],"picked":"theMarked:MysticalArsenal","floor":11},{"not_picked":["theMarked:TwofoldDefense","theMarked:WardOff","theMarked:ResourceFulStrike","theMarked:HeightenedSenses"],"picked":"theMarked:Polarize","floor":1},{"not_picked":["theMarked:ResourceFulStrike+1","theMarked:WastefulAttack+1","theMarked:PowerFlow","theMarked:Determination","theMarked:Memento","theMarked:Electrocute+1"],"picked":"theMarked:TurnInvisible","floor":5},{"not_picked":["theMarked:WastefulAttack+1","theMarked:EmpowerWeapon","theMarked:Frustration+1","theMarked:Overthink","theMarked:Reabsorb","theMarked:WardOff"],"picked":"theMarked:Levitate","floor":6},{"not_picked":["theMarked:Electrocute+1","theMarked:Indomitable","theMarked:Heritage","theMarked:EmpowerWeapon","theMarked:Parkour+1","theMarked:WardOff","theMarked:Memento"],"picked":"SKIP","floor":8}],"player_experience":142783,"relics_obtained":[{"floor":1,"key":"SynthV:TestCard"},{"floor":1,"key":"LetterFromLob"},{"floor":6,"key":"AT_ChloranthyRing"},{"floor":9,"key":"qcfpunch:Not_Strongest_Fighting_Style_Guidebook"},{"floor":1,"key":"SynthV:TestCard"},{"floor":1,"key":"LetterFromLob"},{"floor":6,"key":"AT_EbonyIvory"}],"event_choices":[{"damage_healed":0,"gold_gain":0,"player_choice":"Donut","damage_taken":0,"max_hp_gain":5,"max_hp_loss":0,"event_name":"Big Fish","floor":3,"gold_loss":0},{"cards_removed":["theMarked:Strike"],"damage_healed":0,"gold_gain":0,"player_choice":"Card Removal","damage_taken":0,"max_hp_gain":0,"max_hp_loss":0,"event_name":"The Cleric","floor":2,"gold_loss":50},{"cards_removed":["theMarked:Strike"],"damage_healed":0,"gold_gain":0,"player_choice":"Card Removal","damage_taken":7,"max_hp_gain":0,"max_hp_loss":0,"event_name":"Golden Wing","floor":4,"gold_loss":0}],"is_beta":false,"boss_relics":[],"items_purged_floors":[3],"is_endless":false,"potions_floor_spawned":[2,5,7,5,8,10],"killed_by":"Jaw Worm","ascension_level":0}}