{"host":"pj7egx7jkoz18hom","time":1613525830,"event":{"mods":["AchievementEnabler","BaseMod","Keyboard Shortcuts","Minty Spire (QoL Compilation)","SuperFastMode"],"gold_per_floor":[366,85,101,101,115,140,215,215,215,233,248,148,98,118,118,216,216,185,284,284,301,66,66,66,79,79,79,79,89,89,89],"floor_reached":30,"language":"KOR","playtime":2989,"items_purged":["Strike_G","Regret"],"score":275,"play_id":"aef1ea22-88ca-4fdc-bd7f-ccd6ddbddcbc","local_time":"20210217103710","is_ascension_mode":true,"campfire_choices":[{"floor":8,"key":"REST"},{"floor":15,"key":"REST"},{"floor":24,"key":"REST"},{"floor":27,"key":"REST"}],"circlet_count":0,"master_deck":["Strike_G","Strike_G","Strike_G","Strike_G","Defend_G","Defend_G","Defend_G","Defend_G","Survivor","Neutralize","Prepared","Cloak And Dagger","Cloak And Dagger","Deadly Poison","Dagger Spray","Infinite Blades","After Image","Blade Dance","Accuracy","Accuracy","Adrenaline","Backflip"],"relics":["Ring of the Serpent","Boot","Paper Crane","Orichalcum","Darkstone Periapt","Bottled Lightning","MutagenicStrength"],"acts_visited":["Exordium","TheCity"],"potions_floor_usage":[6,16,21,23],"damage_taken":[{"damage":0,"enemies":"2 Louse","floor":1,"turns":3},{"damage":0,"enemies":"Small Slimes","floor":3,"turns":3},{"damage":6,"enemies":"Jaw Worm","floor":5,"turns":4},{"damage":22,"enemies":"Gremlin Nob","floor":6,"turns":4},{"damage":8,"enemies":"Looter","floor":10,"turns":3},{"damage":0,"enemies":"Red Slaver","floor":11,"turns":3},{"damage":1,"enemies":"3 Louse","floor":14,"turns":3},{"damage":38,"enemies":"Hexaghost","floor":16,"turns":14},{"damage":24,"enemies":"2 Thieves","floor":18,"turns":5},{"damage":4,"enemies":"Spheric Guardian","floor":21,"turns":4},{"damage":27,"enemies":"Book of Stabbing","floor":23,"turns":5},{"damage":17,"enemies":"3 Cultists","floor":25,"turns":5},{"damage":24,"enemies":"Snecko","floor":29,"turns":5},{"damage":3,"enemies":"Centurion and Healer","floor":30,"turns":1}],"seed_played":"6111762130660206997","potions_obtained":[{"floor":1,"key":"ColorlessPotion"},{"floor":5,"key":"SmokeBomb"},{"floor":10,"key":"SpeedPotion"},{"floor":18,"key":"DuplicationPotion"}],"is_trial":false,"path_per_floor":["M","$","M","?","M","E","?","R","T","M","M","$","?","M","R","B",null,"M","?","?","M","$","E","R","M","T","R","?","M","M"],"character_chosen":"THE_SILENT","items_purchased":["Cloak And Dagger","Boot","Accuracy","Adrenaline"],"campfire_rested":4,"item_purchase_floors":[2,2,22,22],"current_hp_per_floor":[63,63,63,63,57,35,24,42,42,34,34,34,34,33,51,13,63,39,39,39,35,35,8,26,9,9,27,27,3,0,0],"gold":89,"neow_bonus":"TWO_FIFTY_GOLD","is_daily":false,"chose_seed":false,"campfire_upgraded":0,"win_rate":0.0,"timestamp":1613525830,"path_taken":["M","$","M","?","M","E","?","R","T","M","M","$","?","M","R","BOSS","M","?","?","M","$","E","R","M","T","R","?","?","M"],"items_purchased_type":["Card","Relic","Card","Card"],"build_version":"2020-12-22","purchased_purges":2,"victory":false,"max_hp_per_floor":[63,63,63,63,63,63,63,63,63,63,63,63,63,63,63,63,63,63,63,63,63,63,63,63,63,63,63,63,63,63,63],"card_choices":[{"not_picked":["Choke","Sucker Punch"],"picked":"Prepared","floor":1},{"not_picked":["Skewer","Prepared"],"picked":"Cloak And Dagger","floor":3},{"not_picked":["Caltrops","Acrobatics"],"picked":"Deadly Poison","floor":5},{"not_picked":["Sucker Punch","Predator","Riddle With Holes"],"picked":"SKIP","floor":6},{"not_picked":["Deadly Poison","Prepared"],"picked":"Dagger Spray","floor":10},{"not_picked":["Reflex","Sucker Punch"],"picked":"Infinite Blades","floor":11},{"not_picked":["Acrobatics","Dagger Spray","Bane"],"picked":"SKIP","floor":14},{"not_picked":["Storm of Steel","Bullet Time"],"picked":"After Image","floor":16},{"not_picked":["Slice","Backflip+1"],"picked":"Blade Dance","floor":18},{"not_picked":["Bane","Prepared","Acrobatics+1"],"picked":"SKIP","floor":21},{"not_picked":["Slice+1","Wraith Form v2","Bane+1"],"picked":"SKIP","floor":25},{"not_picked":["Choke","Bouncing Flask"],"picked":"Backflip","floor":29}],"player_experience":125631,"relics_obtained":[{"floor":6,"key":"Orichalcum"},{"floor":9,"key":"Darkstone Periapt"},{"floor":26,"key":"Bottled Lightning"}],"event_choices":[{"damage_healed":0,"gold_gain":0,"player_choice":"Box","damage_taken":0,"relics_obtained":["Paper Crane"],"max_hp_gain":0,"max_hp_loss":0,"event_name":"Big Fish","floor":4,"gold_loss":0,"cards_obtained":["Regret"]},{"damage_healed":0,"gold_gain":75,"player_choice":"Gather Gold","damage_taken":11,"max_hp_gain":0,"max_hp_loss":0,"event_name":"World of Goop","floor":7,"gold_loss":0},{"cards_removed":["Defend_G"],"damage_healed":0,"gold_gain":0,"player_choice":"Card Removal","damage_taken":0,"max_hp_gain":0,"max_hp_loss":0,"event_name":"The Cleric","floor":13,"gold_loss":50},{"damage_healed":0,"gold_gain":99,"player_choice":"Stole From Cult","damage_taken":0,"max_hp_gain":0,"max_hp_loss":0,"event_name":"Nest","floor":19,"gold_loss":0},{"damage_healed":0,"gold_gain":0,"player_choice":"Read","damage_taken":0,"max_hp_gain":0,"max_hp_loss":0,"event_name":"The Library","floor":20,"gold_loss":0,"cards_obtained":["Accuracy"]},{"damage_healed":0,"gold_gain":0,"player_choice":"Inject Mutagens","damage_taken":0,"relics_obtained":["MutagenicStrength"],"max_hp_gain":0,"max_hp_loss":0,"event_name":"Drug Dealer","floor":28,"gold_loss":0}],"is_beta":false,"boss_relics":[{"not_picked":["Fusion Hammer","Runic Dome"],"picked":"Ring of the Serpent"}],"items_purged_floors":[2,12],"is_endless":false,"potions_floor_spawned":[1,5,10,18,23],"killed_by":"Centurion and Healer","ascension_level":2}}