{"host":"5qewjvycy34u7aeo","time":1613559237,"event":{"mods":["BaseMod","Downfall","GifTheSpireLib","Hubris","Infinite Spire","Minty Spire (QoL Compilation)","Permanent Neow","Replay The Spire","StSLib","Wandering Minibosses"],"gold_per_floor":[363,383,403,419,419,419,419],"floor_reached":6,"language":"ENG","playtime":311,"items_purged":[],"score":42,"play_id":"79f21581-1410-4cb7-94e3-42c247f99286","local_time":"20210217045357","is_ascension_mode":true,"campfire_choices":[],"circlet_count":0,"master_deck":["Strike_R","Strike_R","Strike_R","Strike_R","Strike_R","Defend_R","Defend_R","Defend_R","Defend_R","Bash","Guardian:Strike_Guardian","Strike_G","Metallicize","Body Slam"],"relics":["Burning Blood"],"acts_visited":["Exordium"],"potions_floor_usage":[],"damage_taken":[{"damage":29.0,"enemies":"infinitespire:Voidling","floor":1.0,"turns":4.0},{"damage":3,"enemies":"Cultist","floor":2,"turns":4},{"damage":32,"enemies":"Jaw Worm","floor":3,"turns":8},{"damage":3,"enemies":"Red Slaver","floor":4,"turns":6},{"damage":40,"enemies":"Replay:BlueRogue","floor":6,"turns":9}],"seed_played":"-2132837847567339306","potions_obtained":[{"floor":2,"key":"Regen Potion"},{"floor":4,"key":"sneckomod:MuddlingPotion"},{"floor":5,"key":"PowerPotion"},{"floor":5,"key":"Adrenaline Potion"}],"is_trial":false,"path_per_floor":["M","M","M","M","?","E"],"character_chosen":"IRONCLAD","items_purchased":[],"campfire_rested":0,"item_purchase_floors":[],"current_hp_per_floor":[57,60,34,37,37,0,0],"gold":419,"neow_bonus":"TWO_FIFTY_GOLD","is_daily":false,"chose_seed":false,"campfire_upgraded":0,"win_rate":0.0,"timestamp":1613559237,"path_taken":["M","?","?","?","?","E"],"items_purchased_type":[],"build_version":"2020-12-22","purchased_purges":0,"victory":false,"max_hp_per_floor":[80,80,80,80,80,80,80],"card_choices":[{"not_picked":["Anger","Dropkick"],"picked":"Metallicize","floor":1.0},{"not_picked":["Carnage","Burning Pact","Massacre"],"picked":"SKIP","floor":2},{"not_picked":["Headbutt","infinitespire:OneForAll"],"picked":"Body Slam","floor":3},{"not_picked":["Sword Boomerang","hubris:ReadiedAction","hubris:CleavingFinish"],"picked":"SKIP","floor":4}],"player_experience":445145,"relics_obtained":[],"event_choices":[{"damage_healed":0,"gold_gain":0,"player_choice":"Got Potions","damage_taken":0,"max_hp_gain":0,"max_hp_loss":0,"event_name":"Lab","floor":5,"gold_loss":0}],"is_beta":false,"boss_relics":[],"items_purged_floors":[],"is_endless":false,"potions_floor_spawned":[2,4],"killed_by":"Replay:BlueRogue","ascension_level":2}}