{"host":"8eqe2o2g03nh9rfw","time":1613588618,"event":{"mods":["AchievementEnabler","AlwaysNeverKeys","BaseMod","Better Third Choice","Block Reminder","Colored Map","Colored Powertips","GifTheSpireLib","Minty Spire (QoL Compilation)","Permanent Neow","Quick Restart","StSLib","Weighted Paths"],"gold_per_floor":[116,131,131,131,306,326,326,342,342,342,342,342],"floor_reached":11,"language":"ENG","playtime":513,"items_purged":[],"score":88,"play_id":"fd3327ae-2c1d-4fbb-97a0-02d0eff50eb3","local_time":"20210217140338","is_ascension_mode":false,"campfire_choices":[{"data":"Body Slam","floor":7,"key":"SMITH"}],"circlet_count":0,"master_deck":["Strike_R","Strike_R","Strike_R","Strike_R","Strike_R","Defend_R","Defend_R","Defend_R","Defend_R","Bash","Warcry","Flame Barrier","Doubt","Body Slam+1","Anger","LessonLearned","Thunder Strike"],"relics":["Burning Blood","Regal Pillow","Anchor","Thread and Needle"],"acts_visited":["Exordium"],"potions_floor_usage":[11,11],"damage_taken":[{"damage":3,"enemies":"2 Louse","floor":1,"turns":3},{"damage":7,"enemies":"Small Slimes","floor":2,"turns":5},{"damage":18,"enemies":"Jaw Worm","floor":6,"turns":7},{"damage":25,"enemies":"Large Slime","floor":8,"turns":10},{"damage":38,"enemies":"Gremlin Nob","floor":11,"turns":4}],"seed_played":"-235379608483893526","potions_obtained":[{"floor":1,"key":"LiquidBronze"},{"floor":6,"key":"SkillPotion"}],"is_trial":false,"path_per_floor":["M","M","?","?","?","M","R","M","T","?","E"],"character_chosen":"IRONCLAD","items_purchased":[],"campfire_rested":0,"item_purchase_floors":[],"current_hp_per_floor":[96,95,88,88,88,76,76,57,57,30,0,0],"gold":342,"neow_bonus":"TWENTY_PERCENT_HP_BONUS","is_daily":false,"chose_seed":false,"campfire_upgraded":1,"win_rate":0.0,"timestamp":1613588618,"path_taken":["M","M","?","?","?","M","R","M","T","?","E"],"items_purchased_type":[],"build_version":"2020-12-22","purchased_purges":0,"victory":false,"max_hp_per_floor":[96,96,96,96,96,96,96,96,96,96,96,96],"card_choices":[{"not_picked":["Cleave","Body Slam"],"picked":"Warcry","floor":1},{"not_picked":["Perfected Strike","Whirlwind"],"picked":"Flame Barrier","floor":2},{"not_picked":["True Grit","Warcry"],"picked":"Body Slam","floor":6},{"not_picked":["Dropkick","Havoc"],"picked":"Anger","floor":8}],"player_experience":141027,"relics_obtained":[{"floor":9,"key":"Regal Pillow"}],"event_choices":[{"cards_removed":["Pain"],"damage_healed":0,"gold_gain":0,"player_choice":"Card Removal","damage_taken":7,"max_hp_gain":0,"max_hp_loss":0,"event_name":"Golden Wing","floor":3,"gold_loss":0},{"damage_healed":0,"gold_gain":0,"player_choice":"Leave","damage_taken":0,"max_hp_gain":0,"max_hp_loss":0,"event_name":"The Cleric","floor":4,"gold_loss":0},{"damage_healed":0,"gold_gain":175,"player_choice":"AGREE","damage_taken":131,"max_hp_gain":0,"max_hp_loss":0,"event_name":"betterThird:BetterSerpent","floor":5,"gold_loss":0}],"is_beta":false,"boss_relics":[],"items_purged_floors":[],"is_endless":false,"potions_floor_spawned":[1,6],"killed_by":"Gremlin Nob","ascension_level":0}}