{"host":"dyzdf8svqmiivg97","time":1613554425,"event":{"mods":["AchievementEnabler","BaseMod","Colored Map","DeckTracker","Minty Spire (QoL Compilation)","Permanent Neow","Quick Restart","Rare Cards Sparkle","SuperFastMode"],"gold_per_floor":[111,124,14,89,99,132,132,146,146,163,34,109,129,129,129,231,231,245,261,261,261,123,123,136,136,181,195,70,70,80,95,95,200,200,217,217,234,244,144,174,174,174,199,199,227,227,45,45,45,45],"floor_reached":51,"language":"KOR","playtime":1183,"items_purged":["Strike_P","Writhe","Strike_P","Defend_P"],"score":999,"play_id":"8585f1c6-b196-4d0e-a380-4e91b368efb6","local_time":"20210217183345","is_ascension_mode":true,"campfire_choices":[{"data":"Eruption","floor":7,"key":"SMITH"},{"data":"WheelKick","floor":15,"key":"SMITH"},{"data":"Ragnarok","floor":23,"key":"SMITH"},{"floor":32,"key":"REST"},{"data":"MentalFortress","floor":44,"key":"SMITH"},{"data":"TalkToTheHand","floor":46,"key":"SMITH"},{"data":"MentalFortress","floor":49,"key":"SMITH"}],"circlet_count":0,"master_deck":["Defend_P","Defend_P","Defend_P","Eruption+1","ClearTheMind","FollowUp","TalkToTheHand+1","WheelKick+1","InnerPeace","Tantrum","EmptyFist","Ragnarok+1","MentalFortress+1","CrushJoints+1","MentalFortress+1"],"relics":["HolyWater","Pear","The Courier","Shuriken","Strawberry","Bag of Preparation","Nilry\u0027s Codex","Busted Crown","TeardropLocket","Potion Belt","Pen Nib","Pantograph"],"acts_visited":["Exordium","TheCity","TheBeyond"],"potions_floor_usage":[6,16,31,33,33,35,50],"damage_taken":[{"damage":6,"enemies":"Cultist","floor":1,"turns":3},{"damage":2,"enemies":"Jaw Worm","floor":2,"turns":3},{"damage":0,"enemies":"2 Louse","floor":5,"turns":3},{"damage":17,"enemies":"Gremlin Nob","floor":6,"turns":3},{"damage":0,"enemies":"Gremlin Gang","floor":8,"turns":4},{"damage":0,"enemies":"Large Slime","floor":10,"turns":3},{"damage":0,"enemies":"2 Fungi Beasts","floor":13,"turns":2},{"damage":30,"enemies":"The Guardian","floor":16,"turns":8},{"damage":9,"enemies":"Shell Parasite","floor":18,"turns":2},{"damage":0,"enemies":"3 Byrds","floor":19,"turns":4},{"damage":0,"enemies":"3 Cultists","floor":24,"turns":2},{"damage":0,"enemies":"Snecko","floor":27,"turns":2},{"damage":3,"enemies":"Shelled Parasite and Fungi","floor":30,"turns":3},{"damage":2,"enemies":"Cultist and Chosen","floor":31,"turns":3},{"damage":8,"enemies":"Automaton","floor":33,"turns":5},{"damage":12,"enemies":"3 Shapes","floor":35,"turns":2},{"damage":18,"enemies":"3 Darklings","floor":37,"turns":3},{"damage":38,"enemies":"Maw","floor":38,"turns":3},{"damage":0,"enemies":"Giant Head","floor":40,"turns":5},{"damage":0,"enemies":"Reptomancer","floor":45,"turns":2},{"damage":53,"enemies":"Awakened One","floor":50,"turns":6}],"seed_played":"5353532207519704096","potions_obtained":[{"floor":1,"key":"FearPotion"},{"floor":5,"key":"Dexterity Potion"},{"floor":10,"key":"BottledMiracle"},{"floor":13,"key":"BottledMiracle"},{"floor":16,"key":"Swift Potion"},{"floor":19,"key":"Block Potion"},{"floor":31,"key":"BlessingOfTheForge"},{"floor":45,"key":"Energy Potion"}],"is_trial":false,"path_per_floor":["M","M","$","?","M","E","R","M","T","M","$","?","M","?","R","B",null,"M","M","?","?","$","R","M","?","T","M","$","?","M","M","R","B",null,"M","?","M","M","$","E","?","?","T","R","E","R","$","T","R","B",null],"character_chosen":"WATCHER","items_purchased":["WheelKick","InnerPeace","Tantrum","EmptyFist","MentalFortress","Bag of Preparation","MentalFortress"],"campfire_rested":1,"item_purchase_floors":[3,3,11,11,22,28,47],"current_hp_per_floor":[59,57,57,46,46,39,39,39,39,39,39,31,31,31,31,1,62,53,53,53,53,53,53,53,37,44,44,44,28,25,23,51,43,81,69,69,51,13,13,13,82,78,78,78,78,78,78,78,78,25],"gold":45,"neow_bonus":"TRANSFORM_CARD","is_daily":false,"chose_seed":false,"campfire_upgraded":6,"win_rate":0.0,"timestamp":1613554425,"path_taken":["M","M","$","?","M","E","R","M","T","M","$","?","?","?","R","BOSS","M","?","?","?","$","R","M","?","T","M","$","?","?","M","R","BOSS","M","?","M","M","$","E","?","?","T","R","E","R","$","?","R","BOSS"],"items_purchased_type":["Card","Card","Card","Card","Card","Relic","Card"],"build_version":"2020-12-22","purchased_purges":4,"victory":true,"max_hp_per_floor":[72,72,72,72,72,82,82,82,82,82,82,82,82,82,82,82,82,82,82,82,82,82,82,82,87,94,94,94,94,94,94,94,94,94,94,94,94,94,94,94,82,78,78,78,78,78,78,78,78,78],"card_choices":[{"not_picked":["Sanctity","ClearTheMind"],"picked":"FollowUp","floor":1},{"not_picked":["Crescendo","FlurryOfBlows"],"picked":"TalkToTheHand","floor":2},{"not_picked":["Consecrate","WindmillStrike","WaveOfTheHand"],"picked":"SKIP","floor":5},{"not_picked":["Blasphemy","JustLucky","Halt"],"picked":"SKIP","floor":6},{"not_picked":["Evaluate","BattleHymn","ReachHeaven"],"picked":"SKIP","floor":8},{"not_picked":["FlyingSleeves","ThirdEye","PathToVictory"],"picked":"SKIP","floor":10},{"not_picked":["Prostrate","CrushJoints","PathToVictory"],"picked":"SKIP","floor":13},{"not_picked":["DevaForm","Establishment"],"picked":"Ragnarok","floor":16},{"not_picked":["Consecrate","SashWhip","ThirdEye"],"picked":"SKIP","floor":18},{"not_picked":["SandsOfTime","SignatureMove+1","EmptyFist"],"picked":"SKIP","floor":19},{"not_picked":["Protect","JustLucky"],"picked":"CrushJoints+1","floor":24},{"not_picked":["FollowUp","Evaluate","Collect"],"picked":"SKIP","floor":27},{"not_picked":["BowlingBash","Establishment","FollowUp"],"picked":"SKIP","floor":30},{"not_picked":["FlurryOfBlows","EmptyFist","CutThroughFate"],"picked":"SKIP","floor":31},{"not_picked":["EmptyFist+1"],"picked":"SKIP","floor":35},{"not_picked":["Weave"],"picked":"SKIP","floor":37},{"not_picked":["EmptyBody"],"picked":"SKIP","floor":38},{"not_picked":["Prostrate+1"],"picked":"SKIP","floor":40},{"not_picked":["PathToVictory+1"],"picked":"SKIP","floor":45}],"player_experience":572503,"relics_obtained":[{"floor":6,"key":"Pear"},{"floor":9,"key":"The Courier"},{"floor":26,"key":"Strawberry"},{"floor":29,"key":"Nilry\u0027s Codex"},{"floor":40,"key":"TeardropLocket"},{"floor":43,"key":"Potion Belt"},{"floor":45,"key":"Pen Nib"},{"floor":48,"key":"Pantograph"}],"event_choices":[{"damage_healed":0,"gold_gain":75,"player_choice":"Gather Gold","damage_taken":11,"max_hp_gain":0,"max_hp_loss":0,"event_name":"World of Goop","floor":4,"gold_loss":0},{"damage_healed":0,"gold_gain":75,"player_choice":"Touch","damage_taken":8,"max_hp_gain":0,"max_hp_loss":0,"event_name":"FaceTrader","floor":12,"gold_loss":0},{"cards_removed":["Strike_P"],"damage_healed":0,"gold_gain":0,"player_choice":"Purged","damage_taken":0,"max_hp_gain":0,"max_hp_loss":0,"event_name":"Purifier","floor":14,"gold_loss":0},{"damage_healed":0,"gold_gain":0,"player_choice":"Ignored","damage_taken":0,"max_hp_gain":0,"max_hp_loss":0,"event_name":"Vampires","floor":20,"gold_loss":0},{"damage_healed":0,"gold_gain":0,"player_choice":"Opened","damage_taken":0,"relics_obtained":["Shuriken"],"max_hp_gain":0,"max_hp_loss":0,"event_name":"The Mausoleum","floor":21,"gold_loss":0,"cards_obtained":["Writhe"]},{"damage_healed":0,"gold_gain":0,"player_choice":"Shed Blood","damage_taken":21,"max_hp_gain":5,"max_hp_loss":0,"event_name":"Forgotten Altar","floor":25,"gold_loss":0},{"damage_healed":0,"gold_gain":0,"player_choice":"Obtained Book","damage_taken":16,"max_hp_gain":0,"max_hp_loss":0,"event_name":"Cursed Tome","floor":29,"gold_loss":0},{"cards_removed":["Vigilance"],"damage_healed":0,"gold_gain":0,"player_choice":"Removed Skill","damage_taken":0,"max_hp_gain":0,"max_hp_loss":0,"event_name":"Falling","floor":36,"gold_loss":0},{"damage_healed":82,"gold_gain":0,"player_choice":"Heal","damage_taken":0,"max_hp_gain":0,"max_hp_loss":12,"event_name":"The Moai Head","floor":41,"gold_loss":0},{"damage_healed":0,"gold_gain":0,"player_choice":"Max HP","damage_taken":0,"max_hp_gain":0,"max_hp_loss":4,"event_name":"Winding Halls","floor":42,"gold_loss":0}],"is_beta":false,"boss_relics":[{"not_picked":["Tiny House","Velvet Choker"],"picked":"HolyWater"},{"not_picked":["Snecko Eye","Fusion Hammer"],"picked":"Busted Crown"}],"items_purged_floors":[11,22,39,47],"is_endless":false,"potions_floor_spawned":[1,5,10,13,16,19,24,31,45],"ascension_level":6}}