{"host":"u4hhjc8c2w7dbcnr","time":1613582197,"event":{"mods":["BaseMod","Colored Map","Colored Powertips","Highlight Path","Minty Spire (QoL Compilation)","StSLib"],"gold_per_floor":[114,131,144,144,161,161,187,201,228,262,39,54,83,34,34,139,139,139,139,139,139,139,139,39,39,39,39,39,39,39,39,39,39,39],"floor_reached":33,"language":"ENG","playtime":1938,"items_purged":["Defend_R","Strike_R"],"score":307,"play_id":"653d4d35-66a8-456b-854d-4ad0b9cb8163","local_time":"20210218011637","is_ascension_mode":true,"campfire_choices":[{"data":"Spot Weakness","floor":6,"key":"SMITH"},{"data":"Infernal Blade","floor":15,"key":"SMITH"},{"data":"Armaments","floor":23,"key":"SMITH"},{"data":"Double Tap","floor":25,"key":"SMITH"},{"data":"Intimidate","floor":29,"key":"SMITH"},{"floor":32,"key":"REST"}],"circlet_count":0,"master_deck":["Strike_R","Strike_R","Strike_R","Strike_R","Defend_R","Defend_R","Defend_R","Bash","Pommel Strike","Shrug It Off","Spot Weakness+1","Rage","Hemokinesis","Armaments+1","Iron Wave","Inflame","Infernal Blade+1","Offering","Double Tap+1","Cleave","Intimidate+1","Demon Form"],"relics":["Burning Blood","Peace Pipe","Ancient Tea Set","Strawberry","Art of War","Potion Belt","Ectoplasm","Nilry\u0027s Codex","Omamori","NlothsMask"],"acts_visited":["Exordium","TheCity"],"potions_floor_usage":[7,13,13,16,16,21,21,33],"damage_taken":[{"damage":6,"enemies":"Cultist","floor":1,"turns":3},{"damage":5,"enemies":"Jaw Worm","floor":2,"turns":5},{"damage":0,"enemies":"2 Louse","floor":3,"turns":2},{"damage":6,"enemies":"Blue Slaver","floor":5,"turns":5},{"damage":34,"enemies":"Gremlin Nob","floor":7,"turns":4},{"damage":10,"enemies":"Red Slaver","floor":8,"turns":4},{"damage":19,"enemies":"Lagavulin","floor":10,"turns":6},{"damage":4,"enemies":"2 Fungi Beasts","floor":12,"turns":3},{"damage":8,"enemies":"3 Sentries","floor":13,"turns":3},{"damage":26,"enemies":"The Guardian","floor":16,"turns":10},{"damage":14,"enemies":"Chosen","floor":18,"turns":3},{"damage":15,"enemies":"3 Byrds","floor":19,"turns":6},{"damage":15,"enemies":"Snake Plant","floor":21,"turns":2},{"damage":2,"enemies":"Chosen and Byrds","floor":27,"turns":3},{"damage":19,"enemies":"Sentry and Sphere","floor":30,"turns":4},{"damage":17,"enemies":"Centurion and Healer","floor":31,"turns":3},{"damage":71,"enemies":"Automaton","floor":33,"turns":6}],"seed_played":"-838633919529766000","potions_obtained":[{"floor":1,"key":"PowerPotion"},{"floor":7,"key":"Dexterity Potion"},{"floor":8,"key":"Fire Potion"},{"floor":10,"key":"DuplicationPotion"},{"floor":16,"key":"Energy Potion"},{"floor":19,"key":"SteroidPotion"},{"floor":30,"key":"DistilledChaos"}],"is_trial":false,"path_per_floor":["M","M","M","?","M","R","E","M","T","E","$","M","E","$","R","B",null,"M","M","?","M","?","R","$","R","T","M","?","R","M","M","R","B"],"character_chosen":"IRONCLAD","items_purchased":["Inflame","Infernal Blade","SteroidPotion"],"campfire_rested":1,"item_purchase_floors":[11,11,14],"current_hp_per_floor":[88,88,88,88,88,88,60,56,63,50,50,52,50,50,50,30,95,87,78,62,53,34,34,34,34,34,38,38,38,25,14,44,0,0],"gold":39,"neow_bonus":"TEN_PERCENT_HP_BONUS","is_daily":false,"chose_seed":false,"campfire_upgraded":5,"win_rate":0.0,"timestamp":1613582197,"path_taken":["M","M","M","?","M","R","E","M","T","E","?","M","E","$","R","BOSS","M","M","?","M","?","R","$","R","T","M","?","R","M","M","R","BOSS"],"items_purchased_type":["Card","Card","Potion"],"build_version":"2020-12-22","purchased_purges":2,"victory":false,"max_hp_per_floor":[88,88,88,88,88,88,88,88,95,95,95,95,95,95,95,95,95,95,95,95,95,100,100,100,100,100,100,100,100,100,100,100,100,100],"card_choices":[{"not_picked":["Power Through","Body Slam"],"picked":"Pommel Strike","floor":1},{"not_picked":["Second Wind","Combust"],"picked":"Shrug It Off","floor":2},{"not_picked":["Havoc","Perfected Strike"],"picked":"Spot Weakness","floor":3},{"not_picked":["Shrug It Off","Sever Soul"],"picked":"Rage","floor":5},{"not_picked":["Clash","Corruption"],"picked":"Hemokinesis","floor":7},{"not_picked":["Flex","Burning Pact"],"picked":"Armaments","floor":8},{"not_picked":["Anger","Warcry"],"picked":"Iron Wave","floor":10},{"not_picked":["Twin Strike","Dual Wield","Rage"],"picked":"SKIP","floor":12},{"not_picked":["Armaments","Pummel"],"picked":"Offering","floor":13},{"not_picked":["Impervious","Brutality"],"picked":"Double Tap","floor":16},{"not_picked":["Shrug It Off","Inflame"],"picked":"Cleave","floor":18},{"not_picked":["Body Slam","Cleave"],"picked":"Intimidate","floor":19},{"not_picked":["Iron Wave","Warcry","Havoc"],"picked":"SKIP","floor":21},{"not_picked":["Perfected Strike","Second Wind","Shrug It Off"],"picked":"SKIP","floor":27},{"not_picked":["Sword Boomerang+1","Shockwave"],"picked":"Demon Form","floor":30},{"not_picked":["Reckless Charge","Ghostly Armor+1","Shrug It Off"],"picked":"SKIP","floor":31}],"player_experience":109997,"relics_obtained":[{"floor":4,"key":"Peace Pipe"},{"floor":7,"key":"Ancient Tea Set"},{"floor":9,"key":"Strawberry"},{"floor":10,"key":"Art of War"},{"floor":13,"key":"Potion Belt"},{"floor":20,"key":"Nilry\u0027s Codex"},{"floor":26,"key":"Omamori"}],"event_choices":[{"damage_healed":0,"gold_gain":0,"player_choice":"Relic","damage_taken":0,"max_hp_gain":0,"max_hp_loss":0,"event_name":"Wheel of Change","floor":4,"gold_loss":0},{"damage_healed":0,"gold_gain":0,"player_choice":"Obtained Book","damage_taken":16,"max_hp_gain":0,"max_hp_loss":0,"event_name":"Cursed Tome","floor":20,"gold_loss":0},{"damage_healed":0,"gold_gain":0,"player_choice":"Shed Blood","damage_taken":24,"max_hp_gain":5,"max_hp_loss":0,"event_name":"Forgotten Altar","floor":22,"gold_loss":0},{"damage_healed":0,"gold_gain":0,"player_choice":"Trade","damage_taken":0,"relics_obtained":["NlothsMask"],"max_hp_gain":0,"max_hp_loss":0,"event_name":"FaceTrader","floor":28,"gold_loss":0}],"is_beta":false,"boss_relics":[{"not_picked":["Pandora\u0027s Box","Runic Pyramid"],"picked":"Ectoplasm"}],"items_purged_floors":[11,24],"is_endless":false,"potions_floor_spawned":[1,7,8,10,16,19,30],"killed_by":"Automaton","ascension_level":1}}