{"host":"r4aerl4ckfvw1dw3","time":1613603572,"event":{"mods":["BaseMod","BetterRewards","Minty Spire (QoL Compilation)","Quick Restart","StSLib"],"gold_per_floor":[110,122,133,143,157,157,182,182,233,38,38,48,48,79,79,175,175,193,23,34,53,2,36,36,64,89,89,117,145,95,114,114,218,218,237,237,262,262,222,222,259,48,75,101,101,114,143,162,162,162,162,162,6,6,6],"floor_reached":54,"language":"ENG","playtime":5307,"items_purged":["Strike_B","Strike_B+1","Defend_B"],"score":920,"play_id":"f20501ce-13b1-43d7-8dc5-70744c677ad4","local_time":"20210217151252","is_ascension_mode":true,"campfire_choices":[{"data":"Zap","floor":6.0,"key":"SMITH"},{"floor":8.0,"key":"REST"},{"data":"Buffer","floor":15.0,"key":"SMITH"},{"floor":24.0,"key":"REST"},{"floor":32,"key":"REST"},{"floor":40,"key":"RECALL"},{"floor":45,"key":"REST"},{"floor":49,"key":"REST"},{"data":"Echo Form","floor":52,"key":"SMITH"}],"circlet_count":0,"master_deck":["Defend_B","Defend_B","Zap+1","Dualcast+1","Genetic Algorithm","Go for the Eyes","Ball Lightning+1","Chill","Gash","Sweeping Beam","Defragment","Redo","Buffer+1","Discovery","Streamline+1","Multi-Cast","Rebound+1","Beam Cell+1","White Noise+1","Defragment","Ball Lightning","Cold Snap+1","Hologram","Undo","Stack","Turbo","Auto Shields+1","Fission","Echo Form+1","Coolheaded+1","Loop+1","Buffer","Heatsinks","Seek","Conserve Battery+1"],"relics":["Cracked Core","Whetstone","Blue Candle","Astrolabe","Runic Capacitor","Orichalcum","Smiling Mask","CeramicFish","Nloth\u0027s Gift","Sozu","Mercury Hourglass","Membership Card","FossilizedHelix"],"acts_visited":["Exordium","TheCity","TheBeyond","TheEnding"],"potions_floor_usage":[31,31,41,41],"damage_taken":[{"damage":1.0,"enemies":"Cultist","floor":1.0,"turns":4.0},{"damage":2.0,"enemies":"2 Louse","floor":2.0,"turns":3.0},{"damage":0.0,"enemies":"Jaw Worm","floor":3.0,"turns":4.0},{"damage":5.0,"enemies":"Looter","floor":4.0,"turns":4.0},{"damage":8.0,"enemies":"Lots of Slimes","floor":5.0,"turns":3.0},{"damage":49.0,"enemies":"Gremlin Nob","floor":7.0,"turns":5.0},{"damage":0.0,"enemies":"3 Louse","floor":12.0,"turns":2.0},{"damage":6.0,"enemies":"Lagavulin","floor":14.0,"turns":6.0},{"damage":17.0,"enemies":"The Guardian","floor":16.0,"turns":10.0},{"damage":10.0,"enemies":"2 Thieves","floor":18.0,"turns":4.0},{"damage":11.0,"enemies":"Spheric Guardian","floor":20.0,"turns":4.0},{"damage":11.0,"enemies":"Centurion and Healer","floor":21.0,"turns":7.0},{"damage":4.0,"enemies":"Slavers","floor":23.0,"turns":5.0},{"damage":28.0,"enemies":"Gremlin Leader","floor":25.0,"turns":7.0},{"damage":18.0,"enemies":"Chosen and Byrds","floor":28.0,"turns":7.0},{"damage":9.0,"enemies":"Snake Plant","floor":29.0,"turns":4.0},{"damage":12,"enemies":"3 Cultists","floor":31,"turns":6},{"damage":0,"enemies":"Automaton","floor":33,"turns":15},{"damage":2,"enemies":"3 Shapes","floor":35,"turns":6},{"damage":10,"enemies":"3 Darklings","floor":37,"turns":6},{"damage":36,"enemies":"Reptomancer","floor":41,"turns":8},{"damage":0,"enemies":"Maw","floor":44,"turns":7},{"damage":17,"enemies":"Jaw Worm Horde","floor":46,"turns":4},{"damage":0,"enemies":"Spire Growth","floor":47,"turns":5},{"damage":11,"enemies":"4 Shapes","floor":48,"turns":5},{"damage":27,"enemies":"Time Eater","floor":50,"turns":13},{"damage":85,"enemies":"Shield and Spear","floor":54,"turns":6}],"seed_played":"-7261292591668787381","potions_obtained":[{"floor":1.0,"key":"Dexterity Potion"},{"floor":2.0,"key":"PotionOfCapacity"},{"floor":3.0,"key":"PotionOfCapacity"},{"floor":18.0,"key":"PowerPotion"},{"floor":21.0,"key":"GamblersBrew"},{"floor":23.0,"key":"Fire Potion"},{"floor":29.0,"key":"SteroidPotion"},{"floor":31,"key":"Energy Potion"},{"floor":33,"key":"Block Potion"}],"is_trial":false,"path_per_floor":["M","M","M","M","M","R","E","R","T","$","$","M","?","E","R","B",null,"M","$","M","M","$","E","R","E","T","?","M","M","$","M","R","B",null,"M","?","M","?","?","R","E","$","T","M","R","M","M","M","R","B",null,"R","$","E"],"character_chosen":"DEFECT","items_purchased":["Sweeping Beam","Defragment","Runic Capacitor","Ball Lightning","FocusPotion","Membership Card","Heatsinks","FossilizedHelix"],"campfire_rested":5,"item_purchase_floors":[10,10,19,19,22,42,42,53],"current_hp_per_floor":[81,79,79,74,66,66,17,41,41,41,41,41,41,35,35,18,82,72,72,61,50,50,46,70,42,42,42,24,15,15,3,27,27,82,80,80,70,70,70,70,34,34,34,34,58,41,41,30,54,27,82,82,82,0,0],"gold":6,"neow_bonus":"TEN_PERCENT_HP_BONUS","is_daily":false,"chose_seed":false,"campfire_upgraded":3,"win_rate":0.0,"timestamp":1613603572,"path_taken":["M","M","M","M","M","R","E","R","T","?","$","M","?","E","R","BOSS","M","$","M","M","?","E","R","E","T","?","M","?","$","?","R","BOSS","M","?","M","?","?","R","E","$","T","M","R","M","M","?","R","BOSS","R","$","E"],"items_purchased_type":["Card","Card","Relic","Card","Potion","Relic","Card","Relic"],"build_version":"2020-12-22","purchased_purges":3,"victory":false,"max_hp_per_floor":[82,82,82,82,82,82,82,82,82,82,82,82,82,82,82,82,82,82,82,82,82,82,82,82,82,82,82,82,82,82,82,82,82,82,82,82,82,82,82,82,82,82,82,82,82,82,82,82,82,82,82,82,82,82,82],"card_choices":[{"not_picked":["Blizzard","Undo"],"picked":"Genetic Algorithm","floor":1.0},{"not_picked":["Go for the Eyes","Lockon"],"picked":"Cold Snap","floor":2.0},{"not_picked":["Fusion","Coolheaded"],"picked":"Go for the Eyes","floor":3.0},{"not_picked":["Storm","White Noise"],"picked":"Ball Lightning","floor":4.0},{"not_picked":["Hologram","Double Energy"],"picked":"Chill","floor":5.0},{"not_picked":["Double Energy","Self Repair"],"picked":"Gash","floor":7.0},{"not_picked":["Compile Driver","Glacier"],"picked":"Redo","floor":12.0},{"not_picked":["Reinforced Body","Tempest"],"picked":"Streamline","floor":14.0},{"not_picked":["Amplify","Fission"],"picked":"Multi-Cast","floor":16.0},{"not_picked":["Ball Lightning","Gash"],"picked":"Defragment","floor":18.0},{"not_picked":["Melter","Rebound+1"],"picked":"Cold Snap+1","floor":20.0},{"not_picked":["Meteor Strike","Barrage+1"],"picked":"Hologram","floor":21.0},{"not_picked":["Compile Driver","Redo+1"],"picked":"Undo","floor":23.0},{"not_picked":["Biased Cognition","Doom and Gloom"],"picked":"Stack","floor":25.0},{"not_picked":["BootSequence","Hologram"],"picked":"Turbo","floor":28.0},{"not_picked":["Storm","Compile Driver"],"picked":"Auto Shields+1","floor":29.0},{"not_picked":["Streamline","Genetic Algorithm"],"picked":"Fission","floor":31},{"not_picked":["Seek","All For One"],"picked":"Echo Form","floor":33},{"not_picked":["Beam Cell","Turbo"],"picked":"Coolheaded+1","floor":35},{"not_picked":["Conserve Battery","Force Field"],"picked":"Loop+1","floor":37},{"not_picked":["Machine Learning","Recycle+1"],"picked":"Buffer","floor":41},{"not_picked":["Compile Driver+1","Redo"],"picked":"Seek","floor":44},{"not_picked":["Cold Snap","Streamline","Turbo"],"picked":"SKIP","floor":46},{"not_picked":["Streamline","Coolheaded+1"],"picked":"Conserve Battery+1","floor":47},{"not_picked":["Sunder+1","Fusion","Double Energy"],"picked":"SKIP","floor":48}],"player_experience":617312,"relics_obtained":[{"floor":7.0,"key":"Nunchaku"},{"floor":9.0,"key":"Whetstone"},{"floor":14.0,"key":"Blue Candle"},{"floor":23.0,"key":"Orichalcum"},{"floor":25.0,"key":"Smiling Mask"},{"floor":26.0,"key":"CeramicFish"},{"floor":41,"key":"Mercury Hourglass"}],"event_choices":[{"damage_healed":0.0,"max_hp_gain":0.0,"max_hp_loss":0.0,"gold_gain":0.0,"event_name":"Match and Keep!","player_choice":"2 cards matched","floor":13.0,"gold_loss":0.0,"damage_taken":0.0,"cards_obtained":["Buffer","Discovery"]},{"damage_healed":0.0,"max_hp_gain":0.0,"max_hp_loss":0.0,"gold_gain":0.0,"event_name":"N\u0027loth","player_choice":"Traded Relic","floor":27.0,"relics_lost":["Nunchaku"],"gold_loss":0.0,"damage_taken":0.0,"relics_obtained":["Nloth\u0027s Gift"]},{"cards_removed":["Cold Snap"],"damage_healed":0,"gold_gain":0,"player_choice":"Removed Attack","damage_taken":0,"max_hp_gain":0,"max_hp_loss":0,"event_name":"Falling","floor":36,"gold_loss":0},{"damage_healed":0,"gold_gain":0,"player_choice":"Memory 1","damage_taken":0,"max_hp_gain":0,"max_hp_loss":0,"event_name":"SensoryStone","floor":38,"gold_loss":0},{"damage_healed":0,"gold_gain":0,"player_choice":"Upgraded Two","damage_taken":0,"max_hp_gain":0,"max_hp_loss":0,"event_name":"Designer","floor":39,"gold_loss":40,"cards_upgraded":["Dualcast","Streamline"]}],"is_beta":false,"boss_relics":[{"not_picked":["Busted Crown","Runic Pyramid"],"picked":"Astrolabe"},{"not_picked":["FrozenCore","Empty Cage"],"picked":"Sozu"}],"items_purged_floors":[10,30,42],"is_endless":false,"potions_floor_spawned":[1,2,3,4,18,21,23,29,31,33,35,46,47,48],"killed_by":"Shield and Spear","ascension_level":4}}