{"host":"kvo7eymyd21g9abd","time":1613604164,"event":{"mods":["AchievementEnabler","BaseMod","Bestiary","Colored Map","Minty Spire (QoL Compilation)","StSLib"],"gold_per_floor":[119,42,58,74,30,60,60,93,93,108,108,125,125,190,190,190,190],"floor_reached":16,"language":"ENG","playtime":540,"items_purged":[],"score":138,"play_id":"2630b73c-7052-4d0d-8edd-eb368fb96c58","local_time":"20210217182244","is_ascension_mode":true,"campfire_choices":[{"floor":7,"key":"REST"},{"floor":11,"key":"REST"},{"floor":13,"key":"RECALL"},{"floor":15,"key":"REST"}],"circlet_count":0,"master_deck":["Strike_B","Strike_B","Strike_B","Strike_B","Defend_B","Defend_B","Defend_B","Defend_B","Zap","Dualcast","Redo","Self Repair","Hologram","Stack","Ball Lightning","Core Surge","Ball Lightning","Consume"],"relics":["Cracked Core","Strawberry","Meat on the Bone","Peace Pipe"],"acts_visited":["Exordium"],"potions_floor_usage":[8,8,10],"damage_taken":[{"damage":6,"enemies":"Cultist","floor":1,"turns":4},{"damage":13,"enemies":"Small Slimes","floor":3,"turns":3},{"damage":12,"enemies":"Jaw Worm","floor":4,"turns":3},{"damage":41,"enemies":"Lagavulin","floor":6,"turns":7},{"damage":42,"enemies":"3 Sentries","floor":8,"turns":7},{"damage":2,"enemies":"Lots of Slimes","floor":10,"turns":3},{"damage":12,"enemies":"Exordium Wildlife","floor":12,"turns":2},{"damage":42,"enemies":"3 Sentries","floor":14,"turns":5},{"damage":76,"enemies":"The Guardian","floor":16,"turns":10}],"seed_played":"1925140095669970942","potions_obtained":[{"floor":1,"key":"SpeedPotion"},{"floor":6,"key":"Fire Potion"},{"floor":10,"key":"BlessingOfTheForge"},{"floor":14,"key":"Strength Potion"}],"is_trial":false,"path_per_floor":["M","$","M","M","?","E","R","E","T","M","R","M","R","?","R","B"],"character_chosen":"DEFECT","items_purchased":["Regen Potion"],"campfire_rested":3,"item_purchase_floors":[2],"current_hp_per_floor":[69,69,63,58,58,31,55,35,35,52,76,71,71,48,72,0,0],"gold":190,"neow_bonus":"THREE_CARDS","is_daily":false,"chose_seed":false,"campfire_upgraded":0,"win_rate":0.0,"timestamp":1613604164,"path_taken":["M","?","?","M","?","E","R","E","T","M","R","M","R","?","R","BOSS"],"items_purchased_type":["Potion"],"build_version":"2020-12-22","purchased_purges":0,"victory":false,"max_hp_per_floor":[75,75,75,75,75,82,82,82,82,82,82,82,82,82,82,82,82],"card_choices":[{"not_picked":["Streamline","Blizzard"],"picked":"Redo","floor":0},{"not_picked":["Skim","Steam Power"],"picked":"Self Repair","floor":1},{"not_picked":["Steam","Ball Lightning"],"picked":"Hologram","floor":3},{"not_picked":["Hologram","Cold Snap"],"picked":"Stack","floor":4},{"not_picked":["Steam Power","Go for the Eyes"],"picked":"Ball Lightning","floor":6},{"not_picked":["Stack","Barrage"],"picked":"Core Surge","floor":8},{"not_picked":["Go for the Eyes","Reprogram"],"picked":"Ball Lightning","floor":10},{"not_picked":["Go for the Eyes","Steam"],"picked":"Consume","floor":12}],"player_experience":466334,"relics_obtained":[{"floor":6,"key":"Strawberry"},{"floor":8,"key":"Meat on the Bone"}],"event_choices":[{"damage_healed":0,"gold_gain":0,"player_choice":"Left Gold","damage_taken":0,"max_hp_gain":0,"max_hp_loss":0,"event_name":"World of Goop","floor":5,"gold_loss":44},{"damage_healed":0,"gold_gain":0,"player_choice":"Searched \u00272\u0027 times","damage_taken":0,"relics_obtained":["Peace Pipe"],"max_hp_gain":0,"max_hp_loss":0,"event_name":"Dead Adventurer","floor":14,"gold_loss":0}],"is_beta":false,"boss_relics":[],"items_purged_floors":[],"is_endless":false,"potions_floor_spawned":[1,6,10,14],"killed_by":"The Guardian","ascension_level":5}}