{"host":"nb3r5a3er9rrnn3n","time":1613541175,"event":{"mods":["BaseMod","Colored Map","Downfall","Minty Spire (QoL Compilation)","Relic Stats","Spire Arcade","StSLib"],"gold_per_floor":[99,111,111,111,21,50,50,200,45,79,98,125,125,138,158,255,255,255,267,285,285,299,633,685,785,373,373,392,392,292,32,46,143,143,143,153,153,170,221,221,297,297,316,326,226,241,254,285,185,185,185,211,36,36,36,36],"floor_reached":57,"language":"ENG","playtime":5784,"items_purged":["Regret","hexamod:Strike","hexamod:Sear","hexamod:Strike","hexamod:Defend+1"],"score":1399,"play_id":"0f08726f-44e4-43c5-8ef1-ab270064c8a2","local_time":"20210217165255","is_ascension_mode":true,"campfire_choices":[{"data":"hexamod:Float","floor":1.0,"key":"SMITH"},{"data":"hexamod:ForkedFlame","floor":13.0,"key":"SMITH"},{"data":"hexamod:ApocalypticArmor","floor":18,"key":"SMITH"},{"floor":27,"key":"RECALL"},{"data":"hexamod:TurnItUp","floor":30,"key":"SMITH"},{"data":"hexamod:AdvancingGuard","floor":35,"key":"SMITH"},{"floor":45,"key":"REST"},{"floor":49,"key":"REST"},{"data":"hexamod:ApocalypticArmor","floor":54,"key":"SMITH"}],"circlet_count":0,"master_deck":["hexamod:Strike+1","hexamod:Defend+1","hexamod:Defend+1","hexamod:Float+1","hexamod:GhostOfSpireFuture+1","hexamod:TurnItUp+1","hexamod:HauntingEcho+1","hexamod:StepThrough+1","hexamod:EmpoweredFlame+1","hexamod:StepThrough+1","hexamod:RadiantFlame+1","hexamod:ForkedFlame+1","hexamod:AdvancingGuard+1","hexamod:ApocalypticArmor+1","hexamod:FastForward+1","hexamod:Hexaguard+1","hexamod:SixthSeal","hexamod:GhostOfSpireFuture+1","hexamod:AdvancingGuard+1","Flash of Steel+1","hexamod:TimeWarp+1","hexamod:ApocalypticArmor+1"],"relics":["hexamod:SpiritBrand","MealTicket","Blood Vial","hexamod:InflammatoryLetter","Mummified Hand","Lantern","Runic Pyramid","Old Coin","Omamori","Molten Egg 2","Guardian:GemstoneGun","downfall:HeartBlessingRed","champ:DeflectingBracers","Oddly Smooth Stone","Calling Bell","Anchor","White Beast Statue","Lizard Tail","WarpedTongs","Du-Vu Doll","downfall:HeartBlessingBlue","Pen Nib","downfall:HeartBlessingGreen","Incense Burner"],"acts_visited":["Exordium","TheCity","TheBeyond","TheEnding"],"potions_floor_usage":[56,56,56],"damage_taken":[{"damage":0.0,"enemies":"Jaw Worm","floor":2.0,"turns":4.0},{"damage":4.0,"enemies":"downfall:FleeingMerchant","floor":5.0,"turns":4.0},{"damage":30.0,"enemies":"Gremlin Nob","floor":6.0,"turns":5.0},{"damage":5.0,"enemies":"downfall:FleeingMerchant","floor":9.0,"turns":4.0},{"damage":3.0,"enemies":"Lagavulin","floor":10.0,"turns":4.0},{"damage":2.0,"enemies":"Small Slimes","floor":11.0,"turns":3.0},{"damage":0.0,"enemies":"3 Sentries","floor":12.0,"turns":5.0},{"damage":0.0,"enemies":"2 Louse","floor":14.0,"turns":3.0},{"damage":0.0,"enemies":"Large Slime","floor":15.0,"turns":5.0},{"damage":8,"enemies":"IC_STATUS_ARCHETYPE","floor":16,"turns":4},{"damage":0,"enemies":"Chosen","floor":19,"turns":5},{"damage":2,"enemies":"Shell Parasite","floor":20,"turns":4},{"damage":0,"enemies":"Centurion and Healer","floor":22,"turns":5},{"damage":14,"enemies":"Book of Stabbing","floor":23,"turns":4},{"damage":4,"enemies":"WA_ARCHETYPE_RETAIN","floor":25,"turns":4},{"damage":0,"enemies":"downfall:FleeingMerchant","floor":26,"turns":5},{"damage":0,"enemies":"3 Cultists","floor":28,"turns":4},{"damage":0,"enemies":"downfall:FleeingMerchant","floor":31,"turns":4},{"damage":0,"enemies":"Snake Plant","floor":32,"turns":3},{"damage":0,"enemies":"DF_ARCHETYPE_CLAW","floor":33,"turns":6},{"damage":0,"enemies":"Orb Walker","floor":36,"turns":3},{"damage":0,"enemies":"3 Shapes","floor":38,"turns":3},{"damage":0,"enemies":"2 Orb Walkers","floor":39,"turns":4},{"damage":0,"enemies":"Writhing Mass","floor":43,"turns":4},{"damage":0,"enemies":"Spire Growth","floor":44,"turns":4},{"damage":0,"enemies":"4 Shapes","floor":46,"turns":4},{"damage":0,"enemies":"Maw","floor":47,"turns":4},{"damage":0,"enemies":"Nemesis","floor":48,"turns":7},{"damage":0,"enemies":"WA_ARCHETYPE_DIVINITY","floor":50,"turns":7},{"damage":10,"enemies":"downfall:CharBossMerchant","floor":52,"turns":6},{"damage":1,"enemies":"downfall:NeowBoss","floor":55,"turns":11},{"damage":119,"enemies":"downfall:NeowBossFinal","floor":56,"turns":11}],"seed_played":"-5246767632215958844","potions_obtained":[{"floor":6.0,"key":"Swift Potion"},{"floor":8.0,"key":"LiquidBronze"},{"floor":10.0,"key":"hexamod:SoulburnPotion"},{"floor":25,"key":"hexamod:SoulburnPotion"},{"floor":33,"key":"Block Potion"},{"floor":39,"key":"hexamod:EctoCoolerPotion"},{"floor":46,"key":"DistilledChaos"}],"is_trial":false,"path_per_floor":["R","M","?","?","$","E","T","?","$","E","M","E","R","M","M","B",null,"R","M","M","?","M","E","T","?","$","R","M","?","R","$","M","B",null,"R","M","?","M","?","$","T","?","M","M","R","M","M","E","R","B",null,"E","$","R","B","B",null],"character_chosen":"THE_SPIRIT","items_purchased":["hexamod:StepThrough","hexamod:AdvancingGuard","Flash of Steel+1","hexamod:TimeWarp+1","champ:DeflectingBracers","Oddly Smooth Stone"],"campfire_rested":2,"item_purchase_floors":[9,26,26,26,31,31],"current_hp_per_floor":[63,63,63,63,59,29,29,29,41,40,40,42,42,44,46,40,63,63,63,61,61,63,49,49,47,63,63,63,52,52,68,68,68,68,68,68,68,68,68,68,68,68,68,68,78,78,78,78,78,78,78,68,78,78,77,1],"gold":36,"neow_bonus":"TRANSFORM_TWO_CARDS","is_daily":false,"chose_seed":false,"campfire_upgraded":6,"win_rate":0.0,"timestamp":1613541175,"path_taken":["R","M","?","?","$","E","T","?","$","E","M","E","R","M","M","BOSS","R","M","M","?","M","E","T","?","$","R","M","?","R","$","M","BOSS","R","M","?","?","?","$","T","?","?","M","R","M","M","E","R","BOSS","E","$","R","BOSS","BOSS"],"items_purchased_type":["Card","Card","Card","Card","Relic","Relic"],"build_version":"2020-12-22","purchased_purges":5,"victory":true,"max_hp_per_floor":[63,63,63,63,63,63,63,63,63,63,63,63,63,63,63,63,63,63,63,63,63,63,63,63,63,63,63,63,68,68,68,68,68,68,68,68,68,68,68,68,68,68,68,68,78,78,78,78,78,78,78,78,78,78,78,78],"relic_stats":{"Blood Vial":21,"Lizard Tail":39,"counters":[32,153],"Mummified Hand":[129],"MealTicket":55,"Pen Nib":[8],"obtain_stats":[{"Lantern":12,"downfall:HeartBlessingRed":30,"Guardian:GemstoneGun":25,"Oddly Smooth Stone":31,"downfall:HeartBlessingGreen":49,"hexamod:InflammatoryLetter":7,"champ:DeflectingBracers":31,"Pen Nib":48,"Omamori":24,"Incense Burner":52,"White Beast Statue":34,"Old Coin":23,"WarpedTongs":37,"Blood Vial":6,"Calling Bell":34,"Du-Vu Doll":39,"Anchor":34,"Lizard Tail":34,"Mummified Hand":10,"downfall:HeartBlessingBlue":45,"MealTicket":3,"Molten Egg 2":25,"hexamod:SpiritBrand":0,"Runic Pyramid":17},{"Lantern":7,"downfall:HeartBlessingRed":17,"Guardian:GemstoneGun":15,"Oddly Smooth Stone":18,"downfall:HeartBlessingGreen":28,"hexamod:InflammatoryLetter":3,"champ:DeflectingBracers":18,"Pen Nib":28,"Omamori":14,"Incense Burner":30,"White Beast Statue":20,"Old Coin":14,"WarpedTongs":21,"Blood Vial":3,"Calling Bell":20,"Du-Vu Doll":23,"Anchor":20,"Lizard Tail":20,"Mummified Hand":5,"downfall:HeartBlessingBlue":25,"MealTicket":1,"Molten Egg 2":15,"hexamod:SpiritBrand":0,"Runic Pyramid":10},{"Lantern":29,"downfall:HeartBlessingRed":72,"Guardian:GemstoneGun":63,"Oddly Smooth Stone":76,"downfall:HeartBlessingGreen":118,"hexamod:InflammatoryLetter":13,"champ:DeflectingBracers":76,"Pen Nib":118,"Omamori":59,"Incense Burner":131,"White Beast Statue":85,"Old Coin":59,"WarpedTongs":88,"Blood Vial":13,"Calling Bell":85,"Du-Vu Doll":95,"Anchor":85,"Lizard Tail":85,"Mummified Hand":21,"downfall:HeartBlessingBlue":103,"MealTicket":4,"Molten Egg 2":63,"hexamod:SpiritBrand":0,"Runic Pyramid":41}],"WarpedTongs":[6]},"card_choices":[{"not_picked":["hexamod:GhostShield","hexamod:BacktrackSmack"],"picked":"hexamod:HauntingEcho","floor":2.0},{"not_picked":["hexamod:PowerFromBeyond","hexamod:FirstSeal"],"picked":"hexamod:StepThrough","floor":5.0},{"not_picked":["hexamod:FlamesFromBeyond","hexamod:SpectralSpark","hexamod:SpectersWail"],"picked":"SKIP","floor":6.0},{"not_picked":["hexamod:ThirdSeal","hexamod:ExtraCrispy"],"picked":"hexamod:EmpoweredFlame","floor":9.0},{"not_picked":["hexamod:NecessarySacrifice","hexamod:SecondSeal","hexamod:RetreatToShadows"],"picked":"SKIP","floor":10.0},{"not_picked":["hexamod:PowerFromBeyond","hexamod:SearingWound"],"picked":"hexamod:RadiantFlame","floor":11.0},{"not_picked":["hexamod:HeatMetal","hexamod:NightmareGuise"],"picked":"hexamod:ForkedFlame","floor":12.0},{"not_picked":["hexamod:SkipABeat","hexamod:PowerFromBeyond"],"picked":"hexamod:AdvancingGuard","floor":14.0},{"not_picked":["hexamod:ThermalTransfer","hexamod:SpectersWail","hexamod:ExtraCrispy"],"picked":"SKIP","floor":15.0},{"not_picked":["hexamod:UnleashSpirits","hexamod:TimeWarp"],"picked":"hexamod:ApocalypticArmor","floor":16},{"not_picked":["hexamod:SwordOfDarkness","hexamod:SuperheatedStrike"],"picked":"hexamod:FastForward+1","floor":19},{"not_picked":["hexamod:GhostShield","hexamod:BurningTouch"],"picked":"hexamod:Hexaguard","floor":20},{"not_picked":["hexamod:RecurringNightmare","hexamod:SpectralAdrenaline+1"],"picked":"hexamod:SixthSeal","floor":22},{"not_picked":["hexamod:FourthSeal","hexamod:StepThrough"],"picked":"hexamod:GhostOfSpireFuture+1","floor":23},{"not_picked":["hexamod:RecurringNightmare","hexamod:Hexaguard","hexamod:SpectersWail+1"],"picked":"SKIP","floor":26},{"not_picked":["hexamod:ShieldOfDarkness","hexamod:SuperheatedStrike+1","hexamod:BacktrackSmack+1"],"picked":"SKIP","floor":28},{"not_picked":["hexamod:DynamicBlow+1","hexamod:RetreatToShadows","hexamod:InspiringFlames"],"picked":"SKIP","floor":31},{"not_picked":["hexamod:GhostLash+1","hexamod:ThermalTransfer+1","hexamod:AdvancingGuard+1"],"picked":"SKIP","floor":32},{"not_picked":["hexamod:SwordOfDarkness+1","hexamod:FlamesFromBeyond","hexamod:GhostShield"],"picked":"SKIP","floor":36},{"not_picked":["hexamod:RadiantFlame","hexamod:EtherealExpedition+1","hexamod:ShieldOfDarkness"],"picked":"SKIP","floor":38},{"not_picked":["hexamod:ShieldOfDarkness+1","hexamod:SpectralSpark","hexamod:GhostLash+1"],"picked":"SKIP","floor":43},{"not_picked":["hexamod:SecondSeal","hexamod:GhostShield","hexamod:ShieldOfDarkness"],"picked":"SKIP","floor":44},{"not_picked":["hexamod:Again+1","hexamod:BacktrackSmack+1","hexamod:FlamesFromBeyond"],"picked":"SKIP","floor":46},{"not_picked":["hexamod:NecessarySacrifice+1","hexamod:SkipABeat+1","hexamod:HeatShield+1"],"picked":"SKIP","floor":47},{"not_picked":["hexamod:NightmareStrike+1","hexamod:PowerFromBeyond","hexamod:SpectralAdrenaline+1"],"picked":"SKIP","floor":48},{"not_picked":["hexamod:HeatMetal+1","hexamod:Hexaguard"],"picked":"hexamod:ApocalypticArmor","floor":52}],"player_experience":1999982,"relics_obtained":[{"floor":6.0,"key":"Blood Vial"},{"floor":7.0,"key":"hexamod:InflammatoryLetter"},{"floor":10.0,"key":"Mummified Hand"},{"floor":12.0,"key":"Lantern"},{"floor":23,"key":"Old Coin"},{"floor":24,"key":"Omamori"},{"floor":25,"key":"Molten Egg 2"},{"floor":25,"key":"Guardian:GemstoneGun"},{"floor":34,"key":"Anchor"},{"floor":34,"key":"White Beast Statue"},{"floor":34,"key":"Lizard Tail"},{"floor":39,"key":"Du-Vu Doll"},{"floor":48,"key":"Pen Nib"},{"floor":52,"key":"Incense Burner"}],"event_choices":[{"damage_healed":0.0,"max_hp_gain":0.0,"max_hp_loss":0.0,"gold_gain":0.0,"event_name":"Big Fish","player_choice":"Box","floor":3.0,"gold_loss":0.0,"damage_taken":0.0,"relics_obtained":["MealTicket"],"cards_obtained":["Regret"]},{"damage_healed":0,"gold_gain":0,"player_choice":"Rummage","damage_taken":0,"relics_obtained":["WarpedTongs"],"max_hp_gain":0,"max_hp_loss":0,"event_name":"Accursed Blacksmith","floor":37,"gold_loss":0,"cards_obtained":["Pain"]},{"damage_healed":0,"gold_gain":0,"player_choice":"Fight","damage_taken":0,"max_hp_gain":0,"max_hp_loss":0,"event_name":"Mysterious Sphere","floor":39,"gold_loss":0}],"is_beta":false,"boss_relics":[{"not_picked":["Empty Cage","Sozu"],"picked":"Runic Pyramid"},{"not_picked":["SlaversCollar","Black Star"],"picked":"Calling Bell"}],"items_purged_floors":[5,9,26,31,53],"is_endless":false,"potions_floor_spawned":[6,10,15,23,25,33,36,38,39,43,44,46,47,48,52],"ascension_level":1}}