{"host":"d52brwsy6af8zvaq","time":1613600834,"event":{"mods":["AchievementEnabler","BaseMod","Bestiary","Highlight Path","Minty Spire (QoL Compilation)","Quick Restart","Relic Stats","ojb\u0027s Better Paths Mod"],"gold_per_floor":[118,131,131,96,113,140,140,173,197,228,228,228,228,248,248,248,248],"floor_reached":16,"language":"ENG","playtime":2318,"items_purged":[],"score":236,"play_id":"2cc87e67-09a9-4e08-abcd-dca3f3c6c3e3","local_time":"20210217152714","is_ascension_mode":true,"campfire_choices":[{"data":"Zap","floor":7.0,"key":"SMITH"},{"floor":12,"key":"REST"},{"data":"White Noise","floor":15,"key":"SMITH"}],"circlet_count":0,"master_deck":["AscendersBane","Strike_B","Strike_B","Strike_B","Defend_B","Defend_B","Defend_B","Defend_B","Zap+1","Dualcast","White Noise+1","Hologram","Doom and Gloom","FTL","BootSequence","Turbo","Capacitor"],"relics":["Cracked Core","Toy Ornithopter","Ancient Tea Set","Potion Belt","Centennial Puzzle","Gremlin Horn"],"acts_visited":["Exordium"],"potions_floor_usage":[10,16],"damage_taken":[{"damage":4.0,"enemies":"Small Slimes","floor":1.0,"turns":4.0},{"damage":4.0,"enemies":"2 Louse","floor":2.0,"turns":4.0},{"damage":2.0,"enemies":"Jaw Worm","floor":5.0,"turns":4.0},{"damage":20.0,"enemies":"Lagavulin","floor":6.0,"turns":7.0},{"damage":24.0,"enemies":"3 Sentries","floor":8.0,"turns":5.0},{"damage":14,"enemies":"Gremlin Nob","floor":10,"turns":3},{"damage":0,"enemies":"2 Fungi Beasts","floor":14,"turns":2},{"damage":51,"enemies":"Hexaghost","floor":16,"turns":9}],"seed_played":"2634904700144031621","potions_obtained":[{"floor":1.0,"key":"EssenceOfDarkness"},{"floor":2.0,"key":"Weak Potion"},{"floor":10,"key":"Fire Potion"}],"is_trial":false,"path_per_floor":["M","M","?","?","M","E","R","E","T","E","?","R","?","M","R","B"],"character_chosen":"DEFECT","items_purchased":[],"campfire_rested":1,"item_purchase_floors":[],"current_hp_per_floor":[60,56,49,66,64,49,49,25,25,16,16,37,42,42,42,0,0],"gold":248,"neow_bonus":"RANDOM_COMMON_RELIC","is_daily":false,"chose_seed":false,"campfire_upgraded":2,"win_rate":0.0,"timestamp":1613600834,"path_taken":["M","M","?","?","M","E","R","E","T","E","?","R","?","M","R","BOSS"],"items_purchased_type":[],"build_version":"2020-12-22","purchased_purges":0,"victory":false,"max_hp_per_floor":[71,71,71,71,71,71,71,71,71,71,71,71,76,76,76,76,76],"relic_stats":{"Centennial Puzzle":[6],"Gremlin Horn":[1,1],"counters":[8,38],"obtain_stats":[{"Potion Belt":8,"Centennial Puzzle":9,"Gremlin Horn":10,"Cracked Core":0,"Ancient Tea Set":6,"Toy Ornithopter":0},{"Potion Belt":5,"Centennial Puzzle":5,"Gremlin Horn":6,"Cracked Core":0,"Ancient Tea Set":4,"Toy Ornithopter":0},{"Potion Belt":24,"Centennial Puzzle":24,"Gremlin Horn":27,"Cracked Core":0,"Ancient Tea Set":19,"Toy Ornithopter":0}],"Toy Ornithopter":15},"card_choices":[{"not_picked":["Double Energy","Steam"],"picked":"White Noise","floor":1.0},{"not_picked":["Stack","Turbo"],"picked":"Hologram","floor":2.0},{"not_picked":["Coolheaded","Static Discharge"],"picked":"Doom and Gloom","floor":5.0},{"not_picked":["Stack","Auto Shields"],"picked":"FTL","floor":6.0},{"not_picked":["Hello World","Hologram"],"picked":"BootSequence","floor":8.0},{"not_picked":["Blizzard","Barrage"],"picked":"Turbo","floor":10},{"not_picked":["Core Surge","Leap"],"picked":"Capacitor","floor":14}],"player_experience":2294818,"relics_obtained":[{"floor":6.0,"key":"Ancient Tea Set"},{"floor":8.0,"key":"Potion Belt"},{"floor":9.0,"key":"Centennial Puzzle"},{"floor":10,"key":"Gremlin Horn"}],"event_choices":[{"cards_removed":["Strike_B"],"damage_healed":0.0,"max_hp_gain":0.0,"max_hp_loss":0.0,"gold_gain":0.0,"event_name":"Golden Wing","player_choice":"Card Removal","floor":3.0,"gold_loss":0.0,"damage_taken":7.0},{"damage_healed":17.0,"max_hp_gain":0.0,"max_hp_loss":0.0,"gold_gain":0.0,"event_name":"The Cleric","player_choice":"Healed","floor":4.0,"gold_loss":35.0,"damage_taken":0.0},{"damage_healed":0,"gold_gain":0,"player_choice":"Ignored","damage_taken":0,"max_hp_gain":0,"max_hp_loss":0,"event_name":"Shining Light","floor":11,"gold_loss":0},{"damage_healed":0,"gold_gain":0,"player_choice":"Donut","damage_taken":0,"max_hp_gain":5,"max_hp_loss":0,"event_name":"Big Fish","floor":13,"gold_loss":0}],"is_beta":false,"boss_relics":[],"items_purged_floors":[],"is_endless":false,"potions_floor_spawned":[1,2,10],"killed_by":"Hexaghost","ascension_level":20}}