{"host":"js2su9tbbk4rmjfl","time":1613600688,"event":{"mods":["AchievementEnabler","BaseMod","Block Reminder","Colored Map","Colored Powertips","Highlight Path","Minty Spire (QoL Compilation)","Relic Stats"],"gold_per_floor":[20,20,20,0,19,19,42,42,87,102,102,13,33,51,51,51,51],"floor_reached":16,"language":"ENG","playtime":864,"items_purged":[],"score":175,"play_id":"79560c4e-d3f1-43a1-b7d6-8741f745fbf2","local_time":"20210217232448","is_ascension_mode":true,"campfire_choices":[{"data":"Double Tap","floor":6,"key":"SMITH"},{"data":"Armaments","floor":8,"key":"SMITH"},{"data":"Inflame","floor":11,"key":"SMITH"},{"data":"Bandage Up","floor":15,"key":"SMITH"}],"circlet_count":0,"master_deck":["AscendersBane","Strike_R","Strike_R","Strike_R","Strike_R","Strike_R","Defend_R","Defend_R","Defend_R","Defend_R","Bash","Armaments+1","Double Tap+1","Inflame+1","Bandage Up+1","Shrug It Off","Seeing Red"],"relics":["Burning Blood","Mango","Golden Idol","PreservedInsect"],"acts_visited":["Exordium"],"potions_floor_usage":[13,14,14,14,14,16],"damage_taken":[{"damage":7,"enemies":"Small Slimes","floor":1,"turns":4},{"damage":3,"enemies":"2 Louse","floor":5,"turns":4},{"damage":14,"enemies":"Jaw Worm","floor":7,"turns":4},{"damage":11,"enemies":"3 Louse","floor":10,"turns":4},{"damage":17,"enemies":"Gremlin Gang","floor":13,"turns":6},{"damage":5,"enemies":"Exordium Wildlife","floor":14,"turns":6},{"damage":94,"enemies":"Hexaghost","floor":16,"turns":14}],"seed_played":"4495575921607606842","potions_obtained":[{"floor":5,"key":"EntropicBrew"},{"floor":7,"key":"DuplicationPotion"},{"floor":13,"key":"Regen Potion"},{"floor":14,"key":"DistilledChaos"}],"is_trial":false,"path_per_floor":["M","?","?","?","M","R","M","R","T","M","R","$","M","M","R","B"],"character_chosen":"IRONCLAD","items_purchased":["Bandage Up"],"campfire_rested":0,"item_purchase_floors":[12],"current_hp_per_floor":[81,81,81,81,81,81,73,73,73,68,68,68,61,80,80,0,0],"gold":51,"neow_bonus":"ONE_RARE_RELIC","is_daily":false,"chose_seed":false,"campfire_upgraded":4,"win_rate":0.0,"timestamp":1613600688,"path_taken":["M","?","?","?","?","R","M","R","T","M","R","$","M","M","R","BOSS"],"items_purchased_type":["Card"],"build_version":"2020-12-22","purchased_purges":0,"victory":false,"max_hp_per_floor":[89,81,81,81,81,81,81,81,81,81,81,81,81,81,81,81,81],"relic_stats":{"counters":[7,42],"Golden Idol":20,"PreservedInsect":0,"obtain_stats":[{"Golden Idol":2,"Mango":0,"PreservedInsect":9,"Burning Blood":0},{"Golden Idol":1,"Mango":0,"PreservedInsect":3,"Burning Blood":0},{"Golden Idol":4,"Mango":0,"PreservedInsect":12,"Burning Blood":0}],"Burning Blood":33},"card_choices":[{"not_picked":["Perfected Strike","Wild Strike"],"picked":"Armaments","floor":1},{"not_picked":["Shrug It Off","Clash"],"picked":"Double Tap","floor":5},{"not_picked":["Iron Wave","Pummel"],"picked":"Inflame","floor":7},{"not_picked":["Clash","Seeing Red","Headbutt"],"picked":"SKIP","floor":10},{"not_picked":["Clothesline","Second Wind"],"picked":"Shrug It Off","floor":13},{"not_picked":["Armaments","Power Through"],"picked":"Seeing Red","floor":14}],"player_experience":825360,"relics_obtained":[{"floor":9,"key":"PreservedInsect"}],"event_choices":[{"damage_healed":0,"gold_gain":0,"player_choice":"Lose Max HP","damage_taken":0,"relics_obtained":["Golden Idol"],"max_hp_gain":0,"max_hp_loss":8,"event_name":"Golden Idol","floor":2,"gold_loss":0},{"damage_healed":0,"gold_gain":0,"player_choice":"Ignored","damage_taken":0,"max_hp_gain":0,"max_hp_loss":0,"event_name":"Liars Game","floor":3,"gold_loss":0},{"damage_healed":0,"gold_gain":0,"player_choice":"Left Gold","damage_taken":0,"max_hp_gain":0,"max_hp_loss":0,"event_name":"World of Goop","floor":4,"gold_loss":20}],"is_beta":false,"boss_relics":[],"items_purged_floors":[],"is_endless":false,"potions_floor_spawned":[5,7,13,14],"killed_by":"Hexaghost","ascension_level":18}}