{"host":"l3lzhw5qete3bz2v","time":1613566757,"event":{"mods":["BaseMod","Colored Map","Colored Powertips","Minty Spire (QoL Compilation)","StSLib","SuperFastMode"],"gold_per_floor":[116,116,116,130,141,176,176,209,209,209,159,190,201,201,201,201,201],"floor_reached":16,"language":"JPN","playtime":670,"items_purged":[],"score":148,"play_id":"6c8a6741-0739-460f-8158-7ee1e730d26a","local_time":"20210217215917","is_ascension_mode":true,"campfire_choices":[{"data":"Glass Knife","floor":7.0,"key":"SMITH"},{"data":"Quick Slash","floor":10.0,"key":"SMITH"},{"floor":15,"key":"REST"}],"circlet_count":0,"master_deck":["Strike_G","Strike_G","Defend_G","Defend_G","Defend_G","Defend_G","Defend_G","Survivor","Neutralize","Predator","Bullet Time","Quick Slash+1","Deadly Poison","Glass Knife+1","Escape Plan","Corpse Explosion","Predator"],"relics":["Black Star","StrikeDummy","Anchor","Juzu Bracelet","The Courier","Blue Candle","Darkstone Periapt","PreservedInsect"],"acts_visited":["Exordium"],"potions_floor_usage":[],"damage_taken":[{"damage":1.0,"enemies":"2 Louse","floor":1.0,"turns":3.0},{"damage":3.0,"enemies":"Cultist","floor":4.0,"turns":4.0},{"damage":0.0,"enemies":"Jaw Worm","floor":5.0,"turns":3.0},{"damage":17.0,"enemies":"3 Sentries","floor":6.0,"turns":12.0},{"damage":17.0,"enemies":"Lagavulin","floor":8.0,"turns":7.0},{"damage":18.0,"enemies":"Gremlin Nob","floor":12.0,"turns":4.0},{"damage":2.0,"enemies":"Exordium Thugs","floor":13.0,"turns":2.0},{"damage":33,"enemies":"Hexaghost","floor":16,"turns":9}],"seed_played":"-4688228737452547145","potions_obtained":[{"floor":1.0,"key":"EssenceOfSteel"},{"floor":4.0,"key":"Poison Potion"},{"floor":12.0,"key":"Weak Potion"}],"is_trial":false,"path_per_floor":["M","?","?","M","M","E","R","E","T","R","?","E","M","?","R","B"],"character_chosen":"THE_SILENT","items_purchased":[],"campfire_rested":1,"item_purchase_floors":[],"current_hp_per_floor":[69,69,69,66,66,49,49,32,32,32,32,14,12,12,33,0,0],"gold":201,"neow_bonus":"BOSS_RELIC","is_daily":false,"chose_seed":false,"campfire_upgraded":2,"win_rate":0.0,"timestamp":1613566757,"path_taken":["M","?","?","?","M","E","R","E","T","R","?","E","M","?","R","BOSS"],"items_purchased_type":[],"build_version":"2020-12-22","purchased_purges":0,"victory":false,"max_hp_per_floor":[70,70,70,70,70,70,70,70,70,70,70,70,70,70,70,70,70],"card_choices":[{"not_picked":["Blade Dance","Acrobatics"],"picked":"Predator","floor":1.0},{"not_picked":["Slice","Riddle With Holes"],"picked":"Quick Slash","floor":4.0},{"not_picked":["Dodge and Roll","Cloak And Dagger"],"picked":"Deadly Poison","floor":5.0},{"not_picked":["Die Die Die","Slice"],"picked":"Glass Knife","floor":6.0},{"not_picked":["Dagger Spray","Dodge and Roll"],"picked":"Escape Plan","floor":8.0},{"not_picked":["Dodge and Roll","Blade Dance"],"picked":"Corpse Explosion","floor":12.0},{"not_picked":["Flying Knee","Terror"],"picked":"Predator","floor":13.0}],"player_experience":112303,"relics_obtained":[{"floor":6.0,"key":"StrikeDummy"},{"floor":6.0,"key":"Anchor"},{"floor":8.0,"key":"Juzu Bracelet"},{"floor":8.0,"key":"The Courier"},{"floor":9.0,"key":"Blue Candle"},{"floor":12.0,"key":"Darkstone Periapt"},{"floor":12.0,"key":"PreservedInsect"}],"event_choices":[{"damage_healed":0.0,"max_hp_gain":0.0,"max_hp_loss":0.0,"gold_gain":0.0,"event_name":"Liars Game","player_choice":"Ignored","floor":2.0,"gold_loss":0.0,"damage_taken":0.0},{"damage_healed":0.0,"max_hp_gain":0.0,"max_hp_loss":0.0,"gold_gain":0.0,"cards_transformed":["Strike_G"],"event_name":"Transmorgrifier","player_choice":"Transformed","floor":3.0,"gold_loss":0.0,"damage_taken":0.0,"cards_obtained":["Bullet Time"]},{"cards_removed":["Strike_G"],"damage_healed":0.0,"max_hp_gain":0.0,"max_hp_loss":0.0,"gold_gain":0.0,"event_name":"The Cleric","player_choice":"Card Removal","floor":11.0,"gold_loss":50.0,"damage_taken":0.0},{"cards_removed":["Strike_G"],"damage_healed":0,"gold_gain":0,"player_choice":"Purged","damage_taken":0,"max_hp_gain":0,"max_hp_loss":0,"event_name":"Purifier","floor":14,"gold_loss":0}],"is_beta":false,"boss_relics":[],"items_purged_floors":[],"is_endless":false,"potions_floor_spawned":[1,4,12],"killed_by":"Hexaghost","ascension_level":5}}