{"host":"zsnmfqgcm92hlreo","time":1613538344,"event":{"mods":["AchievementEnabler","BaseMod","Bestiary","Block Reminder","Colored Map","Colored Powertips","Filter the Spire","Minty Spire (QoL Compilation)","Permanent Neow","Quick Restart","Relic Stats","StSLib","Weighted Paths"],"gold_per_floor":[118,268,268,287,300,327,28,28,28,60,74,102,102,131,131,206,206,221,221,262,275,325,325,380,380,453,478,328,328,328,343,343,421,421,436,478,496,127,127,127,127],"floor_reached":40,"language":"ENG","playtime":1916,"items_purged":["Doubt","Parasite"],"score":954,"play_id":"5b9802ba-e3ef-4483-b33b-6592ce97eb89","local_time":"20210216230544","is_ascension_mode":true,"campfire_choices":[{"data":"Vigilance","floor":8.0,"key":"SMITH"},{"data":"Eruption","floor":13.0,"key":"SMITH"},{"data":"Tantrum","floor":15.0,"key":"SMITH"},{"floor":23,"key":"REST"},{"floor":25,"key":"REST"},{"floor":29,"key":"REST"},{"data":"Blasphemy","floor":32,"key":"SMITH"}],"circlet_count":0,"master_deck":["AscendersBane","Eruption+1","Vigilance+1","Crescendo+1","FlurryOfBlows","Establishment+1","Vengeance+1","FlyingSleeves+1","LessonLearned+1","ReachHeaven+1","Wallop","FearNoEvil","ThirdEye+1","Consecrate","Tantrum+1","Protect+1","LikeWater+1","Wallop+1","MentalFortress","Adaptation+1","Wish","J.A.X.","ThirdEye","FlurryOfBlows","ClearTheMind","Blasphemy+1","Study+1","DevaForm","Protect","EmptyFist+1","FlurryOfBlows+1","Meditate"],"relics":["Pandora\u0027s Box","FaceOfCleric","CaptainsWheel","Eternal Feather","War Paint","Pantograph","Bronze Scales","Philosopher\u0027s Stone","InkBottle","Bottled Flame","Toy Ornithopter","Enchiridion","Cursed Key","Sling"],"acts_visited":["Exordium","TheCity","TheBeyond"],"potions_floor_usage":[20,27,37,40,40],"damage_taken":[{"damage":0.0,"enemies":"Small Slimes","floor":1.0,"turns":2.0},{"damage":12.0,"enemies":"Jaw Worm","floor":4.0,"turns":3.0},{"damage":0.0,"enemies":"Cultist","floor":5.0,"turns":3.0},{"damage":3.0,"enemies":"Gremlin Nob","floor":6.0,"turns":3.0},{"damage":0.0,"enemies":"3 Sentries","floor":10.0,"turns":3.0},{"damage":0.0,"enemies":"Large Slime","floor":11.0,"turns":4.0},{"damage":6.0,"enemies":"Lagavulin","floor":12.0,"turns":5.0},{"damage":14.0,"enemies":"3 Sentries","floor":14.0,"turns":4.0},{"damage":30.0,"enemies":"The Guardian","floor":16.0,"turns":5.0},{"damage":26.0,"enemies":"Shell Parasite","floor":18.0,"turns":2.0},{"damage":25,"enemies":"3 Byrds","floor":20,"turns":3},{"damage":12,"enemies":"Centurion and Healer","floor":21,"turns":4},{"damage":36,"enemies":"Slavers","floor":24,"turns":4},{"damage":21,"enemies":"Gremlin Leader","floor":27,"turns":4},{"damage":5,"enemies":"Chosen and Byrds","floor":31,"turns":4},{"damage":13,"enemies":"Collector","floor":33,"turns":6},{"damage":55,"enemies":"3 Darklings","floor":35,"turns":4},{"damage":4,"enemies":"Orb Walker","floor":36,"turns":3},{"damage":21,"enemies":"Writhing Mass","floor":37,"turns":4},{"damage":24,"enemies":"Nemesis","floor":40,"turns":1}],"seed_played":"-5268728318738129809","potions_obtained":[{"floor":1.0,"key":"PowerPotion"},{"floor":5.0,"key":"SneckoOil"},{"floor":14.0,"key":"Swift Potion"},{"floor":16.0,"key":"Energy Potion"},{"floor":18.0,"key":"SkillPotion"},{"floor":24,"key":"Block Potion"},{"floor":33,"key":"Strength Potion"},{"floor":36,"key":"Swift Potion"}],"is_trial":false,"path_per_floor":["M","?","?","M","M","E","$","R","T","E","M","E","R","E","R","B",null,"M","?","M","M","?","R","E","R","T","E","$","R","?","M","R","B",null,"M","M","M","$","?","E"],"character_chosen":"WATCHER","items_purchased":["Tantrum","Protect","LikeWater","Blasphemy","Sling","Meditate","SkillPotion"],"campfire_rested":3,"item_purchase_floors":[7,7,7,28,38,38,38],"current_hp_per_floor":[61,61,61,50,51,49,49,49,49,50,51,46,58,45,57,46,69,44,44,20,9,9,47,12,51,51,31,31,70,49,45,60,70,80,26,23,8,8,8,0,0],"gold":127,"neow_bonus":"BOSS_RELIC","is_daily":false,"chose_seed":false,"campfire_upgraded":4,"win_rate":0.0,"timestamp":1613538344,"path_taken":["M","?","?","?","M","E","$","R","T","E","M","E","R","E","R","BOSS","M","?","M","M","?","R","E","R","T","E","$","R","?","M","R","BOSS","M","M","M","$","?","E"],"items_purchased_type":["Card","Card","Card","Card","Relic","Card","Potion"],"build_version":"2020-12-22","purchased_purges":2,"victory":false,"max_hp_per_floor":[68,68,68,69,70,71,71,71,71,72,73,74,74,75,75,76,76,77,77,78,79,79,79,80,80,80,81,81,81,81,82,82,83,83,84,85,86,83,83,83,83],"relic_stats":{"FaceOfCleric":18,"counters":[20,71],"Pantograph":40,"Bronze Scales":[137],"Pandora\u0027s Box":["Crescendo","FlurryOfBlows","Establishment","Vengeance","FlyingSleeves","LessonLearned","ReachHeaven","BattleHymn"],"Eternal Feather":84,"War Paint":["ThirdEye","Protect"],"Cursed Key":0,"obtain_stats":[{"Enchiridion":30,"Eternal Feather":9,"War Paint":10,"Cursed Key":34,"Sling":38,"CaptainsWheel":6,"Bottled Flame":26,"FaceOfCleric":3,"Pantograph":12,"Bronze Scales":14,"Pandora\u0027s Box":0,"Philosopher\u0027s Stone":17,"PureWater":0,"InkBottle":24,"Toy Ornithopter":27},{"Enchiridion":14,"Eternal Feather":4,"War Paint":5,"Cursed Key":16,"Sling":19,"CaptainsWheel":4,"Bottled Flame":13,"FaceOfCleric":1,"Pantograph":7,"Bronze Scales":8,"Pandora\u0027s Box":0,"Philosopher\u0027s Stone":9,"PureWater":0,"InkBottle":13,"Toy Ornithopter":14},{"Enchiridion":49,"Eternal Feather":11,"War Paint":14,"Cursed Key":59,"Sling":70,"CaptainsWheel":11,"Bottled Flame":45,"FaceOfCleric":2,"Pantograph":23,"Bronze Scales":27,"Pandora\u0027s Box":0,"Philosopher\u0027s Stone":32,"PureWater":0,"InkBottle":45,"Toy Ornithopter":49}],"InkBottle":[12],"Toy Ornithopter":15},"card_choices":[{"not_picked":["ForeignInfluence","Perseverance"],"picked":"Wallop","floor":1.0},{"not_picked":["Pray","SashWhip"],"picked":"FearNoEvil","floor":4.0},{"not_picked":["EmptyBody","Crescendo"],"picked":"ThirdEye","floor":5.0},{"not_picked":["SashWhip","Worship"],"picked":"Consecrate","floor":6.0},{"not_picked":["BattleHymn","EmptyFist"],"picked":"Wallop","floor":10.0},{"not_picked":["Evaluate","FlyingSleeves"],"picked":"MentalFortress","floor":11.0},{"not_picked":["LessonLearned","Study","JustLucky"],"picked":"SKIP","floor":12.0},{"not_picked":["CrushJoints","InnerPeace"],"picked":"Adaptation","floor":14.0},{"not_picked":["ConjureBlade","Brilliance"],"picked":"Wish","floor":16.0},{"not_picked":["Nirvana","PathToVictory","EmptyBody"],"picked":"SKIP","floor":18.0},{"not_picked":["Indignation","SandsOfTime"],"picked":"ThirdEye","floor":20},{"not_picked":["SignatureMove+1","Pray"],"picked":"FlurryOfBlows","floor":21},{"not_picked":["Halt","CarveReality"],"picked":"ClearTheMind","floor":24},{"not_picked":["Consecrate","CrushJoints","FollowUp"],"picked":"SKIP","floor":27},{"not_picked":["Prostrate","EmptyBody"],"picked":"Study+1","floor":31},{"not_picked":["SpiritShield","ConjureBlade"],"picked":"DevaForm","floor":33},{"not_picked":["FlyingSleeves","Worship"],"picked":"Protect","floor":35},{"not_picked":["Evaluate","SandsOfTime"],"picked":"EmptyFist+1","floor":36},{"not_picked":["Prostrate","Crescendo"],"picked":"FlurryOfBlows+1","floor":37}],"player_experience":1169819,"relics_obtained":[{"floor":6.0,"key":"CaptainsWheel"},{"floor":9.0,"key":"Eternal Feather"},{"floor":10.0,"key":"War Paint"},{"floor":12.0,"key":"Pantograph"},{"floor":14.0,"key":"Bronze Scales"},{"floor":24,"key":"InkBottle"},{"floor":26,"key":"Bottled Flame"},{"floor":27,"key":"Toy Ornithopter"},{"floor":30,"key":"Enchiridion"}],"event_choices":[{"damage_healed":0.0,"max_hp_gain":0.0,"max_hp_loss":0.0,"gold_gain":150.0,"event_name":"Liars Game","player_choice":"AGREE","floor":2.0,"gold_loss":0.0,"damage_taken":0.0,"cards_obtained":["Doubt"]},{"damage_healed":0.0,"max_hp_gain":0.0,"max_hp_loss":0.0,"gold_gain":0.0,"event_name":"FaceTrader","player_choice":"Trade","floor":3.0,"gold_loss":0.0,"damage_taken":0.0,"relics_obtained":["FaceOfCleric"]},{"damage_healed":0.0,"max_hp_gain":0.0,"max_hp_loss":0.0,"gold_gain":0.0,"event_name":"Drug Dealer","player_choice":"Obtain J.A.X.","floor":19.0,"gold_loss":0.0,"damage_taken":0.0,"cards_obtained":["J.A.X."]},{"damage_healed":0,"gold_gain":50,"player_choice":"Stole From Cult","damage_taken":0,"max_hp_gain":0,"max_hp_loss":0,"event_name":"Nest","floor":22,"gold_loss":0},{"damage_healed":0,"gold_gain":0,"player_choice":"Obtained Book","damage_taken":21,"max_hp_gain":0,"max_hp_loss":0,"event_name":"Cursed Tome","floor":30,"gold_loss":0},{"cards_removed":["BattleHymn"],"damage_healed":0,"gold_gain":0,"player_choice":"Removed Power","damage_taken":0,"max_hp_gain":0,"max_hp_loss":0,"event_name":"Falling","floor":39,"gold_loss":0}],"is_beta":false,"boss_relics":[{"not_picked":["Runic Pyramid","Ectoplasm"],"picked":"Philosopher\u0027s Stone"},{"not_picked":["SlaversCollar","Velvet Choker"],"picked":"Cursed Key"}],"items_purged_floors":[7,38],"is_endless":false,"potions_floor_spawned":[1,5,14,16,18,24,33,36],"killed_by":"Nemesis","ascension_level":20}}