{"host":"u2qrfxkm3wve0vp3","time":1613579881,"event":{"mods":["AchievementEnabler","BaseMod","Downfall","Hermit","Marisa£®ÏF”Í°°ƒß¿Ì…≥£©","Minty Spire (QoL Compilation)","Quick Restart","Shop Mod","StSLib","Td1madao Mod","The Cursed","The Marked","The Poker Player","The Senshi","The Servant 0.9.4"],"gold_per_floor":[99,114,114,114,134,134,134,134,134,153,178,198,233,242,266,379,379,379,406,85,85,182,196,274,274,298,298,321,321,321,321],"floor_reached":29,"language":"ZHS","playtime":1702,"items_purged":["Slimebound:Strike_Slimebound","Slimebound:Tackle"],"score":233,"play_id":"cdd38e3f-11e3-4a86-a268-97a494a353e8","local_time":"20210218003801","is_ascension_mode":false,"campfire_choices":[{"data":"Slimebound:CorrosiveSpit","floor":1,"key":"SMITH"},{"data":"Slimebound:Split","floor":9,"key":"SMITH"},{"data":"Slimebound:MassRepurpose","floor":18,"key":"SMITH"},{"data":"Slimebound:MassRepurpose","floor":27,"key":"SMITH"}],"circlet_count":0,"master_deck":["Slimebound:Defend_Slimebound","Slimebound:Defend_Slimebound","Slimebound:Split+1","Slimebound:CorrosiveSpit+1","Slimebound:ForwardTackle","Slimebound:SplitBruiser","Clumsy","Slimebound:Nibble","Slimebound:MassRepurpose+1","Slimebound:SplitAcid","Slimebound:LeadByExample","Slimebound:SplitMire","Slimebound:MassRepurpose+1","Slimebound:SlimeBarrage","Slimebound:Overexert","Slimebound:SplitAcid","expansioncontent:QuickStudy","Slimebound:PressTheAttack+1","Slimebound:LivingWall"],"relics":["Slimebound:AbsorbEndCombat","The Courier","Lizard Tail","CeramicFish","Velvet Choker","Incense Burner"],"acts_visited":["Exordium","TheCity"],"potions_floor_usage":[23,23,26,29],"damage_taken":[{"damage":4,"enemies":"Jaw Worm","floor":2,"turns":4},{"damage":6,"enemies":"Small Slimes","floor":5,"turns":3},{"damage":0,"enemies":"Cultist","floor":8,"turns":1},{"damage":6,"enemies":"Large Slime","floor":10,"turns":2},{"damage":19,"enemies":"Lagavulin","floor":11,"turns":4},{"damage":18,"enemies":"Lots of Slimes","floor":12,"turns":3},{"damage":26,"enemies":"3 Sentries","floor":13,"turns":5},{"damage":7,"enemies":"Exordium Thugs","floor":15,"turns":3},{"damage":38,"enemies":"WA_ARCHETYPE_RETAIN","floor":16,"turns":6},{"damage":4,"enemies":"downfall:LooterAlt2","floor":19,"turns":3},{"damage":7,"enemies":"downfall:FleeingMerchant","floor":20,"turns":4},{"damage":12,"enemies":"downfall:FleeingMerchant","floor":22,"turns":4},{"damage":1,"enemies":"3 Byrds","floor":23,"turns":2},{"damage":37,"enemies":"Snake Plant","floor":26,"turns":3},{"damage":6,"enemies":"Sentry and Sphere","floor":28,"turns":4},{"damage":22,"enemies":"Book of Stabbing","floor":29,"turns":3}],"seed_played":"5422100584064668817","potions_obtained":[{"floor":2,"key":"SpeedPotion"},{"floor":13,"key":"bronze:BurnAndBuffPotion"},{"floor":15,"key":"Fire Potion"},{"floor":16,"key":"champ:CounterPotion"},{"floor":19,"key":"Fire Potion"},{"floor":23,"key":"Strength Potion"},{"floor":25,"key":"downfall:CursedFountainPotion"},{"floor":28,"key":"LiquidMemories"}],"is_trial":false,"path_per_floor":["R","M","?","?","M","?","T","M","R","M","E","M","E","?","M","B",null,"R","M","$","?","$","M","T","?","M","R","M","E"],"character_chosen":"SLIMEBOUND","items_purchased":["Incense Burner","expansioncontent:QuickStudy"],"campfire_rested":0,"item_purchase_floors":[20,22],"current_hp_per_floor":[71,70,70,70,66,66,66,66,66,62,49,33,7,7,4,11,71,71,71,70,70,60,59,59,59,22,22,20,0,0,0],"gold":321,"neow_bonus":"TEN_PERCENT_HP_BONUS","is_daily":false,"chose_seed":false,"campfire_upgraded":4,"win_rate":0.0,"timestamp":1613579881,"path_taken":["R","M","?","?","M","?","T","M","R","M","E","?","E","?","M","BOSS","R","M","?","?","$","M","T","?","?","R","M","E"],"items_purchased_type":["Relic","Card"],"build_version":"2020-12-22","purchased_purges":2,"victory":false,"max_hp_per_floor":[71,71,71,71,71,71,71,71,71,71,71,71,71,71,71,71,71,71,71,71,71,71,71,71,71,71,71,71,71,71,71],"card_choices":[{"not_picked":["Slimebound:SlimeSpikes","Slimebound:MegaLick"],"picked":"Slimebound:ForwardTackle","floor":2},{"not_picked":["Slimebound:GoopTackle","Slimebound:Prepare"],"picked":"Slimebound:SplitBruiser","floor":5},{"not_picked":["Slimebound:ComboTackle","Slimebound:LeechingTouch"],"picked":"Slimebound:Nibble","floor":8},{"not_picked":["Slimebound:FlameTackle","Slimebound:SplitBruiser"],"picked":"Slimebound:MassRepurpose","floor":10},{"not_picked":["Slimebound:SlimeBarrage","Slimebound:SlimeSpikes"],"picked":"Slimebound:SplitAcid","floor":11},{"not_picked":["Slimebound:Schlurp","Slimebound:LeechingTouch"],"picked":"Slimebound:LeadByExample","floor":12},{"not_picked":["Slimebound:LeechEnergy","Slimebound:FinishingTackle"],"picked":"Slimebound:SplitMire","floor":13},{"not_picked":["Slimebound:ProtectTheBoss","Slimebound:LivingWall"],"picked":"Slimebound:SlimeBarrage","floor":15},{"not_picked":["Slimebound:MassFeed","Slimebound:DouseInSlime"],"picked":"Slimebound:Overexert","floor":16},{"not_picked":["Slimebound:HauntingLick","Slimebound:RollThrough"],"picked":"Slimebound:SplitAcid","floor":19},{"not_picked":["Slimebound:SplitLeeching+1","Slimebound:Schlurp","Slimebound:GoopTackle+1"],"picked":"SKIP","floor":20},{"not_picked":["Slimebound:SlimeSpikes+1","Slimebound:SplitAcid+1","Slimebound:ViciousTackle+1"],"picked":"SKIP","floor":22},{"not_picked":["Slimebound:SpikyOuterGoop","Slimebound:ItLooksTasty+1","Slimebound:HauntingLick+1"],"picked":"SKIP","floor":23},{"not_picked":["Slimebound:Prepare","Slimebound:ComboTackle"],"picked":"Slimebound:PressTheAttack+1","floor":26},{"not_picked":["Slimebound:GoopSpray","Slimebound:FlameTackle"],"picked":"Slimebound:LivingWall","floor":28}],"player_experience":339468,"relics_obtained":[{"floor":7,"key":"The Courier"},{"floor":11,"key":"Lizard Tail"},{"floor":13,"key":"CeramicFish"}],"event_choices":[{"damage_healed":0,"gold_gain":0,"player_choice":"Ignored","damage_taken":0,"max_hp_gain":0,"max_hp_loss":0,"event_name":"Vampires","floor":21,"gold_loss":0}],"is_beta":false,"boss_relics":[{"not_picked":["Cursed Key","Tiny House"],"picked":"Velvet Choker"}],"items_purged_floors":[20,22],"is_endless":false,"potions_floor_spawned":[2,13,15,16,19,23,28],"killed_by":"Book of Stabbing","ascension_level":0}}