{"host":"gyvm9iplrwbfzexe","time":1613595382,"event":{"mods":["BaseMod","Minty Spire (QoL Compilation)","StSLib"],"gold_per_floor":[109,129,129,141,152,152,77,105,105,133,153,165,165,209,209,337,337,352,352,3,3,17,58,73,73,96,132,157,170,184,207,207,326,389,414,414,434,459,473,511,511,551,551,551,572,605,629,648,648,648],"floor_reached":51,"language":"ENG","playtime":3167,"items_purged":["Strike_G"],"score":1120,"play_id":"6ffe53cb-66ef-4273-aaf2-1ac343a283e9","local_time":"20210217145622","is_ascension_mode":true,"campfire_choices":[{"data":"Eviscerate","floor":6.0,"key":"SMITH"},{"data":"Leg Sweep","floor":15.0,"key":"SMITH"},{"data":"Outmaneuver","floor":25.0,"key":"SMITH"},{"floor":32,"key":"REST"},{"data":"Adrenaline","floor":41,"key":"SMITH"},{"data":"Outmaneuver","floor":44,"key":"SMITH"},{"data":"Tactician","floor":49,"key":"SMITH"}],"circlet_count":0,"master_deck":["Survivor","Neutralize","Eviscerate+1","Outmaneuver+1","Predator+1","Dagger Throw","Dash+1","Underhanded Strike+1","Outmaneuver+1","Leg Sweep+1","Phantasmal Killer","Adrenaline+1","Well Laid Plans","Deadly Poison","Envenom","Masterful Stab+1","PiercingWail","Masterful Stab+1","Dagger Throw+1","Mayhem","All Out Attack+1","Quick Slash+1","Flying Knee+1","Dagger Throw+1","Dash+1","Quick Slash+1","Phantasmal Killer","Tactician+1","Dagger Throw+1","Parasite","Underhanded Strike+1","Eviscerate+1"],"relics":["Snecko Eye","Molten Egg 2","Eternal Feather","The Courier","Golden Idol","Bag of Marbles","Pandora\u0027s Box","Shuriken","Mummified Hand","Bag of Preparation","PreservedInsect","Tiny House","Bottled Flame","Frozen Egg 2","Gremlin Horn","StoneCalendar"],"acts_visited":["Exordium","TheCity","TheBeyond"],"potions_floor_usage":[33,35,46,48,50],"damage_taken":[{"damage":1.0,"enemies":"Jaw Worm","floor":1.0,"turns":5.0},{"damage":0.0,"enemies":"Cultist","floor":2.0,"turns":3.0},{"damage":0.0,"enemies":"2 Louse","floor":4.0,"turns":2.0},{"damage":6.0,"enemies":"Looter","floor":5.0,"turns":2.0},{"damage":15.0,"enemies":"Lagavulin","floor":8.0,"turns":5.0},{"damage":0.0,"enemies":"3 Sentries","floor":10.0,"turns":4.0},{"damage":8.0,"enemies":"Gremlin Gang","floor":11.0,"turns":5.0},{"damage":0.0,"enemies":"3 Louse","floor":12.0,"turns":2.0},{"damage":0.0,"enemies":"Gremlin Nob","floor":14.0,"turns":2.0},{"damage":17.0,"enemies":"Hexaghost","floor":16.0,"turns":10.0},{"damage":8.0,"enemies":"Chosen","floor":18.0,"turns":2.0},{"damage":10.0,"enemies":"Shell Parasite","floor":22.0,"turns":2.0},{"damage":23.0,"enemies":"Slavers","floor":23.0,"turns":3.0},{"damage":4.0,"enemies":"Centurion and Healer","floor":24.0,"turns":4.0},{"damage":6.0,"enemies":"Book of Stabbing","floor":27.0,"turns":2.0},{"damage":0.0,"enemies":"Snake Plant","floor":28.0,"turns":1.0},{"damage":0.0,"enemies":"Snecko","floor":29.0,"turns":2.0},{"damage":18.0,"enemies":"Shelled Parasite and Fungi","floor":30.0,"turns":2.0},{"damage":0.0,"enemies":"3 Cultists","floor":31.0,"turns":3.0},{"damage":0,"enemies":"Collector","floor":33,"turns":5},{"damage":0,"enemies":"3 Darklings","floor":35,"turns":3},{"damage":25,"enemies":"3 Shapes","floor":37,"turns":3},{"damage":0,"enemies":"3 Darklings","floor":38,"turns":3},{"damage":0,"enemies":"Writhing Mass","floor":39,"turns":2},{"damage":0,"enemies":"Reptomancer","floor":40,"turns":2},{"damage":0,"enemies":"Giant Head","floor":42,"turns":4},{"damage":3,"enemies":"4 Shapes","floor":45,"turns":2},{"damage":0,"enemies":"Nemesis","floor":46,"turns":3},{"damage":0,"enemies":"Jaw Worm Horde","floor":47,"turns":2},{"damage":0,"enemies":"Sphere and 2 Shapes","floor":48,"turns":3},{"damage":17,"enemies":"Awakened One","floor":50,"turns":6}],"seed_played":"85343318401883115","potions_obtained":[{"floor":1.0,"key":"Poison Potion"},{"floor":4.0,"key":"DuplicationPotion"},{"floor":8.0,"key":"Strength Potion"},{"floor":10.0,"key":"Weak Potion"},{"floor":14.0,"key":"Swift Potion"},{"floor":18.0,"key":"GamblersBrew"},{"floor":23.0,"key":"BlessingOfTheForge"},{"floor":29.0,"key":"FairyPotion"},{"floor":33,"key":"ColorlessPotion"},{"floor":34,"key":"Weak Potion"},{"floor":35,"key":"Dexterity Potion"},{"floor":39,"key":"LiquidMemories"},{"floor":47,"key":"Block Potion"}],"is_trial":false,"path_per_floor":["M","M","?","M","M","R","$","E","T","E","M","M","?","E","R","B",null,"M","?","$","?","M","E","M","R","T","E","M","M","M","M","R","B",null,"M","?","M","M","M","E","R","E","T","R","M","E","M","M","R","B",null],"character_chosen":"THE_SILENT","items_purchased":["Mayhem","Shuriken"],"campfire_rested":1,"item_purchase_floors":[20,20],"current_hp_per_floor":[69,69,69,69,63,63,63,48,48,48,40,40,23,23,32,15,70,62,62,62,62,52,29,25,37,37,31,31,31,13,13,49,49,75,75,75,50,50,50,50,68,68,68,75,72,72,72,72,75,58],"gold":648,"neow_bonus":"BOSS_RELIC","is_daily":false,"chose_seed":false,"campfire_upgraded":6,"win_rate":0.0,"timestamp":1613595382,"path_taken":["M","M","?","M","M","R","$","E","T","E","M","?","?","E","R","BOSS","M","?","$","?","M","E","?","R","T","E","M","M","M","M","R","BOSS","M","?","?","M","M","E","R","E","T","R","M","E","M","M","R","BOSS"],"items_purchased_type":["Card","Relic"],"build_version":"2020-12-22","purchased_purges":1,"victory":true,"max_hp_per_floor":[70,70,70,70,70,70,70,70,70,70,70,70,70,70,70,70,70,70,70,70,70,70,70,70,70,70,70,70,70,70,70,70,70,75,75,75,75,75,75,75,75,75,75,75,75,75,75,75,75,75],"card_choices":[{"not_picked":["Backstab","Cloak And Dagger"],"picked":"Eviscerate","floor":1.0},{"not_picked":["Dagger Spray","Bane"],"picked":"Outmaneuver","floor":2.0},{"not_picked":["Deflect","Flying Knee"],"picked":"Predator","floor":4.0},{"not_picked":["PiercingWail","Bane"],"picked":"Dagger Throw","floor":5.0},{"not_picked":["Choke+1","Backflip"],"picked":"Dash+1","floor":8.0},{"not_picked":["Prepared","Backstab+1"],"picked":"Underhanded Strike+1","floor":10.0},{"not_picked":["Catalyst","Well Laid Plans"],"picked":"Outmaneuver","floor":11.0},{"not_picked":["Caltrops","Noxious Fumes","Accuracy"],"picked":"SKIP","floor":12.0},{"not_picked":["Backflip","Riddle With Holes+1"],"picked":"Leg Sweep","floor":14.0},{"not_picked":["Storm of Steel","Adrenaline"],"picked":"Phantasmal Killer","floor":16.0},{"not_picked":["Tactician+1","Bane+1"],"picked":"Dagger Throw+1","floor":18.0},{"not_picked":["Skewer+1","Cloak And Dagger+1"],"picked":"Quick Slash+1","floor":22.0},{"not_picked":["Underhanded Strike+1","Riddle With Holes+1"],"picked":"Flying Knee+1","floor":23.0},{"not_picked":["Doppelganger","Poisoned Stab+1"],"picked":"Dagger Throw+1","floor":24.0},{"not_picked":["Finisher+1","Prepared+1","Sucker Punch+1"],"picked":"SKIP","floor":27.0},{"not_picked":["Flying Knee+1","Deflect"],"picked":"Dash+1","floor":28.0},{"not_picked":["Prepared","Blade Dance"],"picked":"Quick Slash+1","floor":29.0},{"not_picked":["Bouncing Flask+1","Slice+1","Dagger Spray+1"],"picked":"SKIP","floor":30.0},{"not_picked":["Die Die Die+1","Poisoned Stab+1","Infinite Blades"],"picked":"SKIP","floor":31.0},{"not_picked":["Doppelganger","After Image"],"picked":"Phantasmal Killer","floor":33},{"not_picked":["Slice+1","Dodge and Roll+1"],"picked":"Tactician","floor":34},{"not_picked":["Dodge and Roll","Acrobatics","Infinite Blades+1"],"picked":"SKIP","floor":35},{"not_picked":["Cloak And Dagger","PiercingWail"],"picked":"Dagger Throw+1","floor":37},{"not_picked":["Prepared+1","Caltrops","Expertise"],"picked":"SKIP","floor":38},{"not_picked":["Catalyst+1","Caltrops+1","Deflect+1"],"picked":"SKIP","floor":39},{"not_picked":["Distraction","Accuracy+1","Blur"],"picked":"SKIP","floor":40},{"not_picked":["Footwork+1","Dagger Throw+1"],"picked":"Underhanded Strike+1","floor":42},{"not_picked":["Bane+1","Leg Sweep+1","Deflect"],"picked":"SKIP","floor":45},{"not_picked":["Footwork+1","Flechettes+1"],"picked":"Eviscerate+1","floor":46},{"not_picked":["Accuracy+1","Well Laid Plans+1","Acrobatics"],"picked":"SKIP","floor":47},{"not_picked":["PiercingWail","Bouncing Flask+1","Well Laid Plans+1"],"picked":"SKIP","floor":48}],"player_experience":51798,"relics_obtained":[{"floor":8.0,"key":"Molten Egg 2"},{"floor":9.0,"key":"Eternal Feather"},{"floor":10.0,"key":"The Courier"},{"floor":14.0,"key":"Bag of Marbles"},{"floor":23.0,"key":"Mummified Hand"},{"floor":26.0,"key":"Bag of Preparation"},{"floor":27.0,"key":"PreservedInsect"},{"floor":40,"key":"Bottled Flame"},{"floor":42,"key":"Frozen Egg 2"},{"floor":43,"key":"Gremlin Horn"},{"floor":46,"key":"StoneCalendar"}],"event_choices":[{"cards_removed":["Strike_G"],"damage_healed":0.0,"max_hp_gain":0.0,"max_hp_loss":0.0,"gold_gain":0.0,"event_name":"Purifier","player_choice":"Purged","floor":3.0,"gold_loss":0.0,"damage_taken":0.0},{"damage_healed":0.0,"max_hp_gain":0.0,"max_hp_loss":0.0,"gold_gain":0.0,"event_name":"Golden Idol","player_choice":"Take Damage","floor":13.0,"gold_loss":0.0,"damage_taken":17.0,"relics_obtained":["Golden Idol"]},{"damage_healed":0.0,"max_hp_gain":0.0,"max_hp_loss":0.0,"gold_gain":0.0,"event_name":"Ghosts","player_choice":"Ignored","floor":19.0,"gold_loss":0.0,"damage_taken":0.0},{"damage_healed":0.0,"max_hp_gain":0.0,"max_hp_loss":0.0,"gold_gain":0.0,"cards_transformed":["Reflex"],"event_name":"Transmorgrifier","player_choice":"Transformed","floor":21.0,"gold_loss":0.0,"damage_taken":0.0,"cards_obtained":["All Out Attack"]},{"damage_healed":0,"gold_gain":0,"player_choice":"Bought 0 Potions","damage_taken":0,"max_hp_gain":0,"max_hp_loss":0,"event_name":"The Woman in Blue","floor":36,"gold_loss":0}],"is_beta":false,"boss_relics":[{"not_picked":["Cursed Key","SlaversCollar"],"picked":"Pandora\u0027s Box"},{"not_picked":["Coffee Dripper","Velvet Choker"],"picked":"Tiny House"}],"items_purged_floors":[7],"is_endless":false,"potions_floor_spawned":[1,4,8,10,14,18,23,28,29,33,35,39,40,47],"ascension_level":3}}