{"host":"lstr3pesnbx2qpzo","time":1613591059,"event":{"mods":["Aspiration","BaseMod","Conspire","Downfall","Hubris","Infinite Spire","Minty Spire (QoL Compilation)","Replay The Spire","StSLib"],"gold_per_floor":[99,116,51,71,56,74,99,99,134,44,55,55,67,67,81,185,185,185,202,202,216,216,231,231,65,76,76,76,91,91,91,91,91,91],"floor_reached":32,"language":"ENG","playtime":1881,"items_purged":["champ:Strike"],"score":242,"play_id":"191a4ab8-50ba-4087-846e-dc3eace82770","local_time":"20210217124419","is_ascension_mode":false,"campfire_choices":[{"data":"champ:Taunt","floor":1,"key":"SMITH"},{"data":"champ:CrookedStrike","floor":8,"key":"SMITH"},{"data":"champ:EnragedBash","floor":12,"key":"SMITH"},{"data":"champ:SteelEdge","floor":18,"key":"SMITH"},{"data":"champ:ShieldWall","floor":27,"key":"SMITH"},{"data":"champ:FanOfKnives","floor":30,"key":"SMITH"}],"circlet_count":0,"master_deck":["champ:Strike","champ:Strike","champ:Defend","champ:Defend","champ:Defend","champ:Defend","champ:Execute","champ:Taunt+1","champ:FlashCut","champ:AdrenalArmor","champ:FanOfKnives+1","champ:ShieldSlam","champ:Backstep","champ:CrookedStrike+1","champ:HeartStrike","champ:EnragedBash+1","champ:EnragedBash+1","champ:ShieldWall+1","champ:SteelEdge+1","champ:TornadoPunch"],"relics":["champ:ChampionCrownUpgraded","Gremlin Food","conspire:TopHat","conspire:BottledYoYo","Bag of Marbles"],"acts_visited":["Exordium","TheCity"],"potions_floor_usage":[15,16,16,23,26,29],"damage_taken":[{"damage":24,"enemies":"Cultist","floor":2,"turns":5},{"damage":30,"enemies":"downfall:FleeingMerchant","floor":3,"turns":4},{"damage":10,"enemies":"Small Slimes","floor":4,"turns":2},{"damage":30,"enemies":"downfall:FleeingMerchant","floor":5,"turns":4},{"damage":11,"enemies":"Jaw Worm","floor":6,"turns":4},{"damage":30,"enemies":"3 Sentries","floor":9,"turns":7},{"damage":35,"enemies":"downfall:FleeingMerchant","floor":10,"turns":4},{"damage":4,"enemies":"Lots of Slimes","floor":11,"turns":3},{"damage":33,"enemies":"Red Slaver","floor":13,"turns":4},{"damage":8,"enemies":"3 Louse","floor":15,"turns":2},{"damage":43,"enemies":"DF_ARCHETYPE_STREAMLINE","floor":16,"turns":6},{"damage":21,"enemies":"Shell Parasite","floor":19,"turns":4},{"damage":40,"enemies":"Chosen","floor":21,"turns":5},{"damage":37,"enemies":"Centurion and Healer","floor":23,"turns":5},{"damage":35,"enemies":"downfall:FleeingMerchant","floor":25,"turns":4},{"damage":60,"enemies":"Snake Plant","floor":26,"turns":5},{"damage":27,"enemies":"Shelled Parasite and Fungi","floor":29,"turns":4},{"damage":28,"enemies":"3 Cultists","floor":32,"turns":4}],"seed_played":"-6509858451299407776","potions_obtained":[{"floor":2,"key":"LifebloodPotion"},{"floor":6,"key":"PowerPotion"},{"floor":9,"key":"Fire Potion"},{"floor":15,"key":"Strength Potion"},{"floor":16,"key":"DuplicationPotion"},{"floor":21,"key":"LiquidMemories"},{"floor":23,"key":"Explosive Potion"},{"floor":28,"key":"CultistPotion"},{"floor":29,"key":"Explosive Potion"}],"is_trial":false,"path_per_floor":["R","M","$","M","$","M","T","R","E","$","M","R","M","?","M","B",null,"R","M","?","M","?","M","T","$","M","R","?","M","R","?","M"],"character_chosen":"THE_CHAMP","items_purchased":["champ:FanOfKnives","Bag of Marbles"],"campfire_rested":0,"item_purchase_floors":[3,25],"current_hp_per_floor":[99,85,80,80,80,79,79,79,59,44,40,40,32,32,24,5,99,99,98,98,78,78,66,66,56,16,16,16,14,14,14,0,0,0],"gold":91,"neow_bonus":"TEN_PERCENT_HP_BONUS","is_daily":false,"chose_seed":false,"campfire_upgraded":6,"win_rate":0.0,"timestamp":1613591059,"path_taken":["R","M","$","?","?","M","T","R","E","$","M","R","M","?","M","BOSS","R","M","?","M","?","?","T","?","M","R","?","M","R","?","M"],"items_purchased_type":["Card","Relic"],"build_version":"2020-12-22","purchased_purges":1,"victory":false,"max_hp_per_floor":[99,99,99,99,99,99,99,99,99,99,99,99,99,99,99,99,99,99,99,99,99,99,99,99,99,99,99,99,99,99,99,99,99,99],"card_choices":[{"not_picked":["champ:RapidStrikes","champ:DefensiveShout"],"picked":"champ:FlashCut","floor":2},{"not_picked":["champ:TornadoPunch","champ:BringItOn"],"picked":"champ:AdrenalArmor","floor":3},{"not_picked":["champ:BerserkersShout","champ:EnragedBash"],"picked":"champ:ShieldSlam","floor":4},{"not_picked":["champ:PreemptiveStrike","champ:Haymaker"],"picked":"champ:Backstep","floor":5},{"not_picked":["champ:FalseCounter","champ:Shatter"],"picked":"champ:CrookedStrike","floor":6},{"not_picked":["champ:AdrenalArmor","champ:Shatter"],"picked":"champ:HeartStrike","floor":9},{"not_picked":["champ:AdrenalArmor","champ:Circumvent","champ:Duel"],"picked":"SKIP","floor":10},{"not_picked":["champ:GutPunch","champ:Circumvent"],"picked":"champ:EnragedBash","floor":11},{"not_picked":["champ:StanceDance","champ:ShieldThrow","champ:Shatter"],"picked":"SKIP","floor":13},{"not_picked":["champ:Lariat","champ:TornadoPunch"],"picked":"champ:ShieldWall","floor":15},{"not_picked":["champ:IgnorePain","champ:HeavySlash"],"picked":"champ:SteelEdge","floor":16},{"not_picked":["champ:TornadoPunch","champ:Circumvent","champ:Shatter"],"picked":"SKIP","floor":19},{"not_picked":["champ:EnGarde","champ:PreciseThrust+1","champ:BringItOn"],"picked":"SKIP","floor":21},{"not_picked":["champ:PreemptiveStrike","champ:RapidStrikes","champ:FancyFootwork"],"picked":"SKIP","floor":23},{"not_picked":["champ:BladeFlurry","champ:FancyFootwork","champ:RecklessLeap+1"],"picked":"SKIP","floor":25},{"not_picked":["champ:GladiatorStyle","champ:Parry","champ:Improvising"],"picked":"SKIP","floor":26},{"not_picked":["champ:Backstep","champ:PerfectedStrike","champ:Shatter"],"picked":"SKIP","floor":29}],"player_experience":253507,"relics_obtained":[{"floor":7,"key":"Gremlin Food"},{"floor":9,"key":"conspire:TopHat"},{"floor":24,"key":"conspire:BottledYoYo"}],"event_choices":[{"damage_healed":0,"gold_gain":0,"player_choice":"Ignored","damage_taken":0,"max_hp_gain":0,"max_hp_loss":0,"event_name":"Vampires","floor":20,"gold_loss":0}],"is_beta":false,"boss_relics":[{"not_picked":["aspiration:RitualDagger","Replay:Grab Bag"],"picked":"champ:ChampionCrownUpgraded"}],"items_purged_floors":[10],"is_endless":false,"potions_floor_spawned":[2,6,9,13,15,16,21,23,29],"killed_by":"3 Cultists","ascension_level":0}}