{"host":"blhqr6uo32maonpv","time":1613552734,"event":{"mods":["BaseMod","Conspire","Downfall","Minty Spire (QoL Compilation)","StSLib","The Bug Knight","The Marked"],"gold_per_floor":[110,130,130,147,147,179,179,217,243,243,243,243,53,68,68,172,172,186,276,287,301,301,336,139,155,205,130,149,149,161,161,161],"floor_reached":31,"language":"ENG","playtime":1437,"items_purged":[],"score":280,"play_id":"251d359c-b592-418f-af6d-18b34c3825a0","local_time":"20210217050534","is_ascension_mode":false,"campfire_choices":[{"floor":7,"key":"REST"},{"floor":12,"key":"REST"},{"data":"HollowMod:ShadowDash","floor":15,"key":"SMITH"}],"circlet_count":0,"master_deck":["HollowMod:NailStrikeStart","HollowMod:NailStrikeStart","HollowMod:NailStrikeStart","HollowMod:QuickDashStart+1","HollowMod:QuickDashStart","HollowMod:QuickDashStart","HollowMod:QuickDashStart","HollowMod:FocusHealStart+1","HollowMod:PogoStrike","HollowMod:DescendingDark","HollowMod:VengefulVoid","HollowMod:VengefulVoid","HollowMod:MonarchWings","HollowMod:VengefulVoid","HollowMod:DashSlash","HollowMod:ShadowDash+1","HollowMod:Weaversong","HollowMod:RecoilStrike","HollowMod:GrimmsGift+1","HollowMod:PerfectDash","HollowMod:MonarchWings","HollowMod:DoubleDash","HollowMod:HeavyBlow","HollowMod:SiblingsShadow","HollowMod:VengefulVoid","HollowMod:NewJinnsSoul"],"relics":["HollowMod:VesselMask","MealTicket","Ancient Tea Set","Centennial Puzzle","Kunai","Strange Spoon","SlaversCollar","Question Card","Lee\u0027s Waffle","Happy Flower"],"acts_visited":["Exordium","TheCity"],"potions_floor_usage":[6,21,21,23,31,31],"damage_taken":[{"damage":10,"enemies":"Cultist","floor":1,"turns":4},{"damage":1,"enemies":"Jaw Worm","floor":2,"turns":4},{"damage":0,"enemies":"Small Slimes","floor":4,"turns":1},{"damage":34,"enemies":"Gremlin Nob","floor":6,"turns":4},{"damage":50,"enemies":"conspire:MimicChest","floor":8,"turns":10},{"damage":4,"enemies":"Exordium Wildlife","floor":14,"turns":3},{"damage":27,"enemies":"HollowMod:FalseKnight","floor":16,"turns":11},{"damage":8,"enemies":"Chosen","floor":18,"turns":5},{"damage":2,"enemies":"Shell Parasite","floor":20,"turns":5},{"damage":9,"enemies":"Snecko","floor":21,"turns":3},{"damage":25,"enemies":"Book of Stabbing","floor":23,"turns":7},{"damage":7,"enemies":"Chosen and Byrds","floor":25,"turns":6},{"damage":32,"enemies":"Snake Plant","floor":28,"turns":6},{"damage":35,"enemies":"3 Cultists","floor":30,"turns":6},{"damage":57,"enemies":"Slavers","floor":31,"turns":4}],"seed_played":"-1178662391293871238","potions_obtained":[{"floor":2,"key":"PowerPotion"},{"floor":14,"key":"SneckoOil"},{"floor":16,"key":"Swift Potion"},{"floor":20,"key":"Explosive Potion"},{"floor":25,"key":"sneckomod:MuddlingPotion"},{"floor":28,"key":"FearPotion"}],"is_trial":false,"path_per_floor":["M","M","$","M","?","E","R","?","T","T","?","R","$","M","R","B",null,"M","?","M","M","?","E","$","M","T","$","M","?","M","E"],"character_chosen":"THE_BUGKNIGHT","items_purchased":["HollowMod:DashSlash","Strange Spoon","HollowMod:DoubleDash","Lee\u0027s Waffle","HollowMod:SiblingsShadow"],"campfire_rested":2,"item_purchase_floors":[13,13,24,24,27],"current_hp_per_floor":[73,72,72,72,56,32,56,16,16,16,16,40,55,57,57,40,82,74,56,60,57,57,38,89,88,88,89,57,79,44,0,0],"gold":161,"neow_bonus":"TEN_PERCENT_HP_BONUS","is_daily":false,"chose_seed":false,"campfire_upgraded":1,"win_rate":0.0,"timestamp":1613552734,"path_taken":["M","M","$","?","?","E","R","?","T","?","?","R","?","M","R","BOSS","M","?","M","?","?","E","$","M","T","?","M","?","M","E"],"items_purchased_type":["Card","Relic","Card","Relic","Card"],"build_version":"2020-12-22","purchased_purges":0,"victory":false,"max_hp_per_floor":[82,82,82,82,82,82,82,82,82,82,82,82,82,82,82,82,82,82,82,82,82,82,82,89,89,89,89,89,89,89,89,89],"card_choices":[{"not_picked":["HollowMod:DungDefenderAura","HollowMod:HowlingWraiths"],"picked":"HollowMod:DescendingDark","floor":1},{"not_picked":["HollowMod:NewGlowingWomb","HollowMod:SoulStrike"],"picked":"HollowMod:VengefulVoid","floor":2},{"not_picked":["HollowMod:ChannelNail","HollowMod:SoulSplash"],"picked":"HollowMod:VengefulVoid","floor":4},{"not_picked":["HollowMod:ChannelNail","HollowMod:LifebloodCore"],"picked":"HollowMod:MonarchWings","floor":6},{"not_picked":["HollowMod:SoulSplash","HollowMod:SharpenedNail"],"picked":"HollowMod:VengefulVoid","floor":8},{"not_picked":["HollowMod:SoulShaman","HollowMod:TaintedHusks"],"picked":"HollowMod:ShadowDash","floor":14},{"not_picked":["HollowMod:MidwifesHunger","HollowMod:NewInfectedGuardian"],"picked":"HollowMod:Weaversong","floor":16},{"not_picked":["HollowMod:DashSlash+1","HollowMod:SoulShaman+1"],"picked":"HollowMod:RecoilStrike","floor":18},{"not_picked":["HollowMod:SoulEater","HollowMod:InfectedCysts+1"],"picked":"HollowMod:GrimmsGift+1","floor":20},{"not_picked":["HollowMod:InfectedCysts","HollowMod:FastStrike+1"],"picked":"HollowMod:PerfectDash","floor":21},{"not_picked":["HollowMod:InfectedCysts+1","HollowMod:MantisMark"],"picked":"HollowMod:MonarchWings","floor":23},{"not_picked":["HollowMod:ChannelNail","HollowMod:SoulStrike","HollowMod:DungDefenderAura"],"picked":"HollowMod:HeavyBlow","floor":25},{"not_picked":["HollowMod:VengefulSpirit","HollowMod:DesolateDive","HollowMod:HeavyBlow"],"picked":"HollowMod:VengefulVoid","floor":28},{"not_picked":["HollowMod:PureNailStrike","HollowMod:CornifersMapStart+1","HollowMod:TaintedHusks"],"picked":"HollowMod:NewJinnsSoul","floor":30}],"player_experience":29504,"relics_obtained":[{"floor":6,"key":"MealTicket"},{"floor":8,"key":"Ancient Tea Set"},{"floor":9,"key":"Centennial Puzzle"},{"floor":10,"key":"Kunai"},{"floor":23,"key":"Question Card"},{"floor":26,"key":"Happy Flower"}],"event_choices":[{"damage_healed":0,"gold_gain":0,"player_choice":"Entered Light","damage_taken":16,"max_hp_gain":0,"max_hp_loss":0,"event_name":"Shining Light","floor":5,"gold_loss":0,"cards_upgraded":["HollowMod:QuickDashStart","HollowMod:FocusHealStart"]},{"damage_healed":0,"gold_gain":90,"player_choice":"GOLD POTION ","damage_taken":18,"max_hp_gain":0,"max_hp_loss":0,"event_name":"Knowing Skull","floor":19,"potions_obtained":["Strength Potion"],"gold_loss":0,"cards_obtained":[]},{"cards_removed":["HollowMod:NailStrikeStart"],"damage_healed":0,"gold_gain":0,"player_choice":"Purged","damage_taken":0,"max_hp_gain":0,"max_hp_loss":0,"event_name":"Purifier","floor":22,"gold_loss":0}],"is_beta":false,"boss_relics":[{"not_picked":["Black Star","Snecko Eye"],"picked":"SlaversCollar"}],"items_purged_floors":[],"is_endless":false,"potions_floor_spawned":[2,14,16,20,25,28],"killed_by":"Slavers","ascension_level":0}}