{"host":"h2gxemxa99wv6yfu","time":1613546092,"event":{"mods":["AchievementEnabler","BaseMod","Better Note","Better Skull","BetterRewards","Block Reminder","Colored Powertips","Friendly Minions","Googly Eyes","Highlight Path","Infinite Spire","Minty Spire (QoL Compilation)","Permanent Neow","Quick Restart","Relic Sorter","Relic Stats","Reliquary","Replay The Spire","Shop Mod","StSLib","The Wild Card","Uncapped"],"gold_per_floor":[118,118,118,128,128,128,158,158,231,251,251,262,273,304,304,401,401,413,512,530,530,547,579,579,579],"floor_reached":24,"language":"ENG","playtime":878,"items_purged":[],"score":237,"play_id":"97b986b2-5b10-4d60-b996-4fb39b1dafb1","local_time":"20210217011452","is_ascension_mode":true,"campfire_choices":[{"data":"infinitespire:Collect","floor":6,"key":"SMITH"},{"floor":8,"key":"REST"},{"data":"theWildCard:PaleRider","floor":15,"key":"SMITH"}],"circlet_count":0,"master_deck":["Strike_B","Strike_B","Strike_B","Strike_B","Defend_B","Defend_B","Defend_B","Zap","Dualcast","Defend_B","Ball Lightning","theWildCard:PaleRider+1","Consume","infinitespire:Collect+1","Self Repair","Storm","Chill+1","Thunder Strike","Machine Learning","Capacitor","Go for the Eyes+1","Crystallizer+1","Amplify+1","Multi-Cast+1"],"relics":["Cracked Core","Prayer Wheel","Boot","Toxic Egg 2","Replay:Baseball","Prayer Wheel","Sozu","Eternal Feather"],"acts_visited":["Exordium","TheCity"],"potions_floor_usage":[],"damage_taken":[{"damage":10,"enemies":"Small Slimes","floor":1,"turns":3},{"damage":1,"enemies":"Jaw Worm","floor":4,"turns":3},{"damage":18,"enemies":"Gremlin Nob","floor":7,"turns":3},{"damage":0,"enemies":"2 Louse","floor":10,"turns":2},{"damage":6,"enemies":"Exordium Thugs","floor":12,"turns":3},{"damage":3,"enemies":"Looter","floor":13,"turns":3},{"damage":5,"enemies":"Lagavulin","floor":14,"turns":4},{"damage":45,"enemies":"Fading Forest","floor":16,"turns":11},{"damage":15,"enemies":"Shell Parasite","floor":18,"turns":5},{"damage":8,"enemies":"3 Byrds","floor":20,"turns":4},{"damage":14,"enemies":"Snake Plant","floor":22,"turns":4},{"damage":61,"enemies":"Slavers","floor":23,"turns":7},{"damage":23,"enemies":"Sentry and Sphere","floor":24,"turns":3}],"seed_played":"7947859135902169341","potions_obtained":[{"floor":4,"key":"AttackPotion"},{"floor":7,"key":"FocusPotion"},{"floor":10,"key":"SteroidPotion"}],"is_trial":false,"path_per_floor":["M","?","?","M","?","R","E","R","T","M","?","M","M","E","R","B",null,"M","?","M","?","M","E","M"],"character_chosen":"DEFECT","items_purchased":[],"campfire_rested":1,"item_purchase_floors":[],"current_hp_per_floor":[65,65,65,64,46,46,28,50,50,60,60,54,51,53,53,34,75,70,70,69,69,69,15,0,0],"gold":579,"neow_bonus":"ONE_RARE_RELIC","is_daily":false,"chose_seed":false,"campfire_upgraded":2,"win_rate":0.0,"timestamp":1613546092,"path_taken":["M","?","?","M","?","R","E","R","T","M","?","M","?","E","R","BOSS","M","?","M","?","?","E","M"],"items_purchased_type":[],"build_version":"2020-12-22","purchased_purges":0,"victory":false,"max_hp_per_floor":[75,75,75,75,75,75,75,75,75,75,75,75,75,75,75,75,75,75,75,75,75,75,75,75,75],"relic_stats":{"Sozu":2,"counters":[13,55],"Prayer Wheel":8,"Eternal Feather":0,"Boot":[26],"obtain_stats":[{"Sozu":17,"Replay:Baseball":14,"Prayer Wheel":0,"Eternal Feather":23,"Toxic Egg 2":9,"Cracked Core":0,"Boot":7},{"Sozu":8,"Replay:Baseball":7,"Prayer Wheel":0,"Eternal Feather":12,"Toxic Egg 2":3,"Cracked Core":0,"Boot":3},{"Sozu":32,"Replay:Baseball":21,"Prayer Wheel":0,"Eternal Feather":52,"Toxic Egg 2":9,"Cracked Core":0,"Boot":9}]},"card_choices":[{"not_picked":["ReplayGash","BasicCrystalCard"],"picked":"Ball Lightning","floor":1},{"not_picked":["Steam","White Noise","Steam Power"],"picked":"SKIP","floor":1},{"not_picked":["Beam Cell","Panic Button"],"picked":"Consume","floor":4},{"not_picked":["Go for the Eyes","Consume","Barrage"],"picked":"SKIP","floor":4},{"not_picked":["ReplayTheSpireMod:??????????????????????","infinitespire:Execution"],"picked":"infinitespire:Collect","floor":5},{"not_picked":["Stack","Doom and Gloom"],"picked":"Self Repair","floor":7},{"not_picked":["Redo+1","Blizzard"],"picked":"ReplayTheSpireMod:Fabricate Wheel+1","floor":10},{"not_picked":["Hologram+1","Turbo+1","Coolheaded+1"],"picked":"SKIP","floor":10},{"not_picked":["Chaos+1","Stack+1"],"picked":"Storm","floor":12},{"not_picked":["Redo+1","Double Energy+1"],"picked":"Chill+1","floor":12},{"not_picked":["Barrage","Hologram+1","Leap+1"],"picked":"SKIP","floor":13},{"not_picked":["Go for the Eyes","Ball Lightning","Chaos+1"],"picked":"SKIP","floor":13},{"not_picked":["Cold Snap","Skim+1","Loop"],"picked":"SKIP","floor":14},{"not_picked":["Meteor Strike","Reboot+1"],"picked":"Machine Learning","floor":16},{"not_picked":["Reinforced Body+1","Consume+1"],"picked":"Capacitor","floor":18},{"not_picked":["Conserve Battery+1","BasicCrystalCard+1"],"picked":"Go for the Eyes+1","floor":18},{"not_picked":["Beam Cell","Go for the Eyes","Conserve Battery+1"],"picked":"SKIP","floor":18},{"not_picked":["Steam Power+1","Tempest+1"],"picked":"Crystallizer+1","floor":20},{"not_picked":["Hello World","Ball Lightning"],"picked":"Amplify+1","floor":20},{"not_picked":["Go for the Eyes","Barrage+1","Redo+1"],"picked":"SKIP","floor":20},{"not_picked":["Gash","Sweeping Beam","Steam Power+1"],"picked":"SKIP","floor":22},{"not_picked":["Panic Button+1","Conserve Battery+1","Turbo+1"],"picked":"SKIP","floor":22},{"not_picked":["Beam Cell+1","Buffer","Panic Button+1"],"picked":"SKIP","floor":22},{"not_picked":["Go for the Eyes","ReplayTheSpireMod:GoodbyeWorld","Barrage"],"picked":"SKIP","floor":23}],"player_experience":37128,"relics_obtained":[{"floor":7,"key":"Boot"},{"floor":9,"key":"Toxic Egg 2"},{"floor":14,"key":"Replay:Baseball"},{"floor":23,"key":"Eternal Feather"}],"event_choices":[{"damage_healed":0,"gold_gain":0,"player_choice":"Ignored","damage_taken":0,"max_hp_gain":0,"max_hp_loss":0,"event_name":"Liars Game","floor":11,"gold_loss":0},{"damage_healed":0,"gold_gain":99,"player_choice":"Stole From Cult","damage_taken":0,"max_hp_gain":0,"max_hp_loss":0,"event_name":"Nest","floor":19,"gold_loss":0},{"damage_healed":0,"gold_gain":0,"cards_transformed":["Defend_B"],"player_choice":"Transformed","damage_taken":0,"max_hp_gain":0,"max_hp_loss":0,"event_name":"Transmorgrifier","floor":21,"gold_loss":0,"cards_obtained":["Multi-Cast"]}],"is_beta":false,"boss_relics":[{"not_picked":["reliquary:Ember","infinitespire:Cupcake"],"picked":"Sozu"}],"items_purged_floors":[],"is_endless":false,"potions_floor_spawned":[4,7,10,13,18,20],"killed_by":"Sentry and Sphere","ascension_level":1}}