{"host":"6h0diz2ap0m56grs","time":1613590154,"event":{"mods":["2.2 Compatiblity","BaseMod","Colored Map","Marisa????????","Minty Spire (QoL Compilation)","Quick Restart","Replay The Spire","Shop Mod","StSLib","The Cursed","The Exalted","The Necromancer","The Servant 0.9.4"],"gold_per_floor":[109,129,141,216,70,70,104,104,130,130,130,163,189,223,223,324,324,335,335,24,43,43,69,96,428,428,458,490,490,516,516,516,627,627,648,648,307,307,366,366,366],"floor_reached":40,"language":"ENG","playtime":1036,"items_purged":[],"score":904,"play_id":"dd665cc9-5298-483d-8827-859810884d83","local_time":"20210217132914","daily_mods":["SealedDeck","Heirloom","Time Dilation","Flight"],"is_ascension_mode":true,"campfire_choices":[{"data":"Deaths_Shadow","floor":6,"key":"SMITH"},{"data":"Deaths_Shadow","floor":8,"key":"SMITH"},{"data":"Skeleton_Dragon","floor":10,"key":"SMITH"},{"data":"Summon_Lich","floor":11,"key":"SMITH"},{"data":"Spectral_Armor","floor":15,"key":"SMITH"},{"data":"Bone_Armor","floor":29,"key":"SMITH"},{"data":"Bone_Armor","floor":32,"key":"SMITH"}],"circlet_count":0,"master_deck":["Toxic_Smoke_Screen","Toxic_Smoke_Screen","Deaths_Shadow+1","Bones_to_Steel","Pandemic+1","Bone_Armor+1","Pandemic+1","Deaths_Shadow+1","Pandemic+1","Summon_Lich+1","Plague_Bolt","Summon_Undead","Spectral_Armor+1","Bone_Armor+1","Skeleton_Dragon+1","Grasp_Heart","Skeleton_Dragon+1","Summon_Undead+1","Summon_Death_Knight+1","Spectral_Armor","Summon_Undead_Army"],"relics":["Snecko Eye","Ring of Chaos","replay:Trail_Library","Torii","Medical Kit","Happy Flower","Lantern","Replay:Bottled Eggs","Bromod:ArcaneNullifier","Bromod:ArcaneTempo","Busted Crown","Durian","Golden Egg","Bag of Marbles","CeramicFish","Bottled Flame","Replay:Kaleidoscope","Blue Doll","Coffee Dripper","FossilizedHelix","MerchantsRug","Strawberry"],"acts_visited":["Exordium","TheCity","TheBeyond"],"potions_floor_usage":[23,30],"damage_taken":[{"damage":0,"enemies":"Jaw Worm","floor":1,"turns":1},{"damage":0,"enemies":"Small Slimes","floor":2,"turns":2},{"damage":0,"enemies":"Cultist","floor":3,"turns":2},{"damage":0,"enemies":"3 Sentries","floor":7,"turns":5},{"damage":0,"enemies":"Lagavulin","floor":12,"turns":3},{"damage":0,"enemies":"3 Sentries","floor":14,"turns":3},{"damage":0,"enemies":"Slime Boss","floor":16,"turns":2},{"damage":0,"enemies":"Shell Parasite","floor":18,"turns":1},{"damage":0,"enemies":"Spheric Guardian","floor":21,"turns":1},{"damage":0,"enemies":"Book of Stabbing","floor":23,"turns":3},{"damage":0,"enemies":"Replay:Snechameleon","floor":24,"turns":2},{"damage":0,"enemies":"Gremlin Leader","floor":25,"turns":4},{"damage":0,"enemies":"Slavers","floor":27,"turns":2},{"damage":0,"enemies":"Replay:Snechameleon","floor":28,"turns":2},{"damage":0,"enemies":"Book of Stabbing","floor":30,"turns":3},{"damage":0,"enemies":"Automaton","floor":33,"turns":7},{"damage":0,"enemies":"Orb Walker","floor":35,"turns":2},{"damage":0,"enemies":"R_Hoarder","floor":40,"turns":3}],"seed_played":"-2520375994063593632","potions_obtained":[{"floor":3,"key":"LiquidMemories"},{"floor":7,"key":"SpeedPotion"},{"floor":16,"key":"Block Potion"},{"floor":18,"key":"EntropicBrew"},{"floor":23,"key":"Block Potion"},{"floor":33,"key":"Toxic Potion"},{"floor":39,"key":"Fruit Juice"}],"is_trial":true,"path_per_floor":["M","M","M","?","$","R","E","R","T","R","R","E","T","E","R","B",null,"M","?","$","M","T","E","E","E","T","E","E","R","E","?","R","B",null,"M","?","$","$","?","E"],"character_chosen":"NECROMANCER","items_purchased":["Medical Kit","Durian","FossilizedHelix","MerchantsRug"],"campfire_rested":0,"item_purchase_floors":[5,20,37,37],"current_hp_per_floor":[75,75,75,64,64,64,67,67,67,67,67,67,67,67,67,67,75,75,75,80,80,80,80,80,80,80,80,80,80,80,80,80,80,80,80,80,80,80,67,67,67],"gold":366,"neow_bonus":"","is_daily":false,"chose_seed":false,"campfire_upgraded":7,"win_rate":0.0,"timestamp":1613590154,"path_taken":["M","M","M","?","?","R","E","R","T","R","R","E","?","E","R","BOSS","M","?","$","?","?","E","E","E","T","E","E","R","E","?","R","BOSS","M","?","?","$","?","E"],"items_purchased_type":["Relic","Relic","Relic","Relic"],"build_version":"2020-12-22","purchased_purges":0,"victory":false,"max_hp_per_floor":[75,75,75,75,75,75,75,75,75,75,75,75,75,75,75,75,75,75,75,80,80,80,80,80,80,80,80,80,80,80,80,80,80,80,80,80,80,80,87,87,87],"card_choices":[{"not_picked":["Death_March_Dance","Negative_Energy_Javelin"],"picked":"Plague_Bolt","floor":1},{"not_picked":["Bones_to_Steel","Necromantic_Selection"],"picked":"Summon_Undead","floor":2},{"not_picked":["Blood_Curse","Finger_Of_Death"],"picked":"Spectral_Armor","floor":3},{"not_picked":["Blood_Is_Power","Plague_Bolt"],"picked":"Bone_Armor","floor":7},{"not_picked":["Bone_Shift","Negative_Energy_Javelin","Death_March_Dance"],"picked":"SKIP","floor":12},{"not_picked":["Bone_Prison","Negative_Energy_Shield","Reap_The_Weak"],"picked":"SKIP","floor":14},{"not_picked":["Shackles_Of_Pain"],"picked":"SKIP","floor":18},{"not_picked":[],"picked":"Summon_Undead+1","floor":21},{"not_picked":["Blood_Is_Power"],"picked":"SKIP","floor":23},{"not_picked":["Shackles_Of_Pain"],"picked":"SKIP","floor":24},{"not_picked":["Hellfire"],"picked":"SKIP","floor":25},{"not_picked":["Finger_Of_Death"],"picked":"SKIP","floor":27},{"not_picked":["Bone_Spikes"],"picked":"SKIP","floor":28},{"not_picked":["Vampiric_Strike"],"picked":"SKIP","floor":30},{"not_picked":[],"picked":"Summon_Death_Knight","floor":33},{"not_picked":[],"picked":"Spectral_Armor","floor":35},{"not_picked":[],"picked":"Summon_Undead_Army","floor":39}],"player_experience":554450,"relics_obtained":[{"floor":7,"key":"Happy Flower"},{"floor":9,"key":"Lantern"},{"floor":12,"key":"Replay:Bottled Eggs"},{"floor":13,"key":"Bromod:ArcaneNullifier"},{"floor":14,"key":"Bromod:ArcaneTempo"},{"floor":22,"key":"Golden Egg"},{"floor":23,"key":"Bag of Marbles"},{"floor":24,"key":"CeramicFish"},{"floor":25,"key":"Old Coin"},{"floor":26,"key":"Bottled Flame"},{"floor":27,"key":"Replay:Kaleidoscope"},{"floor":28,"key":"Blue Doll"},{"floor":30,"key":"Replay:PocketPolymizer"},{"floor":39,"key":"Strawberry"}],"event_choices":[{"damage_healed":0,"gold_gain":75,"player_choice":"Gather Gold","damage_taken":11,"max_hp_gain":0,"max_hp_loss":0,"event_name":"World of Goop","floor":4,"gold_loss":0},{"damage_healed":0,"gold_gain":0,"player_choice":"Copied","damage_taken":0,"max_hp_gain":0,"max_hp_loss":0,"event_name":"Duplicator","floor":19,"gold_loss":0,"cards_obtained":["Skeleton_Dragon"]},{"damage_healed":0,"gold_gain":0,"player_choice":"Simplicity","damage_taken":0,"max_hp_gain":0,"max_hp_loss":0,"event_name":"Back to Basics","floor":31,"gold_loss":0,"cards_upgraded":[]},{"damage_healed":0,"gold_gain":0,"player_choice":"Ignored","damage_taken":0,"max_hp_gain":0,"max_hp_loss":0,"event_name":"Transmorgrifier","floor":36,"gold_loss":0}],"is_beta":false,"boss_relics":[{"not_picked":["Runic Pyramid","Kintsugi"],"picked":"Busted Crown"},{"not_picked":["Sozu","Bromod:ArcaneEnergize"],"picked":"Coffee Dripper"}],"items_purged_floors":[],"is_endless":false,"potions_floor_spawned":[3,7,16,18,23,33,35],"killed_by":"R_Hoarder","ascension_level":1}}