{"host":"6xghz2lkudss8si6","time":1613568910,"event":{"mods":["AchievementEnabler","BaseMod","Colored Map","DeckTracker","Minty Spire (QoL Compilation)","Quick Restart","StSLib","SuperFastMode"],"gold_per_floor":[109,109,129,145,16,16,47,47,47,47,47,78,91,105,105,202,202,191,191,209,209,209],"floor_reached":21,"language":"KOR","playtime":862,"items_purged":[],"score":274,"play_id":"d462fca9-f9f0-4a89-a459-340a9d05edf9","local_time":"20210217223510","is_ascension_mode":true,"campfire_choices":[{"data":"Defragment","floor":6,"key":"SMITH"},{"data":"Barrage","floor":8,"key":"SMITH"},{"data":"Dualcast","floor":10,"key":"SMITH"},{"data":"Defragment","floor":15,"key":"SMITH"}],"circlet_count":0,"master_deck":["Strike_B","Strike_B","Strike_B","Strike_B","Defend_B","Defend_B","Defend_B","Defend_B","Zap+1","Dualcast+1","Reboot","Barrage+1","Compile Driver","Glacier","Defragment+1","Coolheaded","Defragment+1","Skim","Sweeping Beam","Biased Cognition","Compile Driver+1"],"relics":["Cracked Core","Shuriken","Meat on the Bone","Toy Ornithopter","Inserter"],"acts_visited":["Exordium","TheCity"],"potions_floor_usage":[7,7],"damage_taken":[{"damage":0,"enemies":"2 Louse","floor":1,"turns":2},{"damage":0,"enemies":"Small Slimes","floor":3,"turns":3},{"damage":1,"enemies":"Cultist","floor":4,"turns":4},{"damage":15,"enemies":"Gremlin Nob","floor":7,"turns":4},{"damage":12,"enemies":"3 Sentries","floor":12,"turns":8},{"damage":9,"enemies":"Exordium Wildlife","floor":13,"turns":4},{"damage":6,"enemies":"Large Slime","floor":14,"turns":5},{"damage":3,"enemies":"The Guardian","floor":16,"turns":12},{"damage":13,"enemies":"2 Thieves","floor":18,"turns":4},{"damage":0,"enemies":"Shell Parasite","floor":20,"turns":6},{"damage":54,"enemies":"Masked Bandits","floor":21,"turns":3}],"seed_played":"3251072624519831498","potions_obtained":[{"floor":1,"key":"DuplicationPotion"},{"floor":14,"key":"FocusPotion"}],"is_trial":false,"path_per_floor":["M","?","M","M","$","R","E","R","T","R","?","E","M","M","R","B",null,"M","?","M","?"],"character_chosen":"DEFECT","items_purchased":["Defragment","AttackPotion"],"campfire_rested":0,"item_purchase_floors":[5,5],"current_hp_per_floor":[68,68,68,67,67,67,52,52,52,52,52,40,43,49,49,46,68,55,41,41,0,0],"gold":209,"neow_bonus":"ONE_RANDOM_RARE_CARD","is_daily":false,"chose_seed":false,"campfire_upgraded":4,"win_rate":0.0,"timestamp":1613568910,"path_taken":["M","?","M","M","$","R","E","R","T","R","?","E","M","?","R","BOSS","M","?","M","?"],"items_purchased_type":["Card","Potion"],"build_version":"2020-12-22","purchased_purges":0,"victory":false,"max_hp_per_floor":[75,75,75,75,75,75,75,75,75,75,75,75,75,75,75,75,75,75,80,80,80,80],"card_choices":[{"not_picked":["Storm","Heatsinks"],"picked":"Barrage","floor":1},{"not_picked":["Skim","Conserve Battery"],"picked":"Compile Driver","floor":3},{"not_picked":["FTL","Conserve Battery"],"picked":"Glacier","floor":4},{"not_picked":["Storm","Stack"],"picked":"Coolheaded","floor":7},{"not_picked":["Self Repair","Consume"],"picked":"Defragment","floor":12},{"not_picked":["Fusion","Tempest"],"picked":"Skim","floor":13},{"not_picked":["Reprogram","Sunder"],"picked":"Sweeping Beam","floor":14},{"not_picked":["Fission","Hyperbeam"],"picked":"Biased Cognition","floor":16},{"not_picked":["Cold Snap","Go for the Eyes"],"picked":"Compile Driver+1","floor":18},{"not_picked":["Stack","Streamline","Force Field+1"],"picked":"SKIP","floor":20}],"player_experience":264562,"relics_obtained":[{"floor":7,"key":"Shuriken"},{"floor":9,"key":"Meat on the Bone"},{"floor":12,"key":"Toy Ornithopter"}],"event_choices":[{"damage_healed":0,"gold_gain":0,"player_choice":"Ignored","damage_taken":0,"max_hp_gain":0,"max_hp_loss":0,"event_name":"Liars Game","floor":2,"gold_loss":0},{"damage_healed":0,"gold_gain":0,"player_choice":"Forge","damage_taken":0,"max_hp_gain":0,"max_hp_loss":0,"event_name":"Accursed Blacksmith","floor":11,"gold_loss":0,"cards_upgraded":["Zap"]},{"damage_healed":0,"gold_gain":0,"player_choice":"Shed Blood","damage_taken":19,"max_hp_gain":5,"max_hp_loss":0,"event_name":"Forgotten Altar","floor":19,"gold_loss":0},{"damage_healed":0,"gold_gain":0,"player_choice":"Fought Bandits","damage_taken":0,"max_hp_gain":0,"max_hp_loss":0,"event_name":"Masked Bandits","floor":21,"gold_loss":0}],"is_beta":false,"boss_relics":[{"not_picked":["Sozu","SacredBark"],"picked":"Inserter"}],"items_purged_floors":[],"is_endless":false,"potions_floor_spawned":[1,14],"killed_by":"Masked Bandits","ascension_level":9}}