{"host":"czzthkrvfe6r7fjf","time":1613579932,"event":{"mods":["ATMod(∞¢Ë™Mod)","Act Like it!","BaseMod","Downfall","GungeonMod","Marisa£®ÏF”Í°°ƒß¿Ì…≥£©","Minty Spire (QoL Compilation)","Quick Restart","StSLib","The Servant 0.9.4","Waifu the Spire","°æπ¶ƒ‹Mod°øªÏ„Á÷Æª∑–ﬁ∏¥≤π∂°"],"gold_per_floor":[118,118,135,151,151,181,181,181,181,201,236,251,68,81,81,179,179,196,196,216,141,141,172,187,197,197,197,214,229,248,261,281,281,281,386,386,400,300,312,187,242,242,275,275,325,325,353,366,378,408,408,408],"floor_reached":53,"language":"ZHS","playtime":1718,"items_purged":["Strike_R","Strike_R","Defend_R"],"score":921,"play_id":"c1c12973-60ba-4a1d-9275-84a7f48909ed","local_time":"20210218003852","is_ascension_mode":true,"campfire_choices":[{"data":"Infernal Blade","floor":7.0,"key":"SMITH"},{"data":"AT_Dispersion","floor":15.0,"key":"SMITH"},{"floor":27.0,"key":"DIG"},{"floor":33.0,"key":"DIG"},{"floor":42.0,"key":"DIG"},{"floor":44.0,"key":"DIG"},{"floor":46.0,"key":"DIG"},{"floor":51,"key":"DIG"}],"circlet_count":0,"master_deck":["Strike_R","Strike_R","Defend_R","Defend_R+1","Defend_R+1","Bash","AT_OneInchPunch+1","Infernal Blade+1","Rampage","AT_Dispersion+1","Feed","CurseOfTheBell","Armaments+1","Clash+1","Sever Soul+1"],"relics":["Burning Blood","AT_ATBox","NeowsBlessing","Potion Belt","Pantograph","DemoMod:Relodestone","Calling Bell","AT_SunfireAegis","Shuriken","Shovel","AT_RedNoBalance","Gremlin Horn","StoneCalendar","DemoMod:RatBoots","DemoMod:ResourcefulSack","DemoMod:PartiallyEatenCheese","Fusion Hammer","DemoMod:GreenGuonStone","Charon\u0027s Ashes","DemoMod:JetPack","AT_EbonyIvory","Orichalcum","War Paint","DemoMod:ClearGuonStone","AT_ArchangelStaff","Pen Nib"],"acts_visited":["Exordium","TheCity","DemoMod:Maze","TheBeyond"],"potions_floor_usage":[50,52,52],"damage_taken":[{"damage":0.0,"enemies":"Small Slimes","floor":1.0,"turns":1.0},{"damage":0.0,"enemies":"Cultist","floor":3.0,"turns":1.0},{"damage":0.0,"enemies":"Jaw Worm","floor":4.0,"turns":1.0},{"damage":12.0,"enemies":"Gremlin Nob","floor":6.0,"turns":3.0},{"damage":7.0,"enemies":"Large Slime","floor":10.0,"turns":4.0},{"damage":17.0,"enemies":"3 Sentries","floor":11.0,"turns":7.0},{"damage":0.0,"enemies":"Gremlin Gang","floor":12.0,"turns":2.0},{"damage":8.0,"enemies":"Exordium Thugs","floor":14.0,"turns":2.0},{"damage":25.0,"enemies":"Hexaghost","floor":16.0,"turns":6.0},{"damage":22.0,"enemies":"Shell Parasite","floor":18.0,"turns":3.0},{"damage":14.0,"enemies":"2 Thieves","floor":20.0,"turns":3.0},{"damage":8.0,"enemies":"Gremlin Leader","floor":23.0,"turns":6.0},{"damage":13.0,"enemies":"Snake Plant","floor":24.0,"turns":2.0},{"damage":15.0,"enemies":"3 Cultists","floor":25.0,"turns":5.0},{"damage":10.0,"enemies":"DemoMod:Veteran_shot_gun_kin_and_bullet_kin","floor":28.0,"turns":3.0},{"damage":9.0,"enemies":"DemoMod:Red_and_blue_shotgun_kin","floor":29.0,"turns":2.0},{"damage":20.0,"enemies":"DemoMod:Red_and_blue_shotgun_kin_with_gunsinger","floor":30.0,"turns":4.0},{"damage":18.0,"enemies":"DemoMod:Veteran_shot_gun_kin_and_blue_shotgun_kin_with_gunsinger","floor":31.0,"turns":3.0},{"damage":33.0,"enemies":"DemoMod:Veteran_shot_gun_kin_and_blue_shotgun_kin","floor":32.0,"turns":5.0},{"damage":42.0,"enemies":"DemoMod:ResourcefulRat","floor":35.0,"turns":10.0},{"damage":8.0,"enemies":"Orb Walker","floor":37.0,"turns":2.0},{"damage":0.0,"enemies":"3 Darklings","floor":39.0,"turns":4.0},{"damage":15.0,"enemies":"2 Orb Walkers","floor":41.0,"turns":3.0},{"damage":0.0,"enemies":"Reptomancer","floor":43.0,"turns":1.0},{"damage":11.0,"enemies":"Nemesis","floor":47.0,"turns":3.0},{"damage":0.0,"enemies":"Sphere and 2 Shapes","floor":48.0,"turns":4.0},{"damage":25.0,"enemies":"Spire Growth","floor":49.0,"turns":3.0},{"damage":0,"enemies":"Reptomancer","floor":50,"turns":2},{"damage":31,"enemies":"Awakened One","floor":52,"turns":6}],"seed_played":"3160273520632850407","potions_obtained":[{"floor":1.0,"key":"PowerPotion"},{"floor":3.0,"key":"DemoMod:LeadSkinPotion"},{"floor":10.0,"key":"DuplicationPotion"},{"floor":12.0,"key":"SteroidPotion"},{"floor":20.0,"key":"Fire Potion"},{"floor":23.0,"key":"Ancient Potion"},{"floor":25.0,"key":"bronze:BurnAndBuffPotion"},{"floor":28.0,"key":"BlessingOfTheForge"},{"floor":31.0,"key":"Fire Potion"},{"floor":39.0,"key":"Dexterity Potion"},{"floor":43.0,"key":"Dexterity Potion"},{"floor":48.0,"key":"Energy Potion"},{"floor":49.0,"key":"Fire Potion"}],"is_trial":false,"path_per_floor":["M","?","M","M","?","E","R","?","T","M","E","M","$","M","R","B",null,"M","?","M","$","?","E","M","M","T","R","M","M","M","M","M","R","B","B",null,"M","$","M","$","?","R","E","R","T","R","E","M","M","E","R","B",null],"character_chosen":"IRONCLAD","items_purchased":["AT_Dispersion","DemoMod:GnawedKey"],"campfire_rested":0,"item_purchase_floors":[13,13],"current_hp_per_floor":[80,72,78,80,80,74,74,74,74,73,62,68,68,66,66,61,80,64,64,56,56,48,46,33,31,80,80,36,37,30,33,16,16,37,32,87,41,41,47,47,38,38,44,44,44,44,39,49,33,43,43,55],"gold":408,"neow_bonus":"THREE_ENEMY_KILL","is_daily":false,"chose_seed":false,"campfire_upgraded":2,"win_rate":0.0,"timestamp":1613579932,"path_taken":["M","?","M","?","?","E","R","?","T","?","E","M","$","M","R","BOSS","M","?","M","$","?","E","M","M","T","R","M","M","M","M","M","R","BOSS","BOSS","M","?","M","$","?","R","E","R","T","R","E","M","M","E","R","BOSS"],"items_purchased_type":["Card","Relic"],"build_version":"2020-12-22","purchased_purges":3,"victory":true,"max_hp_per_floor":[80,80,80,80,80,80,80,80,80,80,80,80,80,80,80,80,80,80,80,80,80,80,80,80,80,80,80,80,80,84,87,87,87,87,87,87,87,87,87,87,87,87,87,87,87,87,87,91,94,98,98,98],"card_choices":[{"not_picked":["Shrug It Off","Havoc"],"picked":"Infernal Blade","floor":1.0},{"not_picked":["Anger","Wild Strike"],"picked":"Rampage","floor":3.0},{"not_picked":["Body Slam","Cleave","Pommel Strike"],"picked":"SKIP","floor":4.0},{"not_picked":["Combust","Rampage","Spot Weakness"],"picked":"SKIP","floor":6.0},{"not_picked":["Havoc","Iron Wave","Body Slam"],"picked":"SKIP","floor":10.0},{"not_picked":["Evolve","Power Through","Immolate"],"picked":"SKIP","floor":11.0},{"not_picked":["Sword Boomerang","Wild Strike","Pommel Strike"],"picked":"SKIP","floor":12.0},{"not_picked":["Blood for Blood","AT_BodySlamDance"],"picked":"Feed","floor":14.0},{"not_picked":["Pummel","AT_DrawKnifeCut"],"picked":"Armaments+1","floor":18.0},{"not_picked":["Rage","Headbutt","AT_DrawKnifeCut"],"picked":"SKIP","floor":20.0},{"not_picked":["Thunderclap+1","Body Slam"],"picked":"Clash+1","floor":23.0},{"not_picked":["Warcry","Flame Barrier","Second Wind+1"],"picked":"SKIP","floor":24.0},{"not_picked":["Body Slam","Shrug It Off","AT_CaressingTears"],"picked":"SKIP","floor":25.0},{"not_picked":["Clothesline","Twin Strike+1","Heavy Blade"],"picked":"SKIP","floor":28.0},{"not_picked":["Infernal Blade+1","Pommel Strike+1","Anger"],"picked":"SKIP","floor":29.0},{"not_picked":["Iron Wave","Clash","Carnage+1"],"picked":"SKIP","floor":30.0},{"not_picked":["Armaments+1","AT_GerminateFire+1","Evolve"],"picked":"SKIP","floor":31.0},{"not_picked":["Thunderclap+1","Entrench+1","Shrug It Off"],"picked":"SKIP","floor":32.0},{"not_picked":["Perfected Strike+1","Shrug It Off"],"picked":"Sever Soul+1","floor":37.0},{"not_picked":["Twin Strike","Wild Strike","Double Tap"],"picked":"SKIP","floor":39.0},{"not_picked":["Exhume","Clothesline+1","Pommel Strike+1"],"picked":"SKIP","floor":43.0},{"not_picked":["DemoMod:WhiteBlade+1","Havoc","Clash+1"],"picked":"SKIP","floor":47.0},{"not_picked":["Twin Strike","Rage","AT_IchimonjiDouble"],"picked":"SKIP","floor":48.0},{"not_picked":["Wild Strike+1","Twin Strike+1","Disarm+1"],"picked":"SKIP","floor":49.0},{"not_picked":["Barricade","True Grit+1","Pommel Strike+1"],"picked":"SKIP","floor":50}],"player_experience":140757,"relics_obtained":[{"floor":6.0,"key":"Potion Belt"},{"floor":9.0,"key":"Pantograph"},{"floor":11.0,"key":"DemoMod:Relodestone"},{"floor":17.0,"key":"AT_SunfireAegis"},{"floor":17.0,"key":"Shuriken"},{"floor":17.0,"key":"Shovel"},{"floor":23.0,"key":"AT_SilverBalance"},{"floor":27.0,"key":"Gremlin Horn"},{"floor":33.0,"key":"StoneCalendar"},{"floor":36.0,"key":"DemoMod:RatBoots"},{"floor":36.0,"key":"DemoMod:ResourcefulSack"},{"floor":36.0,"key":"DemoMod:PartiallyEatenCheese"},{"floor":36.0,"key":"Fusion Hammer"},{"floor":41.0,"key":"DemoMod:GreenGuonStone"},{"floor":42.0,"key":"Charon\u0027s Ashes"},{"floor":43.0,"key":"DemoMod:JetPack"},{"floor":44.0,"key":"AT_EbonyIvory"},{"floor":45.0,"key":"Orichalcum"},{"floor":46.0,"key":"War Paint"},{"floor":47.0,"key":"DemoMod:ClearGuonStone"},{"floor":50,"key":"AT_ArchangelStaff"},{"floor":51,"key":"Pen Nib"}],"event_choices":[{"damage_healed":0.0,"max_hp_gain":0.0,"max_hp_loss":0.0,"gold_gain":0.0,"event_name":"Wheel of Change","player_choice":"Damaged","floor":2.0,"gold_loss":0.0,"damage_taken":8.0},{"damage_healed":0.0,"max_hp_gain":0.0,"max_hp_loss":0.0,"gold_gain":0.0,"event_name":"Living Wall","player_choice":"Grow","floor":5.0,"gold_loss":0.0,"damage_taken":0.0,"cards_upgraded":["AT_OneInchPunch"]},{"cards_removed":["Strike_R"],"damage_healed":0.0,"max_hp_gain":0.0,"max_hp_loss":0.0,"gold_gain":0.0,"event_name":"Bonfire Elementals","player_choice":"Offered Basic","floor":8.0,"gold_loss":0.0,"damage_taken":0.0},{"damage_healed":0.0,"max_hp_gain":0.0,"max_hp_loss":0.0,"gold_gain":0.0,"event_name":"Vampires","player_choice":"Ignored","floor":19.0,"gold_loss":0.0,"damage_taken":0.0},{"damage_healed":0.0,"max_hp_gain":0.0,"max_hp_loss":0.0,"gold_gain":0.0,"event_name":"Wheel of Change","player_choice":"Damaged","floor":22.0,"gold_loss":0.0,"damage_taken":8.0},{"damage_healed":0.0,"max_hp_gain":0.0,"max_hp_loss":0.0,"gold_gain":0.0,"event_name":"Mysterious Sphere","player_choice":"Fight","floor":41.0,"gold_loss":0.0,"damage_taken":0.0}],"is_beta":false,"boss_relics":[{"not_picked":["Runic Cube","SacredBark"],"picked":"Calling Bell"},{"not_picked":[]}],"items_purged_floors":[21,38,40],"is_endless":false,"potions_floor_spawned":[1,3,10,12,20,23,25,28,31,39,43,48,49],"ascension_level":2}}