{"host":"iodn1af76021fjto","time":1613587292,"event":{"mods":["AchievementEnabler","BaseMod","BetterRewards","Colored Map","Downfall","Hermit","Hubris","Jorbs\u0027s Wanderer Trilogy","Minty Spire (QoL Compilation)","Quick Restart","StSLib","SuperFastMode","The Cursed","The Hierophant","The Jungle","The Runesmith","The Servant 0.9.4"],"gold_per_floor":[110,110,121,132,132,169,169,189,216,216,241,93,68,68,68,177,177,161,4,4,4,31,59,74,74,74,84,123,123,152,178,178,291,291,301,318,345,143,152,152],"floor_reached":39,"language":"ENG","playtime":1652,"items_purged":["Strike_G"],"score":485,"play_id":"57f70a5a-5907-45cc-a572-9d4d300ead62","local_time":"20210217134132","is_ascension_mode":true,"campfire_choices":[{"data":"Phantasmal Killer","floor":7,"key":"SMITH"},{"data":"Tools of the Trade","floor":10,"key":"SMITH"},{"data":"Neutralize","floor":15,"key":"SMITH"},{"floor":29,"key":"REST"},{"floor":32,"key":"REST"}],"circlet_count":0,"master_deck":["Strike_G","Strike_G","Strike_G","Defend_G","Defend_G","Defend_G","Defend_G","Survivor","Neutralize+1","Phantasmal Killer+1","hubris:Sniper","All Out Attack","Cloak And Dagger+1","Backflip","Tools of the Trade+1","Tactician","After Image+1","Blade Dance","Flying Knee","Underhanded Strike","A Thousand Cuts","Predator+1","Accuracy","Parasite"],"relics":["Ring of the Snake","CeramicFish","hubris:OldNail","Vajra","Black Star","Sling","hubris:Metronome","Centennial Puzzle","Mummified Hand","Art of War","Strawberry","hubris:TinFlute","Bottled Flame","WristBlade","Membership Card"],"acts_visited":["Exordium","TheCity","TheBeyond"],"potions_floor_usage":[],"damage_taken":[{"damage":2,"enemies":"Cultist","floor":1,"turns":4},{"damage":0,"enemies":"2 Louse","floor":3,"turns":5},{"damage":5,"enemies":"Small Slimes","floor":4,"turns":4},{"damage":27,"enemies":"Gremlin Nob","floor":6,"turns":4},{"damage":0,"enemies":"Gremlin Gang","floor":8,"turns":4},{"damage":2,"enemies":"2 Fungi Beasts","floor":11,"turns":3},{"damage":28,"enemies":"The Guardian","floor":16,"turns":12},{"damage":13,"enemies":"2 Thieves","floor":18,"turns":4},{"damage":0,"enemies":"Spheric Guardian","floor":22,"turns":3},{"damage":11,"enemies":"Gremlin Leader","floor":23,"turns":3},{"damage":10,"enemies":"Cultist and Chosen","floor":24,"turns":5},{"damage":9,"enemies":"Shelled Parasite and Fungi","floor":27,"turns":4},{"damage":18,"enemies":"Slavers","floor":28,"turns":3},{"damage":1,"enemies":"Book of Stabbing","floor":30,"turns":4},{"damage":15,"enemies":"Sentry and Sphere","floor":31,"turns":4},{"damage":31,"enemies":"Collector","floor":33,"turns":9},{"damage":8,"enemies":"3 Shapes","floor":35,"turns":2},{"damage":24,"enemies":"3 Darklings","floor":36,"turns":4},{"damage":27,"enemies":"Maw","floor":37,"turns":6},{"damage":23,"enemies":"Writhing Mass","floor":39,"turns":3}],"seed_played":"-7847961720358007983","potions_obtained":[{"floor":1,"key":"SmokeBomb"},{"floor":3,"key":"Explosive Potion"},{"floor":6,"key":"GamblersBrew"},{"floor":11,"key":"DuplicationPotion"}],"is_trial":false,"path_per_floor":["M","$","M","M","?","E","R","M","T","R","M","$","?","$","R","B",null,"M","$","?","T","M","E","M","?","T","M","E","R","E","M","R","B",null,"M","M","M","$","M"],"character_chosen":"THE_SILENT","items_purchased":["Vajra","Sling","Membership Card","Accuracy"],"campfire_rested":2,"item_purchase_floors":[12,19,38,38],"current_hp_per_floor":[68,68,68,63,63,36,36,36,36,36,34,34,34,34,34,6,70,57,57,57,57,57,46,36,36,36,27,16,39,38,23,46,15,77,69,45,18,18,0,0],"gold":152,"neow_bonus":"TRANSFORM_CARD","is_daily":false,"chose_seed":false,"campfire_upgraded":3,"win_rate":0.0,"timestamp":1613587292,"path_taken":["M","?","M","?","?","E","R","?","T","R","?","$","?","$","R","BOSS","M","$","?","?","?","E","M","?","T","M","E","R","E","?","R","BOSS","M","?","M","$","?"],"items_purchased_type":["Relic","Relic","Relic","Card"],"build_version":"2020-12-22","purchased_purges":1,"victory":false,"max_hp_per_floor":[70,70,70,70,70,70,70,70,70,70,70,70,70,70,70,70,70,70,70,70,70,70,70,70,70,70,70,77,77,77,77,77,77,77,77,77,77,77,77,77],"card_choices":[{"not_picked":["Leg Sweep","Backflip"],"picked":"hubris:Sniper","floor":1},{"not_picked":["Caltrops","hubris:SlightOfHand"],"picked":"All Out Attack","floor":3},{"not_picked":["hubris:SlightOfHand","Deflect"],"picked":"Cloak And Dagger","floor":4},{"not_picked":["Bouncing Flask","Distraction"],"picked":"Backflip","floor":6},{"not_picked":["Predator","Catalyst"],"picked":"Tools of the Trade","floor":8},{"not_picked":["Acrobatics","Skewer"],"picked":"Tactician","floor":11},{"not_picked":["Tools of the Trade","Adrenaline"],"picked":"After Image","floor":16},{"not_picked":["Dodge and Roll","Deflect","Eviscerate"],"picked":"SKIP","floor":18},{"not_picked":["Backflip","Masterful Stab+1"],"picked":"Blade Dance","floor":22},{"not_picked":["Dagger Throw","Distraction","Quick Slash"],"picked":"SKIP","floor":23},{"not_picked":["hubris:TrickCloak","Endless Agony+1","Leg Sweep"],"picked":"SKIP","floor":24},{"not_picked":["Dodge and Roll+1","Wraith Form v2","Sucker Punch"],"picked":"SKIP","floor":27},{"not_picked":["Distraction","Dodge and Roll"],"picked":"Flying Knee","floor":28},{"not_picked":["Backflip+1","Masterful Stab","hubris:SlightOfHand+1"],"picked":"SKIP","floor":30},{"not_picked":["Acrobatics","PiercingWail"],"picked":"Underhanded Strike","floor":31},{"not_picked":["Die Die Die","Phantasmal Killer"],"picked":"A Thousand Cuts","floor":33},{"not_picked":["Flying Knee+1","Poisoned Stab","Endless Agony+1"],"picked":"SKIP","floor":35},{"not_picked":["Dodge and Roll","Poisoned Stab+1","Escape Plan+1"],"picked":"SKIP","floor":36},{"not_picked":["Crippling Poison","Calculated Gamble+1"],"picked":"Predator+1","floor":37}],"player_experience":260164,"relics_obtained":[{"floor":6,"key":"CeramicFish"},{"floor":9,"key":"hubris:OldNail"},{"floor":21,"key":"hubris:Metronome"},{"floor":23,"key":"Centennial Puzzle"},{"floor":23,"key":"Mummified Hand"},{"floor":28,"key":"Art of War"},{"floor":28,"key":"Strawberry"},{"floor":30,"key":"hubris:TinFlute"},{"floor":30,"key":"Bottled Flame"}],"event_choices":[{"damage_healed":0,"gold_gain":0,"player_choice":"Upgraded","damage_taken":0,"max_hp_gain":0,"max_hp_loss":0,"event_name":"Upgrade Shrine","floor":5,"gold_loss":0,"cards_upgraded":["Cloak And Dagger"]},{"damage_healed":0,"gold_gain":0,"player_choice":"Left Gold","damage_taken":0,"max_hp_gain":0,"max_hp_loss":0,"event_name":"World of Goop","floor":13,"gold_loss":25},{"cards_removed":["Defend_G"],"damage_healed":0,"gold_gain":0,"player_choice":"Purged","damage_taken":0,"max_hp_gain":0,"max_hp_loss":0,"event_name":"Purifier","floor":25,"gold_loss":0}],"is_beta":false,"boss_relics":[{"not_picked":["SacredBark","hubris:GrandSneckoEye"],"picked":"Black Star"},{"not_picked":["Tiny House","Velvet Choker"],"picked":"WristBlade"}],"items_purged_floors":[38],"is_endless":false,"potions_floor_spawned":[1,3,6,11,18,23,28,30,31],"killed_by":"Writhing Mass","ascension_level":2}}