{"host":"cpfinhn7bq57frv3","time":1613579468,"event":{"mods":["BaseMod","Minty Spire (QoL Compilation)","Quick Restart"],"gold_per_floor":[111,111,61,73,73,102,102,27,27,44,70,2,29,44,44,147,147,131,31,31,49,49,49,79,79,105,136,13,13,13,45,45,140,140,158,172,29,29,46,73,73,73,73,73,38,38,38,49,49,49,49,49,49,74,74,74],"floor_reached":55,"language":"KOR","playtime":2359,"items_purged":["Strike_R","Defend_R"],"score":867,"play_id":"d6ce5b76-42af-43a5-9c03-5b6398505fe2","local_time":"20210218013108","is_ascension_mode":true,"campfire_choices":[{"data":"Twin Strike","floor":7.0,"key":"SMITH"},{"data":"True Grit","floor":15.0,"key":"SMITH"},{"data":"Bash","floor":23.0,"key":"SMITH"},{"data":"Clash","floor":25.0,"key":"SMITH"},{"data":"Rampage","floor":29.0,"key":"SMITH"},{"floor":32.0,"key":"RECALL"},{"data":"Burning Pact","floor":41.0,"key":"SMITH"},{"data":"Offering","floor":44.0,"key":"SMITH"},{"floor":47.0,"key":"REST"},{"data":"Offering","floor":49.0,"key":"SMITH"},{"data":"Ghostly Armor","floor":52,"key":"SMITH"}],"circlet_count":0,"master_deck":["Strike_R","Strike_R","Defend_R","Defend_R+1","Bash+1","Twin Strike+1","Clash+1","True Grit+1","Disarm","Offering+1","Offering+1","Rupture","Rampage+1","Warcry","Dual Wield+1","Clash+1","Burning Pact+1","Second Wind","Ghostly Armor+1","Evolve"],"relics":["Black Blood","NeowsBlessing","WingedGreaves","FaceOfCleric","War Paint","Omamori","Vajra","WarpedTongs","Boot","Bag of Marbles","Matryoshka","Happy Flower","Sozu","Bag of Preparation","Potion Belt","Strawberry","Lizard Tail","FossilizedHelix"],"acts_visited":["Exordium","TheCity","TheBeyond","TheEnding"],"potions_floor_usage":[],"damage_taken":[{"damage":0.0,"enemies":"Jaw Worm","floor":1.0,"turns":1.0},{"damage":0.0,"enemies":"2 Louse","floor":4.0,"turns":1.0},{"damage":0.0,"enemies":"Lagavulin","floor":6.0,"turns":1.0},{"damage":0.0,"enemies":"Cultist","floor":10.0,"turns":2.0},{"damage":16.0,"enemies":"3 Sentries","floor":11.0,"turns":9.0},{"damage":17.0,"enemies":"Lagavulin","floor":13.0,"turns":7.0},{"damage":0.0,"enemies":"Red Slaver","floor":14.0,"turns":3.0},{"damage":36.0,"enemies":"Hexaghost","floor":16.0,"turns":10.0},{"damage":15.0,"enemies":"2 Thieves","floor":18.0,"turns":4.0},{"damage":17.0,"enemies":"Shell Parasite","floor":21.0,"turns":5.0},{"damage":24.0,"enemies":"Slavers","floor":24.0,"turns":4.0},{"damage":18.0,"enemies":"Gremlin Leader","floor":27.0,"turns":4.0},{"damage":15.0,"enemies":"Book of Stabbing","floor":31.0,"turns":3.0},{"damage":54.0,"enemies":"Champ","floor":33.0,"turns":8.0},{"damage":13.0,"enemies":"3 Shapes","floor":35.0,"turns":2.0},{"damage":58.0,"enemies":"3 Darklings","floor":36.0,"turns":4.0},{"damage":27.0,"enemies":"Spire Growth","floor":39.0,"turns":3.0},{"damage":12.0,"enemies":"Reptomancer","floor":40.0,"turns":2.0},{"damage":11.0,"enemies":"4 Shapes","floor":48.0,"turns":3.0},{"damage":108,"enemies":"Awakened One","floor":50,"turns":14},{"damage":42,"enemies":"Shield and Spear","floor":54,"turns":4},{"damage":92,"enemies":"The Heart","floor":55,"turns":5}],"seed_played":"-7595591415104721723","potions_obtained":[{"floor":10.0,"key":"DistilledChaos"},{"floor":11.0,"key":"AttackPotion"},{"floor":13.0,"key":"Strength Potion"},{"floor":14.0,"key":"EntropicBrew"},{"floor":24.0,"key":"Weak Potion"},{"floor":33.0,"key":"SpeedPotion"}],"is_trial":false,"path_per_floor":["M","?","?","M","?","E","R","$","T","M","E","$","E","M","R","B",null,"M","$","?","M","?","R","E","R","T","E","$","R","$","E","R","B",null,"M","M","$","?","M","E","R","?","T","R","$","?","R","M","R","B",null,"R","$","E","B"],"character_chosen":"IRONCLAD","items_purchased":["Disarm","Rampage","Warcry","Bag of Preparation","Second Wind"],"campfire_rested":1,"item_purchase_floors":[12,28,28,37,45],"current_hp_per_floor":[80,68,68,74,74,81,81,81,81,82,73,73,63,70,70,41,86,84,84,84,80,80,80,69,69,69,64,64,64,64,62,62,21,92,92,47,47,47,33,34,34,34,41,41,41,41,71,73,73,42,105,105,105,76,0,0],"gold":74,"neow_bonus":"THREE_ENEMY_KILL","is_daily":false,"chose_seed":false,"campfire_upgraded":9,"win_rate":0.0,"timestamp":1613579468,"path_taken":["M","?","?","M","?","E","R","$","T","?","E","?","E","M","R","BOSS","M","$","?","?","?","R","E","R","T","E","$","R","$","E","R","BOSS","M","?","$","?","?","E","R","?","T","R","$","?","R","M","R","BOSS","R","$","E","BOSS"],"items_purchased_type":["Card","Card","Card","Relic","Card"],"build_version":"2020-12-22","purchased_purges":2,"victory":false,"max_hp_per_floor":[80,80,80,80,80,81,81,81,81,82,83,83,84,85,85,86,86,87,87,87,88,88,88,89,89,89,90,90,90,90,91,91,92,92,93,94,94,94,95,96,96,96,103,103,103,103,103,104,104,105,105,105,105,106,106,106],"card_choices":[{"not_picked":["Clothesline","Cleave"],"picked":"Twin Strike","floor":1.0},{"not_picked":["Blood for Blood","Ghostly Armor","Wild Strike"],"picked":"SKIP","floor":4.0},{"not_picked":["Spot Weakness","Headbutt","Body Slam"],"picked":"SKIP","floor":6.0},{"not_picked":["Exhume","Pommel Strike"],"picked":"Clash","floor":10.0},{"not_picked":["Heavy Blade","Thunderclap"],"picked":"True Grit","floor":11.0},{"not_picked":["Bloodletting","Spot Weakness","Shrug It Off"],"picked":"SKIP","floor":13.0},{"not_picked":["Thunderclap","Intimidate","Cleave"],"picked":"SKIP","floor":14.0},{"not_picked":["Juggernaut","Exhume"],"picked":"Offering","floor":16.0},{"not_picked":["Shrug It Off","Carnage+1","Flex"],"picked":"SKIP","floor":18.0},{"not_picked":["Wild Strike","Armaments","Flame Barrier"],"picked":"SKIP","floor":21.0},{"not_picked":["Warcry","Armaments+1"],"picked":"Offering","floor":24.0},{"not_picked":["Clothesline","Sword Boomerang"],"picked":"Rupture","floor":27.0},{"not_picked":["Warcry","Seeing Red+1","Clothesline"],"picked":"SKIP","floor":31.0},{"not_picked":["Havoc","Headbutt"],"picked":"Dual Wield+1","floor":35.0},{"not_picked":["Warcry+1","Hemokinesis","Anger+1"],"picked":"SKIP","floor":36.0},{"not_picked":["Sword Boomerang+1","Evolve"],"picked":"Burning Pact","floor":39.0},{"not_picked":["Infernal Blade","Cleave+1","Power Through"],"picked":"SKIP","floor":40.0},{"not_picked":["Pommel Strike","Sword Boomerang+1"],"picked":"Ghostly Armor","floor":48.0},{"not_picked":["Rupture","Ghostly Armor+1"],"picked":"Evolve","floor":54}],"player_experience":37745,"relics_obtained":[{"floor":6.0,"key":"War Paint"},{"floor":11.0,"key":"Omamori"},{"floor":13.0,"key":"Vajra"},{"floor":24.0,"key":"Boot"},{"floor":26.0,"key":"Bag of Marbles"},{"floor":27.0,"key":"Matryoshka"},{"floor":31.0,"key":"Happy Flower"},{"floor":40.0,"key":"Potion Belt"},{"floor":43.0,"key":"Strawberry"},{"floor":43.0,"key":"Lizard Tail"},{"floor":54,"key":"FossilizedHelix"}],"event_choices":[{"damage_healed":0.0,"max_hp_gain":0.0,"max_hp_loss":0.0,"gold_gain":0.0,"event_name":"Scrap Ooze","player_choice":"Success","floor":2.0,"gold_loss":0.0,"damage_taken":12.0,"relics_obtained":["WingedGreaves"]},{"cards_removed":["Strike_R"],"damage_healed":0.0,"max_hp_gain":0.0,"max_hp_loss":0.0,"gold_gain":0.0,"event_name":"The Cleric","player_choice":"Card Removal","floor":3.0,"gold_loss":50.0,"damage_taken":0.0},{"damage_healed":0.0,"max_hp_gain":0.0,"max_hp_loss":0.0,"gold_gain":0.0,"event_name":"FaceTrader","player_choice":"Trade","floor":5.0,"gold_loss":0.0,"damage_taken":0.0,"relics_obtained":["FaceOfCleric"]},{"cards_removed":["Defend_R"],"damage_healed":0.0,"max_hp_gain":0.0,"max_hp_loss":0.0,"gold_gain":0.0,"event_name":"Bonfire Elementals","player_choice":"Offered Basic","floor":20.0,"gold_loss":0.0,"damage_taken":0.0},{"damage_healed":0.0,"max_hp_gain":0.0,"max_hp_loss":0.0,"gold_gain":0.0,"event_name":"Accursed Blacksmith","player_choice":"Rummage","floor":22.0,"gold_loss":0.0,"damage_taken":0.0,"relics_obtained":["WarpedTongs"],"cards_obtained":["Pain"]},{"damage_healed":0.0,"max_hp_gain":0.0,"max_hp_loss":0.0,"gold_gain":0.0,"event_name":"Duplicator","player_choice":"Copied","floor":38.0,"gold_loss":0.0,"damage_taken":0.0,"cards_obtained":["Clash"]},{"damage_healed":0.0,"max_hp_gain":0.0,"max_hp_loss":0.0,"gold_gain":0.0,"event_name":"Mysterious Sphere","player_choice":"Ignored","floor":42.0,"gold_loss":0.0,"damage_taken":0.0},{"cards_removed":["Strike_R"],"damage_healed":0.0,"max_hp_gain":0.0,"max_hp_loss":0.0,"gold_gain":0.0,"event_name":"Falling","player_choice":"Removed Attack","floor":46.0,"gold_loss":0.0,"damage_taken":0.0}],"is_beta":false,"boss_relics":[{"not_picked":["Tiny House","Coffee Dripper"],"picked":"Black Blood"},{"not_picked":["Runic Dome","Cursed Key"],"picked":"Sozu"}],"items_purged_floors":[8,19],"is_endless":false,"potions_floor_spawned":[10,11,13,14,24,33,35,39],"killed_by":"The Heart","ascension_level":2}}