{"host":"2c84cb4cp1emursg","time":1613589121,"event":{"mods":["Act Like it!","BaseMod","Better Third Choice","Bossed Relics","Hermit","Mimic Mod","Minty Spire (QoL Compilation)","Permanent Neow","StSLib"],"gold_per_floor":[118,118,118,142,160,160,194,194,194,214,252,252,299,299,299,434,434,464,63,103,133,146,146,190,190,215,224,268,286,318,361,361,361,361],"floor_reached":33,"language":"ENG","playtime":5092,"items_purged":[],"score":355,"play_id":"514ac674-c5e4-4970-b5c9-43273452d3fb","local_time":"20210217121201","is_ascension_mode":true,"campfire_choices":[{"data":"hermit:Vantage","floor":6,"key":"SMITH"},{"data":"hermit:ShadowCloak","floor":8,"key":"SMITH"},{"data":"hermit:Defend_Hermit","floor":15,"key":"SMITH"},{"data":"hermit:Reprieve","floor":23,"key":"SMITH"},{"data":"hermit:FinalCanter","floor":25,"key":"SMITH"},{"data":"J.A.X.","floor":32,"key":"SMITH"}],"circlet_count":0,"master_deck":["hermit:Strike_Hermit","hermit:Strike_Hermit","hermit:Strike_Hermit","hermit:Strike_Hermit","hermit:Defend_Hermit","hermit:Defend_Hermit","hermit:Defend_Hermit+1","hermit:Defend_Hermit+1","hermit:Snapshot","hermit:Covet","hermit:Reprieve+1","hermit:Vantage+1","hermit:WideOpen+1","hermit:ShadowCloak+1","hermit:Spite","hermit:FinalCanter+1","hermit:Misfire","Parasite","hermit:Coalescence","hermit:Reprieve+1","hermit:FullyLoaded+1","hermit:Gestalt+1","J.A.X.+1","hermit:HighCaliber+1"],"relics":["hermit:Momento","Golden Idol","Darkstone Periapt","White Beast Statue","Anchor","CeramicFish","Pandora\u0027s Box","Akabeko","Mercury Hourglass","Red Mask","StrikeDummy","Peace Pipe","Strawberry"],"acts_visited":["Exordium","TheCity"],"potions_floor_usage":[7,11,13,16,20,20,24,24,29,29,30,33,33,33],"damage_taken":[{"damage":6,"enemies":"2 Louse","floor":1,"turns":2},{"damage":7,"enemies":"Jaw Worm","floor":4,"turns":3},{"damage":4,"enemies":"Small Slimes","floor":5,"turns":3},{"damage":4,"enemies":"Gremlin Nob","floor":7,"turns":4},{"damage":0,"enemies":"3 Louse","floor":10,"turns":3},{"damage":19,"enemies":"3 Sentries","floor":11,"turns":9},{"damage":28,"enemies":"Gremlin Nob","floor":13,"turns":6},{"damage":10,"enemies":"Hexaghost","floor":16,"turns":9},{"damage":0,"enemies":"Chosen","floor":18,"turns":4},{"damage":12,"enemies":"Masked Bandits","floor":20,"turns":3},{"damage":8,"enemies":"Shell Parasite","floor":21,"turns":6},{"damage":0,"enemies":"Centurion and Healer","floor":22,"turns":6},{"damage":25,"enemies":"Book of Stabbing","floor":24,"turns":6},{"damage":35,"enemies":"Gremlin Leader","floor":28,"turns":7},{"damage":7,"enemies":"Cultist and Chosen","floor":29,"turns":5},{"damage":4,"enemies":"Shelled Parasite and Fungi","floor":30,"turns":5},{"damage":10,"enemies":"Slavers","floor":31,"turns":5},{"damage":45,"enemies":"Automaton","floor":33,"turns":6}],"seed_played":"-8335180229855147472","potions_obtained":[{"floor":1,"key":"hermit:Tonic"},{"floor":5,"key":"Weak Potion"},{"floor":10,"key":"SpeedPotion"},{"floor":11,"key":"GamblersBrew"},{"floor":13,"key":"Fire Potion"},{"floor":16,"key":"SkillPotion"},{"floor":18,"key":"Dexterity Potion"},{"floor":20,"key":"PowerPotion"},{"floor":21,"key":"Weak Potion"},{"floor":24,"key":"BlessingOfTheForge"},{"floor":28,"key":"SneckoOil"},{"floor":29,"key":"Dexterity Potion"},{"floor":30,"key":"DistilledChaos"},{"floor":31,"key":"GamblersBrew"}],"is_trial":false,"path_per_floor":["M","?","?","M","M","R","E","R","T","M","E","?","E","?","R","B",null,"M","$","?","M","M","R","E","R","T","?","E","M","M","E","R","B"],"character_chosen":"HERMIT","items_purchased":["Akabeko","Mercury Hourglass"],"campfire_rested":0,"item_purchase_floors":[19,19],"current_hp_per_floor":[62,45,31,28,28,28,24,24,24,24,5,28,8,8,8,6,74,74,74,62,62,66,66,49,49,49,49,22,19,23,24,24,0,0],"gold":361,"neow_bonus":"THREE_RARE_CARDS","is_daily":false,"chose_seed":false,"campfire_upgraded":6,"win_rate":0.0,"timestamp":1613589121,"path_taken":["M","?","?","M","M","R","E","R","T","M","E","?","E","?","R","BOSS","M","$","?","M","M","R","E","R","T","?","E","M","M","E","R","BOSS"],"items_purchased_type":["Relic","Relic"],"build_version":"2020-12-22","purchased_purges":0,"victory":false,"max_hp_per_floor":[68,68,68,68,68,68,68,68,68,68,68,74,74,74,74,74,74,74,74,74,74,74,74,74,74,74,74,74,74,74,81,81,81,81],"card_choices":[{"not_picked":["hermit:BlackWind","hermit:Magnum"],"picked":"hermit:Reprieve","floor":0},{"not_picked":["hermit:TakeCover","hermit:Desperado"],"picked":"hermit:Vantage","floor":1},{"not_picked":["hermit:CalledShot","hermit:TrackingShot"],"picked":"hermit:WideOpen","floor":4},{"not_picked":["hermit:Grudge","hermit:Cheat"],"picked":"hermit:ShadowCloak","floor":5},{"not_picked":["hermit:CalledShot","hermit:WideOpen"],"picked":"hermit:Spite","floor":7},{"not_picked":["hermit:Virtue","hermit:HighCaliber"],"picked":"hermit:FinalCanter","floor":10},{"not_picked":["hermit:LowProfile","hermit:HoleUp"],"picked":"hermit:Misfire","floor":11},{"not_picked":["hermit:OverwhelmingPower","hermit:Horror"],"picked":"hermit:Coalescence","floor":13},{"not_picked":["hermit:Magnum","hermit:HighNoon"],"picked":"hermit:Reprieve","floor":16},{"not_picked":["hermit:Desperado","hermit:Snipe"],"picked":"hermit:FullyLoaded+1","floor":18},{"not_picked":["hermit:HoleUp","hermit:Quickdraw"],"picked":"hermit:Gestalt+1","floor":21},{"not_picked":["hermit:FullyLoaded","hermit:Snipe","hermit:Headshot"],"picked":"SKIP","floor":22},{"not_picked":["hermit:BlackWind","hermit:HoleUp","hermit:Ricochet"],"picked":"SKIP","floor":24},{"not_picked":["hermit:Brawl+1","hermit:Horror","hermit:Roughhouse"],"picked":"SKIP","floor":28},{"not_picked":["hermit:Headshot","hermit:HoleUp","hermit:Glare"],"picked":"SKIP","floor":29},{"not_picked":["hermit:Gestalt","hermit:CalledShot"],"picked":"hermit:HighCaliber+1","floor":30},{"not_picked":["hermit:Horror","hermit:LoneWolf","hermit:Scavenge"],"picked":"SKIP","floor":31}],"player_experience":518353,"relics_obtained":[{"floor":7,"key":"Darkstone Periapt"},{"floor":9,"key":"White Beast Statue"},{"floor":11,"key":"Anchor"},{"floor":13,"key":"CeramicFish"},{"floor":20,"key":"Red Mask"},{"floor":24,"key":"StrikeDummy"},{"floor":28,"key":"Peace Pipe"},{"floor":31,"key":"Strawberry"}],"event_choices":[{"damage_healed":0,"gold_gain":0,"player_choice":"Take Damage","damage_taken":17,"relics_obtained":["Golden Idol"],"max_hp_gain":0,"max_hp_loss":0,"event_name":"Golden Idol","floor":2,"gold_loss":0},{"damage_healed":45,"gold_gain":0,"player_choice":"Upgrade","damage_taken":14,"max_hp_gain":0,"max_hp_loss":68,"event_name":"betterThird:BetterShining","floor":3,"gold_loss":0,"cards_upgraded":["hermit:Defend_Hermit","hermit:Reprieve"]},{"damage_healed":17,"gold_gain":0,"player_choice":"Healed and dodged fight","damage_taken":0,"max_hp_gain":0,"max_hp_loss":0,"event_name":"Mushrooms","floor":12,"gold_loss":0,"cards_obtained":["Parasite"]},{"damage_healed":0,"gold_gain":0,"player_choice":"Grow","damage_taken":0,"max_hp_gain":0,"max_hp_loss":0,"event_name":"Living Wall","floor":14,"gold_loss":0,"cards_upgraded":["hermit:WideOpen"]},{"damage_healed":0,"gold_gain":0,"player_choice":"Fought Bandits","damage_taken":0,"max_hp_gain":0,"max_hp_loss":0,"event_name":"Masked Bandits","floor":20,"gold_loss":0},{"damage_healed":0,"gold_gain":0,"player_choice":"Obtain J.A.X.","damage_taken":0,"max_hp_gain":0,"max_hp_loss":0,"event_name":"Drug Dealer","floor":27,"gold_loss":0,"cards_obtained":["J.A.X."]}],"is_beta":false,"boss_relics":[{"not_picked":["Tiny House","Sozu"],"picked":"Pandora\u0027s Box"}],"items_purged_floors":[],"is_endless":false,"potions_floor_spawned":[1,5,10,11,13,16,18,20,21,22,24,28,29,30,31],"killed_by":"Automaton","ascension_level":2}}