{"host":"3jpcvpprzj9sjffh","time":1613569039,"event":{"mods":["AchievementEnabler","BaseMod","Colored Map","Minty Spire (QoL Compilation)","Rare Cards Sparkle","SuperFastMode","everything is the same but u backflip on backflip"],"gold_per_floor":[117,131,148,161,161,161,188,201,253,253,273,273,292,257,257,353,353,373,387,400,70,82,82,82],"floor_reached":23,"language":"KOR","playtime":880,"items_purged":[],"score":197,"play_id":"5c767604-6937-4b60-8780-27ad61944529","local_time":"20210217223719","is_ascension_mode":false,"campfire_choices":[{"data":"True Grit","floor":6,"key":"SMITH"},{"data":"Sentinel","floor":10,"key":"SMITH"},{"data":"Pommel Strike","floor":12,"key":"SMITH"},{"data":"Flame Barrier","floor":15,"key":"SMITH"}],"circlet_count":0,"master_deck":["Strike_R","Strike_R","Strike_R","Strike_R","Defend_R","Defend_R","Defend_R","Defend_R","Bash","Bludgeon","True Grit+1","Flame Barrier+1","Feel No Pain","Pommel Strike+1","Sentinel+1","Bloodletting","Cleave","Dual Wield","Spot Weakness","Juggernaut","Blood for Blood+1","Flex","Iron Wave+1","Barricade","Evolve","Fire Breathing","Body Slam"],"relics":["Burning Blood","Prayer Wheel","Bag of Marbles","Philosopher\u0027s Stone","Mummified Hand"],"acts_visited":["Exordium","TheCity"],"potions_floor_usage":[7,13,16,22,23],"damage_taken":[{"damage":4,"enemies":"Cultist","floor":1,"turns":4},{"damage":6,"enemies":"Small Slimes","floor":2,"turns":4},{"damage":11,"enemies":"Jaw Worm","floor":3,"turns":3},{"damage":1,"enemies":"3 Louse","floor":4,"turns":6},{"damage":28,"enemies":"Gremlin Nob","floor":7,"turns":5},{"damage":12,"enemies":"Large Slime","floor":8,"turns":7},{"damage":0,"enemies":"Looter","floor":11,"turns":1},{"damage":14,"enemies":"Exordium Wildlife","floor":13,"turns":6},{"damage":44,"enemies":"Slime Boss","floor":16,"turns":8},{"damage":18,"enemies":"Chosen","floor":18,"turns":5},{"damage":20,"enemies":"3 Byrds","floor":19,"turns":3},{"damage":28,"enemies":"Snecko","floor":20,"turns":6},{"damage":14,"enemies":"Cultist and Chosen","floor":22,"turns":5},{"damage":46,"enemies":"Slavers","floor":23,"turns":2}],"seed_played":"-3209320854460793999","potions_obtained":[{"floor":1,"key":"Fire Potion"},{"floor":7,"key":"SpeedPotion"},{"floor":8,"key":"Swift Potion"},{"floor":11,"key":"PowerPotion"},{"floor":16,"key":"BloodPotion"},{"floor":18,"key":"LiquidMemories"}],"is_trial":false,"path_per_floor":["M","M","M","M","T","R","E","M","T","R","M","R","M","?","R","B",null,"M","M","M","$","M","E"],"character_chosen":"IRONCLAD","items_purchased":["Fire Breathing","Mummified Hand"],"campfire_rested":0,"item_purchase_floors":[21,21],"current_hp_per_floor":[80,80,75,80,80,80,58,52,52,52,58,58,50,70,70,32,80,68,54,32,32,40,0,0],"gold":82,"neow_bonus":"TRANSFORM_CARD","is_daily":false,"chose_seed":false,"campfire_upgraded":4,"win_rate":0.0,"timestamp":1613569039,"path_taken":["M","M","M","?","?","R","E","M","T","R","M","R","M","?","R","BOSS","M","M","M","$","M","E"],"items_purchased_type":["Card","Relic"],"build_version":"2020-12-22","purchased_purges":0,"victory":false,"max_hp_per_floor":[80,80,80,80,80,80,80,80,80,80,80,80,80,80,80,80,80,80,80,80,80,80,80,80],"card_choices":[{"not_picked":["Disarm","Intimidate"],"picked":"True Grit","floor":1},{"not_picked":["Carnage","Intimidate"],"picked":"Flame Barrier","floor":2},{"not_picked":["Clash","Thunderclap"],"picked":"Feel No Pain","floor":3},{"not_picked":["Flex","Havoc"],"picked":"Pommel Strike","floor":4},{"not_picked":["Headbutt","True Grit"],"picked":"Sentinel","floor":7},{"not_picked":["Warcry","Anger"],"picked":"Bloodletting","floor":8},{"not_picked":["Pommel Strike","Anger"],"picked":"Cleave","floor":8},{"not_picked":["Twin Strike","Rupture","Pummel"],"picked":"SKIP","floor":11},{"not_picked":["Juggernaut","Flame Barrier","Searing Blow"],"picked":"SKIP","floor":11},{"not_picked":["Anger","Bloodletting"],"picked":"Dual Wield","floor":13},{"not_picked":["Sword Boomerang","Wild Strike"],"picked":"Spot Weakness","floor":13},{"not_picked":["Bludgeon","Impervious"],"picked":"Juggernaut","floor":16},{"not_picked":["Perfected Strike","Clothesline+1"],"picked":"Blood for Blood+1","floor":18},{"not_picked":["Twin Strike","Pommel Strike"],"picked":"Flex","floor":18},{"not_picked":["Headbutt","Anger"],"picked":"Iron Wave+1","floor":19},{"not_picked":["Metallicize+1","Havoc+1"],"picked":"Barricade","floor":19},{"not_picked":["Anger+1","Iron Wave"],"picked":"Evolve","floor":20},{"not_picked":["Clothesline+1","Twin Strike+1","Flex+1"],"picked":"SKIP","floor":20},{"not_picked":["Twin Strike","Havoc"],"picked":"Body Slam","floor":22},{"not_picked":["Armaments","Flex+1","Intimidate"],"picked":"SKIP","floor":22}],"player_experience":333310,"relics_obtained":[{"floor":7,"key":"Prayer Wheel"},{"floor":9,"key":"Bag of Marbles"}],"event_choices":[{"damage_healed":20,"gold_gain":0,"player_choice":"Healed","damage_taken":0,"max_hp_gain":0,"max_hp_loss":0,"event_name":"The Cleric","floor":14,"gold_loss":35}],"is_beta":false,"boss_relics":[{"not_picked":["Runic Cube","Runic Pyramid"],"picked":"Philosopher\u0027s Stone"}],"items_purged_floors":[],"is_endless":false,"potions_floor_spawned":[1,7,8,11,16,18],"killed_by":"Slavers","ascension_level":0}}