{"host":"uceopoba4zvqsgiy","time":1613565841,"event":{"mods":["2.2 Compatiblity","Act Like it!","BaseMod","Better Skull","Better Third Choice","Elementarium","Evolution","GifTheSpireLib","Hermit","Humility","Infinite Spire","Jorbs\u0027s Wanderer Trilogy","Marked Mod","Minty Spire (QoL Compilation)","Potionbrewer","Reliquary","Replay The Spire","Robot Space Explorer","Shade Mod","Spicy Shops","StS++","StSLib","Stuff the Spire","The Blue Laboratory","The Caster","The Cursed","The Dragon Tamer","The Dragonkin","The Hierophant","The Judge","The Jungle","TheSurvivalist","Wandering Minibosses"],"gold_per_floor":[118,118,118,135,244,244,276,290,290,140,140,8,18,34,34,14,14],"floor_reached":16,"language":"ENG","playtime":577,"items_purged":[],"score":125,"play_id":"917d6e4e-a88a-431c-a0c6-c9ac68878630","local_time":"20210217231401","is_ascension_mode":false,"campfire_choices":[{"floor":6,"key":"REST"},{"floor":11,"key":"REST"},{"floor":15,"key":"REST"}],"circlet_count":0,"master_deck":["hierophant:Strike_Hierophant","hierophant:Strike_Hierophant","hierophant:Strike_Hierophant","hierophant:Strike_Hierophant","hierophant:Punish","hierophant:Defend_Hierophant","hierophant:Defend_Hierophant","hierophant:Defend_Hierophant","hierophant:Defend_Hierophant","hierophant:ChurchCoffers","hierophant:Doomsaying","hierophant:Smite","hierophant:Endure","hierophant:Flagellation","hierophant:Community","hierophant:Flagellation","hierophant:Flagellation","hierophant:Exaltation"],"relics":["hierophant:PropheticMaskRelic","EVO:Axolotl","NeowsBlessing","potionbrewer:Torch","PreservedInsect","Simple Rune","Sundial","StuffTheSpire:Rhapsscallions","reliquary:PartyBalloon"],"acts_visited":["Exordium"],"potions_floor_usage":[16,16],"damage_taken":[{"damage":0,"enemies":"Cultist","floor":1,"turns":1},{"damage":0,"enemies":"Small Slimes","floor":4,"turns":1},{"damage":0,"enemies":"3 Sentries","floor":7,"turns":1},{"damage":0,"enemies":"2 Louse","floor":8,"turns":1},{"damage":0,"enemies":"Exordium Thugs","floor":13,"turns":2},{"damage":0,"enemies":"2 Fungi Beasts","floor":14,"turns":1},{"damage":80,"enemies":"Hexaghost","floor":16,"turns":13}],"seed_played":"270320434498725312","potions_obtained":[{"floor":4,"key":"potionbrewer:AcidPotion"},{"floor":7,"key":"blueLaboratory:HorrorPotion"},{"floor":8,"key":"BlessingOfTheForge"},{"floor":14,"key":"Fire Potion"}],"is_trial":false,"path_per_floor":["M","$","$","M","?","R","E","M","T","$","R","$","M","M","R","B"],"character_chosen":"HIEROPHANT","items_purchased":["hierophant:Flagellation","reliquary:PartyBalloon","hierophant:Community","hierophant:Flagellation"],"campfire_rested":3,"item_purchase_floors":[10,10,12,12],"current_hp_per_floor":[75,75,75,75,10,32,32,32,36,36,59,59,59,59,79,0,0],"gold":14,"neow_bonus":"THREE_ENEMY_KILL","is_daily":false,"chose_seed":false,"campfire_upgraded":0,"win_rate":0.0,"timestamp":1613565841,"path_taken":["M","?","$","M","?","R","E","M","T","$","R","$","M","M","R","BOSS"],"items_purchased_type":["Card","Relic","Card","Card"],"build_version":"2020-12-22","purchased_purges":0,"victory":false,"max_hp_per_floor":[75,75,75,75,75,75,75,75,79,79,79,79,79,79,79,79,79],"card_choices":[{"not_picked":["hierophant:Remorse","hierophant:MorningPrayer"],"picked":"hierophant:Doomsaying","floor":1},{"not_picked":["hierophant:SealAway","hierophant:OrnateJavelin"],"picked":"hierophant:Smite","floor":4},{"not_picked":["hierophant:DeathKnell","hierophant:Encroach"],"picked":"hierophant:Endure","floor":7},{"not_picked":["hierophant:MorningPrayer","hierophant:Doomsaying"],"picked":"hierophant:SecretStash","floor":8},{"not_picked":["hierophant:MorningPrayer","hierophant:Sermon","hierophant:CursedGold"],"picked":"SKIP","floor":13},{"not_picked":["hierophant:SealAway","hierophant:Encroach"],"picked":"hierophant:Exaltation","floor":14}],"player_experience":1842944,"relics_obtained":[{"floor":7,"key":"Sundial"},{"floor":9,"key":"StuffTheSpire:Rhapsscallions"}],"event_choices":[{"damage_healed":0,"gold_gain":109,"player_choice":"RE RE RE GO ","damage_taken":72,"relics_obtained":["potionbrewer:Torch","PreservedInsect","Simple Rune"],"max_hp_gain":0,"max_hp_loss":0,"event_name":"betterSkull:BetterSkull","floor":5,"gold_loss":0,"cards_upgraded":[]}],"is_beta":false,"boss_relics":[],"items_purged_floors":[],"is_endless":false,"potions_floor_spawned":[4,7,8,14],"killed_by":"Hexaghost","ascension_level":0,"is_humility":true}}