{"host":"q4axc00jr2bozlh9","time":1613558303,"event":{"mods":["AchievementEnabler","BaseMod","Bestiary","Colored Map","Colored Powertips","Curses Come First","Minty Spire (QoL Compilation)","Relic Stats","StSLib","SuperFastMode","UnlockEverythingMod"],"gold_per_floor":[13,24,36,47,58,85,142,159,186,197,197,211,211,229,229,229,229],"floor_reached":16,"language":"ENG","playtime":886,"items_purged":[],"score":133,"play_id":"eeada15b-197b-4678-8f0d-9471373b17e4","local_time":"20210217113823","is_ascension_mode":false,"campfire_choices":[{"data":"Armaments","floor":11,"key":"SMITH"},{"floor":13,"key":"REST"},{"data":"Barricade","floor":15,"key":"SMITH"}],"circlet_count":0,"master_deck":["Strike_R","Strike_R","Strike_R","Strike_R","Strike_R","Defend_R","Defend_R","Defend_R","Defend_R","Bash","Burning Pact","Iron Wave","Thunderclap","True Grit","Armaments+1","Barricade+1","Shrug It Off","Flex","Reaper"],"relics":["Burning Blood","StrikeDummy","Dream Catcher","PreservedInsect"],"acts_visited":["Exordium"],"potions_floor_usage":[6,6,7,16],"damage_taken":[{"damage":8,"enemies":"Jaw Worm","floor":1,"turns":4},{"damage":2,"enemies":"Small Slimes","floor":2,"turns":5},{"damage":5,"enemies":"Cultist","floor":3,"turns":4},{"damage":24,"enemies":"Lots of Slimes","floor":4,"turns":4},{"damage":13,"enemies":"Red Slaver","floor":5,"turns":4},{"damage":59,"enemies":"Lagavulin","floor":6,"turns":14},{"damage":26,"enemies":"3 Sentries","floor":7,"turns":10},{"damage":0,"enemies":"Blue Slaver","floor":8,"turns":6},{"damage":10,"enemies":"Exordium Wildlife","floor":10,"turns":6},{"damage":0,"enemies":"Large Slime","floor":12,"turns":6},{"damage":2,"enemies":"Blue Slaver","floor":14,"turns":5},{"damage":72,"enemies":"Slime Boss","floor":16,"turns":14}],"seed_played":"-568171737733926891","potions_obtained":[{"floor":3,"key":"Fire Potion"},{"floor":4,"key":"BloodPotion"},{"floor":5,"key":"Strength Potion"},{"floor":8,"key":"EssenceOfSteel"},{"floor":14,"key":"Explosive Potion"}],"is_trial":false,"path_per_floor":["M","M","M","M","M","E","?","M","T","M","R","M","R","M","R","B"],"character_chosen":"IRONCLAD","items_purchased":[],"campfire_rested":1,"item_purchase_floors":[],"current_hp_per_floor":[94,96,96,78,71,37,17,23,23,19,19,29,57,65,65,0,0],"gold":229,"neow_bonus":"TWENTY_PERCENT_HP_BONUS","is_daily":false,"chose_seed":false,"campfire_upgraded":2,"win_rate":0.0,"timestamp":1613558303,"path_taken":["M","M","M","M","M","E","?","M","T","M","R","M","R","M","R","BOSS"],"items_purchased_type":[],"build_version":"2020-12-22","purchased_purges":0,"victory":false,"max_hp_per_floor":[96,96,96,96,96,96,96,96,96,96,96,96,96,96,96,96,96],"relic_stats":{"Dream Catcher":1,"counters":[12,82],"PreservedInsect":0,"obtain_stats":[{"Dream Catcher":7,"PreservedInsect":9,"StrikeDummy":6,"Burning Blood":0},{"Dream Catcher":7,"PreservedInsect":8,"StrikeDummy":6,"Burning Blood":0},{"Dream Catcher":45,"PreservedInsect":51,"StrikeDummy":35,"Burning Blood":0}],"Burning Blood":63},"card_choices":[{"not_picked":["Havoc","Combust"],"picked":"Burning Pact","floor":1},{"not_picked":["Pommel Strike","Warcry"],"picked":"Iron Wave","floor":2},{"not_picked":["Havoc","Combust"],"picked":"Thunderclap","floor":3},{"not_picked":["Twin Strike","Seeing Red"],"picked":"True Grit","floor":4},{"not_picked":["Pommel Strike","Havoc"],"picked":"Armaments","floor":5},{"not_picked":["Warcry","Body Slam"],"picked":"Barricade","floor":6},{"not_picked":["Wild Strike","Armaments"],"picked":"Shrug It Off","floor":7},{"not_picked":["Sentinel","Clash"],"picked":"Flex","floor":8},{"not_picked":["Wild Strike","Twin Strike"],"picked":"Reaper","floor":10},{"not_picked":["Dual Wield","Warcry","Thunderclap"],"picked":"SKIP","floor":12},{"not_picked":["Evolve","Flex","Pommel Strike"],"picked":"SKIP","floor":14}],"player_experience":265466,"relics_obtained":[{"floor":6,"key":"StrikeDummy"},{"floor":7,"key":"Dream Catcher"},{"floor":9,"key":"PreservedInsect"}],"event_choices":[{"damage_healed":0,"gold_gain":0,"player_choice":"Searched \u00271\u0027 times","damage_taken":0,"max_hp_gain":0,"max_hp_loss":0,"event_name":"Dead Adventurer","floor":7,"gold_loss":0}],"is_beta":false,"boss_relics":[],"items_purged_floors":[],"is_endless":false,"potions_floor_spawned":[3,4,5,8,14],"killed_by":"Slime Boss","ascension_level":0}}