{"host":"fdyek91c29vizs79","time":1613583744,"event":{"mods":["AchievementEnabler","Aspiration","BaseMod","Conspire","Downfall","Halation","Hero for Fun","Hubris","Lobotomy","Minty Spire (QoL Compilation)","Replay The Spire","Shop Mod","StSLib","The Administrix","The Animator","TheBandit","Waifu the Spire","everything is the same but u backflip on backflip"],"gold_per_floor":[125,144,94,112,67,104,104,122,149,149,149],"floor_reached":10,"language":"FRA","playtime":767,"items_purged":[],"score":68,"play_id":"c3f554e6-cf37-403d-b73a-dd829a01c84f","local_time":"20210217184224","is_ascension_mode":false,"campfire_choices":[],"circlet_count":0,"master_deck":["animator:Strike_Konosuba","animator:Defend_Konosuba","animator:Strike","animator:Strike","animator:Strike","animator:Defend","animator:Defend","animator:Defend","animator:Kazuma","animator:WinryRockbell","animator:WinryRockbell","animator:Rimuru"],"relics":["animator:TheMissingPiece","halation:PlatinumPhoenix","Dream Catcher","hubris:Icosahedron"],"acts_visited":["Exordium"],"potions_floor_usage":[10,10],"damage_taken":[{"damage":0.0,"enemies":"2 Louse","floor":1.0,"turns":4.0},{"damage":0.0,"enemies":"Jaw Worm","floor":2.0,"turns":5.0},{"damage":1.0,"enemies":"Small Slimes","floor":4.0,"turns":3.0},{"damage":0.0,"enemies":"Looter","floor":5.0,"turns":5.0},{"damage":19.0,"enemies":"Lagavulin","floor":6.0,"turns":12.0},{"damage":0,"enemies":"Blue Slaver","floor":8,"turns":5},{"damage":69,"enemies":"Gremlin Nob","floor":10,"turns":6}],"seed_played":"-4979076484125605865","potions_obtained":[{"floor":4.0,"key":"DuplicationPotion"},{"floor":6,"key":"EssenceOfSteel"},{"floor":8,"key":"Doom Potion"}],"is_trial":false,"path_per_floor":["M","M","?","M","M","E","?","M","T","E"],"character_chosen":"THE_ANIMATOR","items_purchased":[],"campfire_rested":0,"item_purchase_floors":[],"current_hp_per_floor":[66,66,66,65,65,46,46,46,46,0,0],"gold":149,"neow_bonus":"BOSS_RELIC","is_daily":false,"chose_seed":false,"campfire_upgraded":0,"win_rate":0.0,"timestamp":1613583744,"path_taken":["M","M","?","M","M","E","?","M","T","E"],"items_purchased_type":[],"build_version":"2020-12-22","purchased_purges":0,"victory":false,"max_hp_per_floor":[66,66,66,66,66,66,66,66,66,66,66],"card_choices":[{"not_picked":["animator:UneriGinkaku","animator:Souei"],"picked":"animator:WinryRockbell","floor":1.0},{"not_picked":["animator:Aqua","animator:Tatsumaki"],"picked":"animator:WinryRockbell","floor":2.0},{"not_picked":["animator:Souei","animator:Aqua","animator:Sonic"],"picked":"SKIP","floor":4.0},{"not_picked":["animator:YaoHaDucy","animator:TukaLunaMarceau"],"picked":"animator:Rimuru","floor":6},{"not_picked":["animator:Millim","animator:Aqua","animator:Kazuma"],"picked":"SKIP","floor":8}],"player_experience":290419,"relics_obtained":[{"floor":6,"key":"Dream Catcher"}],"event_choices":[{"cards_removed":["animator:Aqua"],"damage_healed":0.0,"max_hp_gain":0.0,"max_hp_loss":0.0,"gold_gain":0.0,"event_name":"The Cleric","player_choice":"Card Removal","floor":3.0,"gold_loss":50.0,"damage_taken":0.0}],"is_beta":false,"boss_relics":[],"items_purged_floors":[],"is_endless":false,"potions_floor_spawned":[4,6,8],"killed_by":"Gremlin Nob","ascension_level":0}}