{"host":"y6s8mw1hb3jg98nz","time":1613570979,"event":{"mods":["Aspiration","BaseMod","Better Match","Better Note","Better Third Choice","BetterRewards","Colored Map","Colored Powertips","Googly Eyes","Halation","Minty Spire (QoL Compilation)","Quick Restart","Rare Cards Sparkle","Relic Stats","Replay The Spire","Shop Mod","Spicy Shops","StSLib"],"gold_per_floor":[119,139,93,93,93,93,93,93,119,119,152,152,152,166,166,166,166],"floor_reached":16,"language":"ENG","playtime":1885,"items_purged":[],"score":96,"play_id":"268de130-7c2b-4cac-9547-70c4c3f8a9a2","local_time":"20210218003939","is_ascension_mode":false,"campfire_choices":[{"data":"Strike_R","floor":6,"key":"SMITH"},{"data":"Strike_R","floor":10,"key":"SMITH"},{"data":"Pommel Strike","floor":15,"key":"SMITH"}],"circlet_count":0,"master_deck":["Strike_R+1","Strike_R+1","Strike_R+1","Strike_R+1","Strike_R+1","Defend_R+1","Defend_R","Defend_R","Defend_R","Bash+1","Dual Wield","Flex+1","Thunderclap+1","Spreading Infection","Armaments","Pommel Strike+1"],"relics":["Burning Blood","aspiration:HatOfInfinitePower","Ring of Peace","Ring of Panic","Replay:Wax Seal","Singing Bowl"],"acts_visited":["Exordium"],"potions_floor_usage":[11,11],"damage_taken":[{"damage":3,"enemies":"Small Slimes","floor":1,"turns":3},{"damage":8,"enemies":"Jaw Worm","floor":2,"turns":3},{"damage":8,"enemies":"Gremlin Nob","floor":11,"turns":4},{"damage":0,"enemies":"2 Louse","floor":14,"turns":2},{"damage":91,"enemies":"The Guardian","floor":16,"turns":13}],"seed_played":"6218248522723010460","potions_obtained":[{"floor":1,"key":"Toxic Potion"},{"floor":2,"key":"Swift Potion"}],"is_trial":false,"path_per_floor":["M","M","$","?","?","R","$","?","T","R","E","?","T","M","R","B"],"character_chosen":"IRONCLAD","items_purchased":["Thunderclap+1"],"campfire_rested":0,"item_purchase_floors":[3],"current_hp_per_floor":[88,86,86,86,83,83,83,83,83,83,81,81,81,87,87,0,0],"gold":166,"neow_bonus":"TEN_PERCENT_HP_BONUS","is_daily":false,"chose_seed":false,"campfire_upgraded":3,"win_rate":0.0,"timestamp":1613570979,"path_taken":["M","M","$","?","?","R","?","?","T","R","E","?","?","M","R","BOSS"],"items_purchased_type":["Card"],"build_version":"2020-12-22","purchased_purges":0,"victory":false,"max_hp_per_floor":[88,88,88,88,88,88,88,88,88,88,88,88,88,88,88,88,88],"relic_stats":{"Singing Bowl":0,"counters":[23,97],"obtain_stats":[{"Lantern":22,"Singing Bowl":13,"aspiration:Nostalgia":0,"Mango":9,"aspiration:SeaSaltIceCream":28,"War Paint":9,"Burning Blood":0,"halation:NonexistentMirror":22,"Replay:M_SmolderingBlood":28,"Replay:Bronze Core":19,"Ring of Misfortune":29,"Ring of Peace":8,"PureWater":0,"Toxic Egg 2":11,"Ring of Panic":29,"Replay:Wax Seal":11,"aspiration:HatOfInfinitePower":5},{"Lantern":11,"Singing Bowl":21,"aspiration:Nostalgia":0,"Mango":4,"aspiration:SeaSaltIceCream":15,"War Paint":20,"Burning Blood":0,"halation:NonexistentMirror":11,"Replay:M_SmolderingBlood":15,"Replay:Bronze Core":10,"Ring of Misfortune":15,"Ring of Peace":20,"PureWater":0,"Toxic Egg 2":5,"Ring of Panic":15,"Replay:Wax Seal":21,"aspiration:HatOfInfinitePower":20},{"Lantern":41,"Singing Bowl":82,"aspiration:Nostalgia":0,"Mango":13,"aspiration:SeaSaltIceCream":55,"War Paint":78,"Burning Blood":0,"halation:NonexistentMirror":41,"Replay:M_SmolderingBlood":55,"Replay:Bronze Core":38,"Ring of Misfortune":55,"Ring of Peace":78,"PureWater":0,"Toxic Egg 2":17,"Ring of Panic":55,"Replay:Wax Seal":82,"aspiration:HatOfInfinitePower":78}],"Burning Blood":123},"card_choices":[{"not_picked":["Power Through","Clothesline"],"picked":"Dual Wield","floor":1},{"not_picked":["Seeing Red","Sentinel"],"picked":"Flex","floor":2},{"not_picked":["Heavy Blade","Headbutt"],"picked":"Armaments","floor":11},{"not_picked":["Infernal Blade","Fiend Fire"],"picked":"Pommel Strike","floor":14}],"player_experience":156666,"relics_obtained":[{"floor":8,"key":"Ring of Peace"},{"floor":8,"key":"Ring of Panic"},{"floor":9,"key":"War Paint"},{"floor":11,"key":"Replay:Wax Seal"},{"floor":13,"key":"Singing Bowl"}],"event_choices":[{"damage_healed":0,"gold_gain":0,"player_choice":"Ignored","damage_taken":0,"max_hp_gain":0,"max_hp_loss":0,"event_name":"Golden Wing","floor":4,"gold_loss":0},{"damage_healed":0,"gold_gain":0,"player_choice":"Relic ","damage_taken":3,"max_hp_gain":0,"max_hp_loss":0,"event_name":"betterThird:BetterScrap","floor":5,"gold_loss":0,"cards_obtained":["ReplayTheSpireMod:Repulse"]}],"is_beta":false,"boss_relics":[],"items_purged_floors":[],"is_endless":false,"potions_floor_spawned":[1,2],"killed_by":"The Guardian","ascension_level":0}}