{"host":"8rqsnaeml9gxb0kp","time":1613524819,"event":{"mods":["AchievementEnabler","BaseMod","Colored Powertips","Dark Map","Minty Spire (QoL Compilation)","Rare Cards Sparkle","Relic Stats","StSLib","slay the spire mod where everything is the same but ironclad has a cowboy hat"],"gold_per_floor":[111,111,111,128,140,140,165,98,98,108,140,140,157,188,188,259,259,274,134,134,150,150,150,150,150],"floor_reached":24,"language":"ENG","playtime":1216,"items_purged":[],"score":417,"play_id":"fb5dbaff-1b1e-43cf-8df0-c7d7b9c09366","local_time":"20210216172019","is_ascension_mode":true,"campfire_choices":[{"data":"Bash","floor":6.0,"key":"SMITH"},{"floor":12.0,"key":"REST"},{"data":"Infernal Blade","floor":15.0,"key":"SMITH"},{"floor":23,"key":"REST"}],"circlet_count":0,"master_deck":["AscendersBane","Strike_R","Strike_R","Defend_R","Defend_R","Defend_R","Defend_R","Bash+1","Iron Wave","Anger","Thunderclap","Flex","Flex","Headbutt","Clothesline","Infernal Blade+1","Reaper","Sever Soul+1","Brutality+1","Armaments+1","Hemokinesis","Cleave","Disarm","Power Through+1","RitualDagger"],"relics":["Burning Blood","Bird Faced Urn","Ornamental Fan","White Beast Statue","Eternal Feather","Orichalcum","Astrolabe","Enchiridion"],"acts_visited":["Exordium","TheCity"],"potions_floor_usage":[21,24],"damage_taken":[{"damage":7.0,"enemies":"Cultist","floor":1.0,"turns":4.0},{"damage":20.0,"enemies":"Small Slimes","floor":4.0,"turns":4.0},{"damage":7.0,"enemies":"Jaw Worm","floor":5.0,"turns":2.0},{"damage":17.0,"enemies":"3 Sentries","floor":7.0,"turns":7.0},{"damage":0.0,"enemies":"Looter","floor":10.0,"turns":2.0},{"damage":22.0,"enemies":"Lagavulin","floor":11.0,"turns":4.0},{"damage":1.0,"enemies":"3 Louse","floor":13.0,"turns":5.0},{"damage":16.0,"enemies":"3 Sentries","floor":14.0,"turns":8.0},{"damage":61.0,"enemies":"The Guardian","floor":16.0,"turns":12.0},{"damage":28.0,"enemies":"3 Byrds","floor":18.0,"turns":7.0},{"damage":6,"enemies":"Chosen","floor":21,"turns":3},{"damage":105,"enemies":"Gremlin Leader","floor":24,"turns":9}],"seed_played":"5383568239513595804","potions_obtained":[{"floor":1.0,"key":"DuplicationPotion"},{"floor":5.0,"key":"BlessingOfTheForge"},{"floor":7.0,"key":"BlessingOfTheForge"},{"floor":10.0,"key":"SteroidPotion"},{"floor":11.0,"key":"BloodPotion"},{"floor":13.0,"key":"SkillPotion"},{"floor":14.0,"key":"FairyPotion"},{"floor":16.0,"key":"EssenceOfSteel"},{"floor":18.0,"key":"ElixirPotion"},{"floor":21,"key":"ElixirPotion"}],"is_trial":false,"path_per_floor":["M","?","$","M","M","R","E","?","T","M","E","R","M","E","R","B",null,"M","$","?","M","?","R","E"],"character_chosen":"IRONCLAD","items_purchased":["Cleave","Disarm"],"campfire_rested":2,"item_purchase_floors":[19,19],"current_hp_per_floor":[49,49,49,35,34,34,23,23,23,29,13,44,64,54,63,8,58,47,47,26,30,24,61,0,0],"gold":150,"neow_bonus":"ONE_RARE_RELIC","is_daily":false,"chose_seed":false,"campfire_upgraded":2,"win_rate":0.0,"timestamp":1613524819,"path_taken":["M","?","$","M","M","R","E","?","T","M","E","R","M","E","R","BOSS","M","$","?","M","?","R","E"],"items_purchased_type":["Card","Card"],"build_version":"2020-12-22","purchased_purges":0,"victory":false,"max_hp_per_floor":[75,75,75,75,75,75,75,75,75,75,75,75,75,75,75,75,75,75,75,75,75,75,75,75,75],"relic_stats":{"counters":[12,67],"Ornamental Fan":[72],"Bird Faced Urn":[8],"Astrolabe":["Sever Soul","Brutality","Armaments"],"Eternal Feather":33,"Orichalcum":[24],"obtain_stats":[{"Ornamental Fan":7,"Bird Faced Urn":0,"Astrolabe":17,"Enchiridion":20,"Eternal Feather":11,"Orichalcum":14,"Burning Blood":0,"White Beast Statue":9},{"Ornamental Fan":4,"Bird Faced Urn":0,"Astrolabe":9,"Enchiridion":10,"Eternal Feather":6,"Orichalcum":8,"Burning Blood":0,"White Beast Statue":4},{"Ornamental Fan":17,"Bird Faced Urn":0,"Astrolabe":48,"Enchiridion":55,"Eternal Feather":23,"Orichalcum":36,"Burning Blood":0,"White Beast Statue":17}],"Burning Blood":66},"card_choices":[{"not_picked":["Spot Weakness","Pommel Strike"],"picked":"Iron Wave","floor":1.0},{"not_picked":["Flex","Rupture"],"picked":"Anger","floor":4.0},{"not_picked":["Perfected Strike","Twin Strike"],"picked":"Thunderclap","floor":5.0},{"not_picked":["Corruption","Intimidate"],"picked":"Flex","floor":7.0},{"not_picked":["Pommel Strike","Headbutt"],"picked":"Flex","floor":10.0},{"not_picked":["Dark Embrace","Iron Wave"],"picked":"Headbutt","floor":11.0},{"not_picked":["Second Wind","Seeing Red"],"picked":"Clothesline","floor":13.0},{"not_picked":["True Grit","Anger"],"picked":"Infernal Blade","floor":14.0},{"not_picked":["Fiend Fire","Demon Form"],"picked":"Reaper","floor":16.0},{"not_picked":["Shrug It Off","Rage"],"picked":"Hemokinesis","floor":18.0},{"not_picked":["Perfected Strike","Warcry"],"picked":"Power Through+1","floor":21}],"player_experience":261177,"relics_obtained":[{"floor":7.0,"key":"Ornamental Fan"},{"floor":9.0,"key":"White Beast Statue"},{"floor":11.0,"key":"Eternal Feather"},{"floor":14.0,"key":"Orichalcum"},{"floor":20.0,"key":"Enchiridion"}],"event_choices":[{"damage_healed":0.0,"max_hp_gain":0.0,"max_hp_loss":0.0,"gold_gain":0.0,"event_name":"Golden Wing","player_choice":"Ignored","floor":2.0,"gold_loss":0.0,"damage_taken":0.0},{"damage_healed":0.0,"max_hp_gain":0.0,"max_hp_loss":0.0,"gold_gain":0.0,"event_name":"World of Goop","player_choice":"Left Gold","floor":8.0,"gold_loss":67.0,"damage_taken":0.0},{"damage_healed":0.0,"max_hp_gain":0.0,"max_hp_loss":0.0,"gold_gain":0.0,"event_name":"Cursed Tome","player_choice":"Obtained Book","floor":20.0,"gold_loss":0.0,"damage_taken":21.0},{"damage_healed":0,"gold_gain":0,"player_choice":"Joined the Cult","damage_taken":6,"max_hp_gain":0,"max_hp_loss":0,"event_name":"Nest","floor":22,"gold_loss":0,"cards_obtained":["RitualDagger"]}],"is_beta":false,"boss_relics":[{"not_picked":["Runic Pyramid","Ectoplasm"],"picked":"Astrolabe"}],"items_purged_floors":[],"is_endless":false,"potions_floor_spawned":[1,5,7,10,11,13,14,16,18,21],"killed_by":"Gremlin Leader","ascension_level":19}}