{"host":"x52zk6e1f2bye2h7","time":1613569335,"event":{"mods":["AchievementEnabler","BaseMod","Highlight Path","Minty Spire (QoL Compilation)","everything is the same but u backflip on backflip"],"gold_per_floor":[119,133,133,58,71,71,71,71,71,71,71,94,118,153,153,281,281,299,323,74,88,51,51,51,51],"floor_reached":24,"language":"ENG","playtime":861,"items_purged":["Strike_R","Strike_R"],"score":216,"play_id":"83bac62f-bfe1-4985-90aa-fc66bbda6cde","local_time":"20210217134215","is_ascension_mode":true,"campfire_choices":[{"data":"Bash","floor":6,"key":"SMITH"},{"data":"Dropkick","floor":11,"key":"SMITH"},{"floor":15,"key":"REST"},{"data":"Feed","floor":23,"key":"SMITH"}],"circlet_count":0,"master_deck":["Strike_R","Strike_R","Strike_R","Defend_R","Defend_R","Defend_R","Defend_R","Bash+1","Inflame","Dropkick+1","Sword Boomerang+1","Feed+1","Sever Soul+1","Limit Break","Inflame"],"relics":["Burning Blood","Golden Idol","Letter Opener","Coffee Dripper","Omamori"],"acts_visited":["Exordium","TheCity"],"potions_floor_usage":[14,16,24],"damage_taken":[{"damage":0,"enemies":"2 Louse","floor":1,"turns":3},{"damage":8,"enemies":"Jaw Worm","floor":2,"turns":4},{"damage":1,"enemies":"Cultist","floor":5,"turns":3},{"damage":8,"enemies":"Red Slaver","floor":12,"turns":4},{"damage":13,"enemies":"Blue Slaver","floor":13,"turns":2},{"damage":25,"enemies":"3 Sentries","floor":14,"turns":9},{"damage":51,"enemies":"Hexaghost","floor":16,"turns":6},{"damage":12,"enemies":"Chosen","floor":18,"turns":5},{"damage":16,"enemies":"Shell Parasite","floor":19,"turns":4},{"damage":30,"enemies":"Centurion and Healer","floor":21,"turns":6},{"damage":69,"enemies":"Slavers","floor":24,"turns":5}],"seed_played":"5641476564327084436","potions_obtained":[{"floor":1,"key":"EssenceOfSteel"},{"floor":13,"key":"SteroidPotion"},{"floor":19,"key":"BloodPotion"}],"is_trial":false,"path_per_floor":["M","M","?","$","M","R","?","?","T","$","R","M","M","E","R","B",null,"M","M","$","M","$","R","E"],"character_chosen":"IRONCLAD","items_purchased":["Omamori","Inflame"],"campfire_rested":1,"item_purchase_floors":[20,22],"current_hp_per_floor":[88,86,86,86,88,88,81,81,81,81,81,79,72,53,77,32,81,78,68,68,47,47,47,0,0],"gold":51,"neow_bonus":"TEN_PERCENT_HP_BONUS","is_daily":false,"chose_seed":false,"campfire_upgraded":3,"win_rate":0.0,"timestamp":1613569335,"path_taken":["M","M","?","$","M","R","?","?","T","$","R","M","?","E","R","BOSS","M","?","$","M","?","R","E"],"items_purchased_type":["Relic","Card"],"build_version":"2020-12-22","purchased_purges":2,"victory":false,"max_hp_per_floor":[88,88,88,88,88,88,81,81,81,81,81,81,81,81,81,81,81,84,84,84,87,87,87,87,87],"card_choices":[{"not_picked":["Reckless Charge","Iron Wave"],"picked":"Inflame","floor":1},{"not_picked":["Sword Boomerang","Warcry"],"picked":"Dropkick","floor":2},{"not_picked":["Armaments","Havoc"],"picked":"Sword Boomerang","floor":5},{"not_picked":["Anger","Sword Boomerang","Body Slam"],"picked":"SKIP","floor":12},{"not_picked":["Clash","Second Wind","Headbutt"],"picked":"SKIP","floor":13},{"not_picked":["Reaper","Cleave","Headbutt"],"picked":"SKIP","floor":14},{"not_picked":["Barricade","Offering"],"picked":"Feed","floor":16},{"not_picked":["Body Slam","Twin Strike","Flex"],"picked":"SKIP","floor":18},{"not_picked":["Clash","Clothesline+1"],"picked":"Sever Soul+1","floor":19},{"not_picked":["Clothesline","Warcry"],"picked":"Limit Break","floor":21}],"player_experience":132514,"relics_obtained":[{"floor":14,"key":"Letter Opener"}],"event_choices":[{"damage_healed":0,"gold_gain":0,"player_choice":"Ignored","damage_taken":0,"max_hp_gain":0,"max_hp_loss":0,"event_name":"Liars Game","floor":3,"gold_loss":0},{"damage_healed":0,"gold_gain":0,"player_choice":"Lose Max HP","damage_taken":0,"relics_obtained":["Golden Idol"],"max_hp_gain":0,"max_hp_loss":7,"event_name":"Golden Idol","floor":7,"gold_loss":0},{"damage_healed":0,"gold_gain":0,"player_choice":"Grow","damage_taken":0,"max_hp_gain":0,"max_hp_loss":0,"event_name":"Living Wall","floor":8,"gold_loss":0,"cards_upgraded":["Sword Boomerang"]}],"is_beta":false,"boss_relics":[{"not_picked":["Velvet Choker","Runic Dome"],"picked":"Coffee Dripper"}],"items_purged_floors":[4,20],"is_endless":false,"potions_floor_spawned":[1,13,19],"killed_by":"Slavers","ascension_level":2}}