{"host":"rm0ctv8qd8mnbkg1","time":1613583545,"event":{"mods":["BaseMod","Beaked The Cultist","BetterRewards","Colored Map","DNKmod","Dark Map","Defuse TimeMaze Blight","Downfall","Friendly Minions","Hubris","Marisa????????","Minty Spire (QoL Compilation)","MostiFishMod","Permanent Neow","Rare Cards Sparkle","Relic Sorter","Reliquary","Replay The Spire","RumiaBox-????????","Shade Mod","Shop Mod","Spicy Shops","Spire Arcade","StSLib","The Construct","The Servant 0.9.4","TheVacant","Wandering Minibosses","??????REMEMod"],"gold_per_floor":[10000,10000,10000,10175,10175,10095,10095,10110,10131,10131,10142,10142,9487,9500,9514,9614,9614,9614,9614],"floor_reached":17,"language":"ENG","playtime":465,"items_purged":[],"score":195,"play_id":"4e5afab8-90de-4c05-b3fa-c18c4b6cbb43","local_time":"20210217173905","is_ascension_mode":false,"campfire_choices":[{"data":"A Thousand Cuts","floor":1,"key":"SMITH"},{"data":"ReplayTheSpireMod:Private Reserves","floor":10,"key":"SMITH"}],"circlet_count":0,"master_deck":["bronze:Strike","bronze:Strike","bronze:Strike","bronze:Strike","bronze:Defend","bronze:Defend","bronze:Defend","bronze:Defend","bronze:Replicate","bronze:Goto","A Thousand Cuts+1","bronze:WildBeam","Doubt","bronze:Fortify","bronze:InfiniteBeams","bronze:Flail","ReplayTheSpireMod:Private Reserves+1","MostiFishMod:KingOfFree","bronze:GetLatest","bronze:FineTuning","bronze:ShipIt","bronze:Spike","bronze:DazingPulse","bronze:Explode","bronze:OilSpill","bronze:Iterate","bronze:OilSpill+1","bronze:CloningBeam","bronze:Repair","bronze:Verify","Injury","Writhe","CurseOfTheBell"],"relics":["bronze:BronzeCore","REME_ComplimentaryCards","DaveBox","xbg","downfall:HeartsMalice","bronze:BottledCode","BargainBundle","Replay:Wax Seal","ReplayFunnel","Bronze Scales","reliquary:Stiletto","Oddly Smooth Stone","Shuriken","Frozen Eye","Replay:Ancient Bell","hexamod:BolsterEngine","REME_HourglassOfDeath","Ginger"],"acts_visited":["Exordium","TheCity"],"potions_floor_usage":[12,13,13],"damage_taken":[{"damage":0,"enemies":"2 Louse","floor":2,"turns":1},{"damage":0,"enemies":"Small Slimes","floor":5,"turns":1},{"damage":0,"enemies":"downfall:FleeingMerchant","floor":6,"turns":1},{"damage":0,"enemies":"Cultist","floor":8,"turns":2},{"damage":0,"enemies":"Exordium Thugs","floor":9,"turns":1},{"damage":0,"enemies":"Exordium Wildlife","floor":11,"turns":2},{"damage":9,"enemies":"Exordium Wildlife","floor":12,"turns":2},{"damage":0,"enemies":"downfall:FleeingMerchant","floor":13,"turns":4},{"damage":0,"enemies":"3 Louse","floor":14,"turns":1},{"damage":0,"enemies":"2 Fungi Beasts","floor":15,"turns":1},{"damage":2,"enemies":"DF_ARCHETYPE_STREAMLINE","floor":16,"turns":5}],"seed_played":"7175782987970716582","potions_obtained":[{"floor":8,"key":"bronze:FreeFunctionsPotion"},{"floor":11,"key":"Strength Potion"},{"floor":12,"key":"bronze:BurnAndBuffPotion"},{"floor":14,"key":"FearPotion"},{"floor":15,"key":"Cursed Concoction"}],"is_trial":false,"path_per_floor":["R","M","?","?","M","$","T","M","M","R","M","?","$","M","M","B",null],"character_chosen":"THE_AUTOMATON","items_purchased":["BargainBundle","Replay:Wax Seal","ReplayFunnel","Bronze Scales","reliquary:Stiletto","bronze:Flail","ReplayTheSpireMod:Private Reserves","MostiFishMod:KingOfFree","Shuriken","bronze:OilSpill+1","Frozen Eye","EntropicBrew"],"campfire_rested":0,"item_purchase_floors":[6,6,6,6,6,6,6,6,13,13,13,13],"current_hp_per_floor":[1000,1000,990,990,990,990,990,990,990,990,990,981,981,981,982,988,990,990,990],"gold":9614,"neow_bonus":"THREE_ENEMY_KILL","is_daily":false,"chose_seed":false,"campfire_upgraded":2,"win_rate":0.0,"timestamp":1613583545,"path_taken":["R","M","?","?","M","$","T","M","M","R","M","?","$","M","M","BOSS"],"items_purchased_type":["Relic","Relic","Relic","Relic","Relic","Card","Card","Card","Relic","Card","Relic","Potion"],"build_version":"2020-12-22","purchased_purges":0,"victory":false,"max_hp_per_floor":[1000,1000,990,990,990,990,990,990,990,990,990,990,990,990,990,990,990,990,990],"card_choices":[{"not_picked":["bronze:Separator","bronze:Turbo"],"picked":"bronze:WildBeam","floor":2},{"not_picked":["bronze:DelayedGuard","bronze:Branch"],"picked":"bronze:Fortify","floor":5},{"not_picked":["bronze:ForceShield","bronze:Branch"],"picked":"bronze:InfiniteBeams","floor":6},{"not_picked":["bronze:DigitalCarnage","bronze:DelayedGuard"],"picked":"bronze:GetLatest","floor":8},{"not_picked":["bronze:BugBarrage","bronze:OilSpill"],"picked":"bronze:FineTuning","floor":9},{"not_picked":["bronze:Philosophize","bronze:FollowUp"],"picked":"bronze:ShipIt","floor":11},{"not_picked":[],"picked":"bronze:Spike","floor":12},{"not_picked":[],"picked":"bronze:DazingPulse","floor":12},{"not_picked":[],"picked":"bronze:Explode","floor":12},{"not_picked":["bronze:Invalidate","bronze:DelayedGuard"],"picked":"bronze:OilSpill","floor":12},{"not_picked":["bronze:BitShift","bronze:Turbo"],"picked":"bronze:Iterate","floor":13},{"not_picked":["bronze:ChildClass","bronze:DelayedGuard"],"picked":"bronze:CloningBeam","floor":14},{"not_picked":["bronze:Backtrace","bronze:Return"],"picked":"bronze:Repair","floor":15},{"not_picked":["bronze:Virus","bronze:Hardcode"],"picked":"bronze:Verify","floor":16},{"not_picked":["Writhe","Normality"],"picked":"Injury","floor":17},{"not_picked":["hubris:Envy","downfall:Aged"],"picked":"Writhe","floor":17},{"not_picked":["downfall:Aged","Normality"],"picked":"CurseOfTheBell","floor":17}],"player_experience":365227,"relics_obtained":[{"floor":7,"key":"Oddly Smooth Stone"}],"event_choices":[],"is_beta":false,"boss_relics":[{"not_picked":["REME_DuelDisc","ExusiaiGun"],"picked":"Replay:Ancient Bell"},{"not_picked":["Potion Belt","Juzu Bracelet"],"picked":"hexamod:BolsterEngine"},{"not_picked":["Slimebound:PreparedRelic","reliquary:JackalopeAntler"],"picked":"REME_HourglassOfDeath"},{"not_picked":["hubris:Spice","Pondfish Scales"],"picked":"Ginger"}],"items_purged_floors":[],"is_endless":false,"potions_floor_spawned":[8,11,12,14,15,16],"ascension_level":0}}