{"host":"flm17o2q7bfjyna6","time":1613578814,"event":{"mods":["2.2 Compatiblity","Act Like it!","BaseMod","Better Altar","Better Match","Better Note","Better Sensory Stone","Better Skull","Better Third Choice","Better Vampires","Colored Map","Colored Powertips","DeckTracker","Fox Events","Hermit","Minty Spire (QoL Compilation)","Quick Restart","Replay The Spire","Reworked Bosses","Spicy Shops","StSLib","TheSwordswoman","Wandering Minibosses"],"gold_per_floor":[113,113,131,145,157,182,182,35,81,81,81],"floor_reached":10,"language":"ENG","playtime":254,"items_purged":[],"score":82,"play_id":"8a7ca810-ec59-4647-9c7d-97bcf62becad","local_time":"20210217112014","is_ascension_mode":true,"campfire_choices":[{"data":"blazmod:RevolvingPhoenix","floor":7,"key":"SMITH"}],"circlet_count":0,"master_deck":["blazmod:Strike","blazmod:Strike","blazmod:Strike","blazmod:Strike","blazmod:Defend","blazmod:Defend","blazmod:Defend","blazmod:Defend","blazmod:ButterflyEffect","blazmod:Kyokasuigetsu","blazmod:Trasient+1","blazmod:SidewaySolace+1","blazmod:KatanaStrike","blazmod:DrippingWaterHollowsStone+1","blazmod:RevolvingPhoenix+1","blazmod:KatanaStrike"],"relics":["blazmod:Venustas","NeowsBlessing","ReplayTheSpireMod:Shallot","Guide Book","Juzu Bracelet"],"acts_visited":["Exordium"],"potions_floor_usage":[6,10],"damage_taken":[{"damage":0,"enemies":"2 Louse","floor":1,"turns":1},{"damage":0,"enemies":"Cultist","floor":3,"turns":1},{"damage":0,"enemies":"Small Slimes","floor":4,"turns":1},{"damage":1,"enemies":"Looter","floor":5,"turns":3},{"damage":18,"enemies":"Gremlin Nob","floor":6,"turns":3},{"damage":21,"enemies":"3 Sentries","floor":10,"turns":4}],"seed_played":"2164244575544578437","potions_obtained":[{"floor":3,"key":"SpeedPotion"},{"floor":4,"key":"AttackPotion"}],"is_trial":false,"path_per_floor":["M","?","M","M","M","E","R","$","T","E"],"character_chosen":"THE_SWORDSWOMAN","items_purchased":["Guide Book"],"campfire_rested":0,"item_purchase_floors":[8],"current_hp_per_floor":[40,40,40,40,39,21,21,21,21,0,0],"gold":81,"neow_bonus":"THREE_ENEMY_KILL","is_daily":false,"chose_seed":false,"campfire_upgraded":1,"win_rate":0.0,"timestamp":1613578814,"path_taken":["M","?","?","M","M","E","R","$","T","E"],"items_purchased_type":["Relic"],"build_version":"2020-12-22","purchased_purges":0,"victory":false,"max_hp_per_floor":[40,40,40,40,40,40,40,40,40,40,40],"card_choices":[{"not_picked":["blazmod:StanceChange","blazmod:SidewaySolace"],"picked":"blazmod:Trasient","floor":1},{"not_picked":["blazmod:MentalFocus","blazmod:BoulderFlash"],"picked":"blazmod:KatanaStrike","floor":3},{"not_picked":["blazmod:Crosscut","blazmod:HarmonyComplete"],"picked":"blazmod:DrippingWaterHollowsStone","floor":4},{"not_picked":["blazmod:MentalFocus","blazmod:BeTheBlade"],"picked":"blazmod:RevolvingPhoenix","floor":5},{"not_picked":["blazmod:PhysicalEndurance","blazmod:FlashRock"],"picked":"blazmod:KatanaStrike","floor":6}],"player_experience":1786939,"relics_obtained":[{"floor":6,"key":"ReplayTheSpireMod:Shallot"},{"floor":9,"key":"Juzu Bracelet"}],"event_choices":[{"cards_removed":["blazmod:Strike"],"damage_healed":0,"gold_gain":0,"player_choice":"Take \u0026 Give","damage_taken":0,"max_hp_gain":0,"max_hp_loss":0,"event_name":"betterNote:BetterNote","floor":2,"gold_loss":0,"cards_obtained":["blazmod:SidewaySolace"]}],"is_beta":false,"boss_relics":[],"items_purged_floors":[],"is_endless":false,"potions_floor_spawned":[3,4],"killed_by":"3 Sentries","ascension_level":4}}