{"host":"phapnj0danpxvjlm","time":1613588135,"event":{"mods":["BaseMod","Better Note","Better Third Choice","BetterRewards","Bossed Relics","Colored Powertips","Downfall","Hermit","Minty Spire (QoL Compilation)","Permanent Neow","Quick Restart","Rare Cards Sparkle","Spire Arcade","StSLib","The Animator","The Necromancer","The Wild Card"],"gold_per_floor":[99,111,129,129,129,187,187,199,199,217,217,229,229,249,262,364,364,364,383,383,401,401,401,455,525,543,593,593,593,593,593],"floor_reached":29,"language":"ENG","playtime":4390,"items_purged":[],"score":242,"play_id":"110877a4-a38e-4714-afec-7a51c089d53c","local_time":"20210217195535","is_ascension_mode":false,"campfire_choices":[{"floor":13,"key":"REST"}],"circlet_count":0,"master_deck":["sneckomod:Strike","sneckomod:Strike","sneckomod:Strike","sneckomod:Defend","sneckomod:Defend","sneckomod:Defend","sneckomod:TailWhip","sneckomod:SnekBite","Madness","sneckomod:DiceBoulder+1","sneckomod:IronFang","sneckomod:IronFang","Madness","sneckomod:IronFang","sneckomod:UnknownUncommonPower","sneckomod:Unknown1Cost","sneckomod:Restock","Madness","sneckomod:SnekBeam+1","Writhe","Parasite","animator:Curse_GriefSeed","sneckomod:SerpentIdol","sneckomod:RainOfDice","Madness+1"],"relics":["sneckomod:SneckoSoul","Ornamental Fan","Bottled Lightning","downfall:ExtraCursedKey","SacredBark","FossilizedHelix","SsserpentHead","Happy Flower"],"acts_visited":["TheCity"],"potions_floor_usage":[12,16,16,29],"damage_taken":[{"damage":4,"enemies":"Small Slimes","floor":2,"turns":3},{"damage":0,"enemies":"Jaw Worm","floor":3,"turns":1},{"damage":62,"enemies":"3 Sentries","floor":6,"turns":9},{"damage":1,"enemies":"Cultist","floor":8,"turns":4},{"damage":11,"enemies":"Blue Slaver","floor":10,"turns":5},{"damage":1,"enemies":"Large Slime","floor":12,"turns":3},{"damage":4,"enemies":"Red Slaver","floor":14,"turns":2},{"damage":0,"enemies":"downfall:LooterAlt","floor":15,"turns":3},{"damage":29,"enemies":"WA_ARCHETYPE_RETAIN","floor":16,"turns":7},{"damage":6,"enemies":"Chosen","floor":19,"turns":5},{"damage":16,"enemies":"Shell Parasite","floor":21,"turns":7},{"damage":43,"enemies":"Snake Plant","floor":25,"turns":9},{"damage":4,"enemies":"Snecko","floor":26,"turns":5},{"damage":22,"enemies":"Centurion and Healer","floor":29,"turns":4}],"seed_played":"788042730291233327","potions_obtained":[{"floor":3,"key":"SpeedPotion"},{"floor":6,"key":"GamblersBrew"},{"floor":10,"key":"EssenceOfSteel"},{"floor":14,"key":"LiquidBronze"},{"floor":16,"key":"sneckomod:MuddlingPotion"},{"floor":19,"key":"Block Potion"}],"is_trial":false,"path_per_floor":["R","M","M","?","?","?","T","M","R","M","?","M","R","M","M","B",null,"R","M","?","M","?","?","T","M","M","?","R","M"],"character_chosen":"THE_SNECKO","items_purchased":[],"campfire_rested":1,"item_purchase_floors":[],"current_hp_per_floor":[99,95,95,100,100,38,38,37,37,26,26,25,56,52,52,23,104,104,98,98,82,82,82,82,39,35,69,69,47,47,47],"gold":593,"neow_bonus":"TEN_PERCENT_HP_BONUS","is_daily":false,"chose_seed":false,"campfire_upgraded":0,"win_rate":0.0,"timestamp":1613588135,"path_taken":["R","M","M","?","?","?","T","M","R","M","?","M","R","?","M","BOSS","R","M","?","M","?","?","T","?","M","?","R","M"],"items_purchased_type":[],"build_version":"2020-12-22","purchased_purges":0,"victory":false,"max_hp_per_floor":[99,99,99,104,104,104,104,104,104,104,104,104,104,104,104,104,104,104,104,104,104,104,104,104,104,104,104,104,104,104,104],"card_choices":[{"not_picked":["sneckomod:UnknownCommonSkill","sneckomod:UnknownUncommonPower"],"picked":"sneckomod:DiceBoulder","floor":2},{"not_picked":["sneckomod:UnknownX","sneckomod:DiceBlock"],"picked":"sneckomod:UnknownCommonSkill","floor":3},{"not_picked":["sneckomod:UnknownWeak","sneckomod:SoulDraw"],"picked":"sneckomod:IronFang","floor":6},{"not_picked":["sneckomod:DefensiveFlair","sneckomod:QuickBite"],"picked":"sneckomod:IronFang","floor":8},{"not_picked":["sneckomod:QuickBite","sneckomod:DiceBlock","sneckomod:Nope"],"picked":"SKIP","floor":10},{"not_picked":["sneckomod:TrashToTreasure","sneckomod:UnknownDraw"],"picked":"sneckomod:IronFang","floor":12},{"not_picked":["sneckomod:UnknownExhaust","sneckomod:DiceBlock"],"picked":"sneckomod:UnknownUncommonPower","floor":14},{"not_picked":["sneckomod:WideSting","sneckomod:UnknownExhaust"],"picked":"sneckomod:Unknown1Cost","floor":15},{"not_picked":["sneckomod:UnlimitedRolls","sneckomod:DangerNoodle"],"picked":"sneckomod:Restock","floor":16},{"not_picked":["sneckomod:UnknownUncommonSkill","sneckomod:Unknown0Cost"],"picked":"sneckomod:Unknown1Cost+1","floor":19},{"not_picked":["sneckomod:UnknownDraw","sneckomod:ImprovisedGuard"],"picked":"sneckomod:SnekBeam+1","floor":21},{"not_picked":["sneckomod:WideSting","sneckomod:QuickMove"],"picked":"sneckomod:SerpentIdol","floor":25},{"not_picked":["sneckomod:UnknownCommonAttack","sneckomod:DiceBlock"],"picked":"sneckomod:RainOfDice","floor":26}],"player_experience":558941,"relics_obtained":[{"floor":6,"key":"Ornamental Fan"},{"floor":7,"key":"Bottled Lightning"},{"floor":24,"key":"Happy Flower"}],"event_choices":[{"damage_healed":0,"gold_gain":0,"player_choice":"Donut","damage_taken":0,"max_hp_gain":5,"max_hp_loss":0,"event_name":"Big Fish","floor":4,"gold_loss":0},{"damage_healed":0,"gold_gain":0,"player_choice":"Grow","damage_taken":0,"max_hp_gain":0,"max_hp_loss":0,"event_name":"Living Wall","floor":5,"gold_loss":0,"cards_upgraded":["sneckomod:DiceBoulder"]},{"damage_healed":0,"gold_gain":0,"player_choice":"Ignored","damage_taken":0,"max_hp_gain":0,"max_hp_loss":0,"event_name":"betterNote:BetterNote","floor":20,"gold_loss":0,"cards_obtained":["Slimebound:MassRepurpose"]},{"damage_healed":0,"gold_gain":0,"player_choice":"Trade","damage_taken":0,"relics_obtained":["SsserpentHead"],"max_hp_gain":0,"max_hp_loss":0,"event_name":"FaceTrader","floor":23,"gold_loss":0},{"damage_healed":34,"gold_gain":0,"player_choice":"Heal","damage_taken":0,"max_hp_gain":0,"max_hp_loss":0,"event_name":"The Library","floor":27,"gold_loss":0}],"is_beta":false,"boss_relics":[{"not_picked":["Busted Crown","Sozu"],"picked":"SacredBark"}],"items_purged_floors":[],"is_endless":false,"potions_floor_spawned":[3,6,10,14,16,19],"killed_by":"Centurion and Healer","ascension_level":0}}