{"host":"lv7etzzgwahaenh9","time":1613598400,"event":{"mods":["AchievementEnabler","BaseMod","Colored Map","Colored Powertips","Highlight Path","Minty Spire (QoL Compilation)","Permanent Neow","Quick Restart","Random Character Button","StSLib"],"gold_per_floor":[18,29,46,46,62,62,96,96,122,122,138,138,171,171,171,269,269,280,480,405,365,5,5,31,31,31,31,49,49,75,75,75,175,175,190,190,206,256,256,290,299,299,325,325,136,170,198,217,226,226],"floor_reached":51,"language":"ENG","playtime":2058,"items_purged":["Defend_P"],"score":1191,"play_id":"cc0024df-4e5e-41ed-a890-d69781d12ca1","local_time":"20210217134640","is_ascension_mode":true,"campfire_choices":[{"data":"WindmillStrike","floor":6.0,"key":"SMITH"},{"data":"WaveOfTheHand","floor":8.0,"key":"SMITH"},{"data":"CrushJoints","floor":10.0,"key":"SMITH"},{"data":"Eruption","floor":12.0,"key":"SMITH"},{"floor":15.0,"key":"REST"},{"data":"Devotion","floor":23.0,"key":"SMITH"},{"data":"SpiritShield","floor":25.0,"key":"SMITH"},{"data":"Vigilance","floor":29.0,"key":"SMITH"},{"floor":32.0,"key":"REST"},{"data":"Enlightenment","floor":42.0,"key":"SMITH"},{"data":"Meditate","floor":44.0,"key":"SMITH"},{"floor":49,"key":"REST"}],"circlet_count":0,"master_deck":["Eruption+1","Vigilance+1","WindmillStrike+1","CrushJoints+1","ReachHeaven","WaveOfTheHand+1","EmptyBody","BowlingBash+1","Devotion+1","SpiritShield+1","Prostrate","Meditate+1","Prostrate","Swivel+1","Evaluate+1","Necronomicurse","Scrawl","EmptyBody+1","ForeignInfluence+1","Halt+1","Consecrate+1","ForeignInfluence+1","CutThroughFate+1","Conclude+1","Enlightenment+1","Apotheosis","Prostrate","SandsOfTime+1","Prostrate+1"],"relics":["PureWater","Bag of Preparation","Anchor","Ancient Tea Set","Juzu Bracelet","Black Star","Molten Egg 2","Orichalcum","Meat on the Bone","Damaru","Darkstone Periapt","Blue Candle","Necronomicon","Astrolabe","CaptainsWheel","Omamori","Ornamental Fan","CeramicFish","Centennial Puzzle","Blood Vial","Dream Catcher"],"acts_visited":["Exordium","TheCity","TheBeyond"],"potions_floor_usage":[46,50],"damage_taken":[{"damage":2.0,"enemies":"Jaw Worm","floor":1.0,"turns":3.0},{"damage":1.0,"enemies":"Cultist","floor":2.0,"turns":3.0},{"damage":0.0,"enemies":"2 Louse","floor":3.0,"turns":3.0},{"damage":9.0,"enemies":"Gremlin Gang","floor":5.0,"turns":9.0},{"damage":17.0,"enemies":"Lagavulin","floor":7.0,"turns":5.0},{"damage":0.0,"enemies":"Large Slime","floor":11.0,"turns":3.0},{"damage":0.0,"enemies":"Gremlin Nob","floor":13.0,"turns":2.0},{"damage":5.0,"enemies":"The Guardian","floor":16.0,"turns":7.0},{"damage":9.0,"enemies":"Shell Parasite","floor":18.0,"turns":6.0},{"damage":2.0,"enemies":"Gremlin Leader","floor":24.0,"turns":5.0},{"damage":0.0,"enemies":"3 Byrds","floor":28.0,"turns":3.0},{"damage":0.0,"enemies":"Book of Stabbing","floor":30.0,"turns":3.0},{"damage":20.0,"enemies":"Automaton","floor":33.0,"turns":6.0},{"damage":0.0,"enemies":"3 Shapes","floor":35.0,"turns":3.0},{"damage":0.0,"enemies":"Orb Walker","floor":37.0,"turns":3.0},{"damage":13.0,"enemies":"Mind Bloom Boss Battle","floor":38.0,"turns":3.0},{"damage":0.0,"enemies":"Reptomancer","floor":40.0,"turns":4.0},{"damage":5,"enemies":"Nemesis","floor":46,"turns":11},{"damage":0,"enemies":"3 Darklings","floor":47,"turns":3},{"damage":7,"enemies":"Maw","floor":48,"turns":3},{"damage":45,"enemies":"Time Eater","floor":50,"turns":8}],"seed_played":"-2366042325616055740","potions_obtained":[{"floor":7.0,"key":"Explosive Potion"},{"floor":11.0,"key":"Strength Potion"},{"floor":13.0,"key":"BottledMiracle"},{"floor":16.0,"key":"SpeedPotion"},{"floor":18.0,"key":"Dexterity Potion"},{"floor":28.0,"key":"Explosive Potion"},{"floor":30.0,"key":"EntropicBrew"},{"floor":33.0,"key":"DuplicationPotion"},{"floor":35.0,"key":"BlessingOfTheForge"},{"floor":38.0,"key":"GamblersBrew"}],"is_trial":false,"path_per_floor":["M","M","M","?","M","R","E","R","T","R","M","R","E","?","R","B",null,"M","?","?","?","$","R","E","R","T","$","M","R","E","?","R","B",null,"M","?","M","?","?","E","?","R","T","R","$","E","M","M","R","B",null],"character_chosen":"WATCHER","items_purchased":["Molten Egg 2","Meditate","Apotheosis","Prostrate"],"campfire_rested":3,"item_purchase_floors":[22,22,45,45],"current_hp_per_floor":[63,62,62,62,53,53,36,36,36,36,36,36,36,18,39,34,63,54,54,54,54,54,54,52,52,52,52,52,52,52,42,65,45,70,70,70,70,57,57,57,57,57,57,57,57,52,54,49,72,41],"gold":226,"neow_bonus":"REMOVE_TWO","is_daily":false,"chose_seed":false,"campfire_upgraded":9,"win_rate":0.0,"timestamp":1613598400,"path_taken":["M","M","M","?","M","R","E","R","T","R","?","R","E","?","R","BOSS","M","?","?","?","$","R","E","R","T","$","M","R","E","?","R","BOSS","M","?","M","?","?","E","?","R","T","R","$","E","M","M","R","BOSS"],"items_purchased_type":["Relic","Card","Card","Card"],"build_version":"2020-12-22","purchased_purges":1,"victory":true,"max_hp_per_floor":[72,72,72,72,72,72,72,72,72,72,72,72,72,72,72,72,72,72,72,72,72,72,72,72,72,72,72,72,72,72,78,78,78,78,78,78,78,78,78,78,78,78,78,78,78,78,78,78,78,78],"card_choices":[{"not_picked":["BowlingBash","FlurryOfBlows"],"picked":"WindmillStrike","floor":1.0},{"not_picked":["Crescendo","Consecrate"],"picked":"CrushJoints","floor":2.0},{"not_picked":["CarveReality","CutThroughFate"],"picked":"ReachHeaven","floor":3.0},{"not_picked":["PathToVictory","InnerPeace"],"picked":"WaveOfTheHand","floor":5.0},{"not_picked":["FollowUp","ClearTheMind"],"picked":"EmptyBody","floor":7.0},{"not_picked":["JustLucky","FlurryOfBlows"],"picked":"BowlingBash","floor":11.0},{"not_picked":["BattleHymn","WheelKick"],"picked":"Devotion","floor":13.0},{"not_picked":["Judgement","DevaForm"],"picked":"SpiritShield","floor":16.0},{"not_picked":["Indignation+1","BowlingBash"],"picked":"Prostrate","floor":18.0},{"not_picked":["Protect","ThirdEye"],"picked":"Prostrate","floor":24.0},{"not_picked":["FlurryOfBlows+1","FearNoEvil+1"],"picked":"Swivel+1","floor":28.0},{"not_picked":["FlurryOfBlows+1","LikeWater"],"picked":"Evaluate+1","floor":30.0},{"not_picked":["Vault","Omniscience"],"picked":"Scrawl","floor":33.0},{"not_picked":["EmptyFist+1","Nirvana+1"],"picked":"Consecrate+1","floor":35.0},{"not_picked":["ReachHeaven+1","CarveReality+1","ClearTheMind+1"],"picked":"SKIP","floor":37.0},{"not_picked":["Meditate+1","FlyingSleeves+1"],"picked":"CutThroughFate+1","floor":38.0},{"not_picked":["Study+1","Weave+1"],"picked":"Conclude+1","floor":40.0},{"not_picked":["Mind Blast+1","Good Instincts"],"picked":"Enlightenment","floor":41.0},{"not_picked":["BattleHymn+1","CrushJoints+1","LikeWater"],"picked":"SKIP","floor":46},{"not_picked":["CutThroughFate+1","WreathOfFlame+1"],"picked":"SandsOfTime+1","floor":47},{"not_picked":["Evaluate+1","Meditate+1","Swivel+1"],"picked":"SKIP","floor":48},{"not_picked":["JustLucky+1","FlyingSleeves+1"],"picked":"Prostrate+1","floor":49}],"player_experience":410810,"relics_obtained":[{"floor":7.0,"key":"Bag of Preparation"},{"floor":9.0,"key":"Anchor"},{"floor":13.0,"key":"Ancient Tea Set"},{"floor":24.0,"key":"Orichalcum"},{"floor":24.0,"key":"Meat on the Bone"},{"floor":26.0,"key":"Damaru"},{"floor":30.0,"key":"Darkstone Periapt"},{"floor":30.0,"key":"Blue Candle"},{"floor":31.0,"key":"Necronomicon"},{"floor":38.0,"key":"CaptainsWheel"},{"floor":39.0,"key":"Omamori"},{"floor":40.0,"key":"Ornamental Fan"},{"floor":40.0,"key":"CeramicFish"},{"floor":43.0,"key":"Centennial Puzzle"},{"floor":46,"key":"Blood Vial"},{"floor":46,"key":"Dream Catcher"}],"event_choices":[{"cards_removed":["Strike_P"],"damage_healed":0.0,"max_hp_gain":0.0,"max_hp_loss":0.0,"gold_gain":0.0,"event_name":"Bonfire Elementals","player_choice":"Offered Basic","floor":4.0,"gold_loss":0.0,"damage_taken":0.0},{"damage_healed":0.0,"max_hp_gain":0.0,"max_hp_loss":0.0,"gold_gain":0.0,"event_name":"Scrap Ooze","player_choice":"Success","floor":14.0,"gold_loss":0.0,"damage_taken":18.0,"relics_obtained":["Juzu Bracelet"]},{"damage_healed":0.0,"max_hp_gain":0.0,"max_hp_loss":0.0,"gold_gain":250.0,"event_name":"The Joust","player_choice":"Bet on Owner","floor":19.0,"gold_loss":50.0,"damage_taken":0.0},{"cards_removed":["Strike_P"],"damage_healed":0.0,"max_hp_gain":0.0,"max_hp_loss":0.0,"gold_gain":0.0,"event_name":"Beggar","player_choice":"Gave Gold","floor":20.0,"gold_loss":75.0,"damage_taken":0.0},{"damage_healed":0.0,"max_hp_gain":0.0,"max_hp_loss":0.0,"gold_gain":0.0,"event_name":"Designer","player_choice":"Upgraded Two","floor":21.0,"gold_loss":40.0,"damage_taken":0.0,"cards_upgraded":["Defend_P","BowlingBash"]},{"damage_healed":0.0,"max_hp_gain":0.0,"max_hp_loss":0.0,"gold_gain":0.0,"event_name":"Cursed Tome","player_choice":"Obtained Book","floor":31.0,"gold_loss":0.0,"damage_taken":16.0},{"damage_healed":0.0,"max_hp_gain":0.0,"max_hp_loss":0.0,"gold_gain":0.0,"event_name":"Duplicator","player_choice":"Copied","floor":36.0,"gold_loss":0.0,"damage_taken":0.0,"cards_obtained":["ForeignInfluence"]},{"damage_healed":0.0,"max_hp_gain":0.0,"max_hp_loss":0.0,"gold_gain":0.0,"event_name":"MindBloom","player_choice":"Fight","floor":38.0,"gold_loss":0.0,"damage_taken":0.0},{"damage_healed":0.0,"max_hp_gain":0.0,"max_hp_loss":0.0,"gold_gain":0.0,"event_name":"Wheel of Change","player_choice":"Relic","floor":39.0,"gold_loss":0.0,"damage_taken":0.0},{"damage_healed":0.0,"max_hp_gain":0.0,"max_hp_loss":0.0,"gold_gain":0.0,"event_name":"SensoryStone","player_choice":"Memory 1","floor":41.0,"gold_loss":0.0,"damage_taken":0.0}],"is_beta":false,"boss_relics":[{"not_picked":["Calling Bell","Fusion Hammer"],"picked":"Black Star"},{"not_picked":["Snecko Eye","Runic Pyramid"],"picked":"Astrolabe"}],"items_purged_floors":[22],"is_endless":false,"potions_floor_spawned":[7,11,13,16,18,28,30,33,35,38,40],"ascension_level":8}}