{"host":"wxz7488rqrwl2v46","time":1613539352,"event":{"mods":["BaseMod","Minty Spire (QoL Compilation)","Quick Restart","Replay The Spire","StSLib"],"gold_per_floor":[117,117,131,5,18,18,18,35,35,35,61,61,86,105,105,203,203,217,217,236,335,335,335,335,349,395,15,15,15,15],"floor_reached":29,"language":"ZHS","playtime":2268,"items_purged":["Strike_G"],"score":231,"play_id":"3b2ac335-cb7d-45e5-80cf-8b6ffaffda9e","local_time":"20210217132232","is_ascension_mode":false,"campfire_choices":[{"data":"Flying Knee","floor":6,"key":"SMITH"},{"data":"Outmaneuver","floor":10,"key":"SMITH"},{"floor":15,"key":"REST"},{"floor":23,"key":"REST"},{"floor":28,"key":"REST"}],"circlet_count":0,"master_deck":["Defend_G+1","Defend_G","Defend_G+1","Defend_G","Defend_G","Survivor","Neutralize","Flying Knee+1","Slice","Slice","Dagger Throw","Outmaneuver+1","Underhanded Strike","Heel Hook","Quick Slash","Burst","Adrenaline+1","After Image+1","Well Laid Plans+1","ReplayTheSpireMod:Tripwire","Sneak Up","Dagger Throw","Flechettes","Reflex","Replay:BasicMightCard"],"relics":["Ring of the Snake","NeowsBlessing","Onion Ring","Oddly Smooth Stone","MealTicket","Astrolabe","GremlinMask","Enchiridion","Orichalcum","Replay:Baseball"],"acts_visited":["Exordium","TheCity"],"potions_floor_usage":[16,16,16],"damage_taken":[{"damage":0,"enemies":"2 Louse","floor":1,"turns":1},{"damage":0,"enemies":"Cultist","floor":3,"turns":1},{"damage":0,"enemies":"Small Slimes","floor":5,"turns":1},{"damage":0,"enemies":"3 Louse","floor":8,"turns":4},{"damage":9,"enemies":"3 Sentries","floor":11,"turns":8},{"damage":7,"enemies":"Gremlin Nob","floor":13,"turns":4},{"damage":0,"enemies":"Looter","floor":14,"turns":2},{"damage":26,"enemies":"Fading Forest","floor":16,"turns":11},{"damage":1,"enemies":"Shell Parasite","floor":18,"turns":10},{"damage":29,"enemies":"3 Byrds","floor":20,"turns":11},{"damage":18,"enemies":"Snake Plant","floor":25,"turns":8},{"damage":64,"enemies":"3 Cultists","floor":29,"turns":5}],"seed_played":"-6517083229097710374","potions_obtained":[{"floor":1,"key":"SpeedPotion"},{"floor":5,"key":"Elixir"},{"floor":14,"key":"Strength Potion"},{"floor":16,"key":"ColorlessPotion"},{"floor":18,"key":"Strength Potion"},{"floor":25,"key":"Strength Potion"}],"is_trial":false,"path_per_floor":["M","?","M","$","M","R","?","M","T","R","E","?","E","M","R","B",null,"M","?","M","?","?","R","?","M","T","$","R","M"],"character_chosen":"THE_SILENT","items_purchased":["Slice","Replay:Baseball","Flechettes","Reflex","Replay:BasicMightCard"],"campfire_rested":3,"item_purchase_floors":[4,27,27,27,27],"current_hp_per_floor":[70,70,70,70,70,70,56,56,56,56,47,47,40,40,61,45,70,69,69,40,40,24,45,32,14,14,29,51,0,0],"gold":15,"neow_bonus":"THREE_ENEMY_KILL","is_daily":false,"chose_seed":false,"campfire_upgraded":2,"win_rate":0.0,"timestamp":1613539352,"path_taken":["M","?","M","?","M","R","?","M","T","R","E","?","E","M","R","BOSS","M","?","?","?","?","R","?","M","T","$","R","M"],"items_purchased_type":["Card","Relic","Card","Card","Card"],"build_version":"2020-12-22","purchased_purges":1,"victory":false,"max_hp_per_floor":[70,70,70,70,70,70,70,70,70,70,70,70,70,70,70,70,70,70,70,70,70,70,70,75,75,75,75,75,75,75],"card_choices":[{"not_picked":["Reflex","Sucker Punch"],"picked":"Flying Knee","floor":1},{"not_picked":["ReplayTheSpireMod:The Works","ReplayTheSpireMod:Speed Training"],"picked":"Slice","floor":3},{"not_picked":["Outmaneuver","Masterful Stab"],"picked":"Dagger Throw","floor":5},{"not_picked":["Dodge and Roll","Masterful Stab"],"picked":"Outmaneuver","floor":8},{"not_picked":["Acrobatics","Crippling Poison"],"picked":"Underhanded Strike","floor":11},{"not_picked":["Expertise","Noxious Fumes"],"picked":"Heel Hook","floor":13},{"not_picked":["Backflip","Poisoned Stab"],"picked":"Quick Slash","floor":14},{"not_picked":["Tools of the Trade","Phantasmal Killer"],"picked":"Burst","floor":16},{"not_picked":["Sneak Up+1","Hidden Blade"],"picked":"ReplayTheSpireMod:Tripwire","floor":18},{"not_picked":["Prepared","Expertise"],"picked":"Sneak Up","floor":20},{"not_picked":["Sneak Up","Outmaneuver+1"],"picked":"Dagger Throw","floor":25}],"player_experience":54996,"relics_obtained":[{"floor":9,"key":"Onion Ring"},{"floor":11,"key":"Oddly Smooth Stone"},{"floor":13,"key":"MealTicket"},{"floor":22,"key":"Enchiridion"},{"floor":26,"key":"Orichalcum"}],"event_choices":[{"cards_removed":["Strike_G"],"damage_healed":0,"gold_gain":0,"player_choice":"Card Removal","damage_taken":0,"max_hp_gain":0,"max_hp_loss":0,"event_name":"Wheel of Change","floor":2,"gold_loss":0},{"damage_healed":0,"gold_gain":0,"player_choice":"Entered Light","damage_taken":14,"max_hp_gain":0,"max_hp_loss":0,"event_name":"Shining Light","floor":7,"gold_loss":0,"cards_upgraded":["Defend_G","Defend_G"]},{"damage_healed":0,"gold_gain":0,"player_choice":"Ignored","damage_taken":0,"max_hp_gain":0,"max_hp_loss":0,"event_name":"Liars Game","floor":12,"gold_loss":0},{"damage_healed":0,"gold_gain":0,"player_choice":"Trade","damage_taken":0,"relics_obtained":["GremlinMask"],"max_hp_gain":0,"max_hp_loss":0,"event_name":"FaceTrader","floor":19,"gold_loss":0},{"damage_healed":0,"gold_gain":99,"player_choice":"Stole From Cult","damage_taken":0,"max_hp_gain":0,"max_hp_loss":0,"event_name":"Nest","floor":21,"gold_loss":0},{"damage_healed":0,"gold_gain":0,"player_choice":"Obtained Book","damage_taken":16,"max_hp_gain":0,"max_hp_loss":0,"event_name":"Cursed Tome","floor":22,"gold_loss":0},{"damage_healed":0,"gold_gain":0,"player_choice":"Shed Blood","damage_taken":18,"max_hp_gain":5,"max_hp_loss":0,"event_name":"Forgotten Altar","floor":24,"gold_loss":0}],"is_beta":false,"boss_relics":[{"not_picked":["ReplayTheSpireMod:DimensionalGlitch","Kintsugi"],"picked":"Astrolabe"}],"items_purged_floors":[4],"is_endless":false,"potions_floor_spawned":[1,5,14,16,18,25],"killed_by":"3 Cultists","ascension_level":0}}