{"host":"gyvm9iplrwbfzexe","time":1613533475,"event":{"mods":["BaseMod","Minty Spire (QoL Compilation)","StSLib"],"gold_per_floor":[117,134,134,59,86,114,141,141,141,171,189,204,204,204,204,303,303,315,315,335,335,354,379,379,379],"floor_reached":24,"language":"ENG","playtime":965,"items_purged":["Strike_G"],"score":298,"play_id":"f09d20bf-f247-45bd-8aa2-2ee3c7fffd24","local_time":"20210216214435","is_ascension_mode":true,"campfire_choices":[{"data":"A Thousand Cuts","floor":8,"key":"SMITH"},{"data":"Infinite Blades","floor":13,"key":"SMITH"},{"floor":15,"key":"REST"}],"circlet_count":0,"master_deck":["Strike_G","Strike_G","Strike_G","Strike_G","Defend_G","Defend_G","Defend_G","Defend_G","Defend_G","Survivor","Neutralize","Infinite Blades+1","Infinite Blades+1","A Thousand Cuts+1","Reflex","All Out Attack","Concentrate","Terror","After Image","Accuracy+1","Calculated Gamble+1","Prepared","Underhanded Strike","Backstab"],"relics":["Ring of the Snake","NeowsBlessing","Omamori","WingedGreaves","Prayer Wheel","Pantograph","Pen Nib","WristBlade","Ice Cream"],"acts_visited":["Exordium","TheCity"],"potions_floor_usage":[16,24],"damage_taken":[{"damage":0,"enemies":"Small Slimes","floor":1,"turns":1},{"damage":0,"enemies":"Cultist","floor":2,"turns":1},{"damage":0,"enemies":"Lagavulin","floor":6,"turns":1},{"damage":22,"enemies":"3 Sentries","floor":7,"turns":7},{"damage":12,"enemies":"Lagavulin","floor":10,"turns":7},{"damage":13,"enemies":"2 Louse","floor":11,"turns":2},{"damage":2,"enemies":"2 Fungi Beasts","floor":12,"turns":3},{"damage":64,"enemies":"The Guardian","floor":16,"turns":8},{"damage":17,"enemies":"Shell Parasite","floor":18,"turns":4},{"damage":15,"enemies":"3 Byrds","floor":20,"turns":3},{"damage":7,"enemies":"3 Cultists","floor":22,"turns":5},{"damage":29,"enemies":"Gremlin Leader","floor":23,"turns":4},{"damage":17,"enemies":"Slavers","floor":24,"turns":1}],"seed_played":"-4049495170109518050","potions_obtained":[{"floor":1,"key":"FairyPotion"},{"floor":10,"key":"GamblersBrew"},{"floor":11,"key":"SneckoOil"},{"floor":20,"key":"Energy Potion"},{"floor":22,"key":"CultistPotion"}],"is_trial":false,"path_per_floor":["M","M","?","$","T","E","E","R","T","E","M","M","R","?","R","B",null,"M","?","M","?","M","E","E"],"character_chosen":"THE_SILENT","items_purchased":[],"campfire_rested":1,"item_purchase_floors":[],"current_hp_per_floor":[70,70,70,70,70,70,48,48,48,36,23,21,21,21,42,3,70,53,40,25,25,18,12,0,0],"gold":379,"neow_bonus":"THREE_ENEMY_KILL","is_daily":false,"chose_seed":false,"campfire_upgraded":2,"win_rate":0.0,"timestamp":1613533475,"path_taken":["M","M","?","$","?","E","E","R","T","E","?","M","R","?","R","BOSS","M","?","M","?","M","E","E"],"items_purchased_type":[],"build_version":"2020-12-22","purchased_purges":1,"victory":false,"max_hp_per_floor":[70,70,70,70,70,70,70,70,70,70,70,70,70,70,70,70,70,70,75,75,75,75,75,75,75],"card_choices":[{"not_picked":["Noxious Fumes","Prepared"],"picked":"Infinite Blades","floor":1},{"not_picked":["PiercingWail","Dodge and Roll"],"picked":"Infinite Blades","floor":2},{"not_picked":["Dagger Throw","Infinite Blades"],"picked":"A Thousand Cuts","floor":6},{"not_picked":["Distraction","Dagger Throw","Acrobatics"],"picked":"SKIP","floor":7},{"not_picked":["Bane","Poisoned Stab"],"picked":"Reflex","floor":10},{"not_picked":["Flying Knee","Dagger Throw"],"picked":"All Out Attack","floor":11},{"not_picked":["Dagger Spray","Deflect","Dodge and Roll"],"picked":"SKIP","floor":11},{"not_picked":["PiercingWail","Dagger Spray"],"picked":"Concentrate","floor":12},{"not_picked":["Endless Agony","Distraction"],"picked":"Terror","floor":12},{"not_picked":["Glass Knife","Envenom"],"picked":"After Image","floor":16},{"not_picked":["Sucker Punch","Outmaneuver"],"picked":"Accuracy+1","floor":18},{"not_picked":["Dagger Spray","Deflect+1"],"picked":"Calculated Gamble+1","floor":18},{"not_picked":["Crippling Poison","Skewer"],"picked":"Prepared","floor":20},{"not_picked":["Noxious Fumes","Deadly Poison+1","Backflip+1"],"picked":"SKIP","floor":20},{"not_picked":["Flechettes","Crippling Poison"],"picked":"Underhanded Strike","floor":22},{"not_picked":["Leg Sweep+1","Choke+1"],"picked":"Backstab","floor":22},{"not_picked":["Corpse Explosion","Concentrate","Heel Hook"],"picked":"SKIP","floor":23}],"player_experience":48955,"relics_obtained":[{"floor":5,"key":"Omamori"},{"floor":6,"key":"WingedGreaves"},{"floor":7,"key":"Prayer Wheel"},{"floor":9,"key":"Pantograph"},{"floor":10,"key":"Pen Nib"},{"floor":23,"key":"Ice Cream"}],"event_choices":[{"damage_healed":0,"gold_gain":0,"player_choice":"Upgraded","damage_taken":0,"max_hp_gain":0,"max_hp_loss":0,"event_name":"Upgrade Shrine","floor":3,"gold_loss":0,"cards_upgraded":["Infinite Blades"]},{"damage_healed":0,"gold_gain":0,"player_choice":"Ignored","damage_taken":0,"max_hp_gain":0,"max_hp_loss":0,"event_name":"Golden Idol","floor":14,"gold_loss":0},{"damage_healed":0,"gold_gain":0,"player_choice":"Shed Blood","damage_taken":18,"max_hp_gain":5,"max_hp_loss":0,"event_name":"Forgotten Altar","floor":19,"gold_loss":0},{"damage_healed":0,"gold_gain":0,"player_choice":"Ignored","damage_taken":0,"max_hp_gain":0,"max_hp_loss":0,"event_name":"Vampires","floor":21,"gold_loss":0}],"is_beta":false,"boss_relics":[{"not_picked":["SlaversCollar","Astrolabe"],"picked":"WristBlade"}],"items_purged_floors":[4],"is_endless":false,"potions_floor_spawned":[1,10,11,20,22],"killed_by":"Slavers","ascension_level":3}}