{"host":"vrsxkkch9ccrec7k","time":1613591630,"event":{"mods":["Act Like it!","BaseMod","Bestiary","Better Altar","Better Match","Better Note","Better Sensory Stone","Better Skull","Better Third Choice","Better Vampires","Downfall","Minty Spire (QoL Compilation)","Permanent Neow","Relic Stats","Spicy Shops","StSLib"],"gold_per_floor":[99,99,99,99,99,99,99,24,24,51,67,67,67,102,115,215,215,215,232,232,249,264,164,164,196,209,222,222,232,232,303,320,416,416,416,427,440,13,28,28,55,65,65,91,91,22,22,22,40,40],"floor_reached":51,"language":"ENG","playtime":3694,"items_purged":["Guardian:Strike_Guardian","Guardian:Strike_Guardian"],"score":1015,"play_id":"695ebc8e-d195-4390-86ee-c36defa180c7","local_time":"20210217145350","is_ascension_mode":true,"campfire_choices":[{"data":"Guardian:TwinSlam","floor":1.0,"key":"SMITH"},{"floor":6.0,"key":"RECALL"},{"data":"Guardian:BodySlam","floor":9.0,"key":"SMITH"},{"data":"Guardian:DonusPower","floor":12.0,"key":"SMITH"},{"data":"Guardian:GemFire","floor":18,"key":"SMITH"},{"data":"Guardian:Suspension","floor":23,"key":"SMITH"},{"floor":28,"key":"REST"},{"data":"Guardian:CompilePackage","floor":30,"key":"SMITH"},{"data":"Guardian:BronzeArmor","floor":35,"key":"SMITH"},{"data":"expansioncontent:Chronoboost","floor":40,"key":"SMITH"},{"floor":47,"key":"REST"}],"circlet_count":0,"master_deck":["AscendersBane","Guardian:Strike_Guardian","Guardian:Strike_Guardian","Guardian:Defend_Guardian","Guardian:Defend_Guardian","Guardian:Defend_Guardian","Guardian:Defend_Guardian","Guardian:CurlUp","Guardian:TwinSlam+1","Guardian:Reroute","Guardian:BodySlam+1","Guardian:DonusPower+1","Guardian:Incinerate","Guardian:Suspension+1","Guardian:GemFire+1","Guardian:SentryBeam","Guardian:BronzeArmor+1","Guardian:DecasProtection+1","Guardian:CompilePackage+1","Guardian:RollAttack","Guardian:RefractedBeam+1","Guardian:TimeSifter","Guardian:Orbwalk+1","Guardian:ShieldSpikes+1","Guardian:Preprogram+1","Guardian:ArmoredProtocol","expansioncontent:Chronoboost+1","Guardian:DecasProtection+1","Guardian:Clone","Guardian:BodySlam+1","Guardian:VentSteam+1"],"relics":["Guardian:ModeShifterPlus","downfall:HeartsMalice","Regal Pillow","Toy Ornithopter","Potion Belt","downfall:HeartBlessingRed","hexamod:CandleOfCauterizing","Oddly Smooth Stone","Mummified Hand","sneckomod:SneckoTalon","Guardian:StasisUpgradeRelic","Guardian:StasisCodex","Bottled Lightning","hexamod:BolsterEngine"],"acts_visited":["Exordium","TheCity","TheBeyond"],"potions_floor_usage":[16,25,32,33,37,42,44],"damage_taken":[{"damage":0.0,"enemies":"Jaw Worm","floor":2.0,"turns":1.0},{"damage":0.0,"enemies":"Small Slimes","floor":5.0,"turns":1.0},{"damage":0.0,"enemies":"downfall:FleeingMerchant","floor":8.0,"turns":1.0},{"damage":13.0,"enemies":"Gremlin Nob","floor":10.0,"turns":4.0},{"damage":0.0,"enemies":"Cultist","floor":11.0,"turns":3.0},{"damage":0.0,"enemies":"Blue Slaver","floor":13.0,"turns":2.0},{"damage":20.0,"enemies":"3 Sentries","floor":14.0,"turns":8.0},{"damage":2,"enemies":"Exordium Wildlife","floor":15,"turns":4},{"damage":53,"enemies":"WA_ARCHETYPE_RETAIN","floor":16,"turns":8},{"damage":3,"enemies":"3 Byrds","floor":19,"turns":3},{"damage":0,"enemies":"Shell Parasite","floor":21,"turns":4},{"damage":0,"enemies":"Chosen and Byrds","floor":22,"turns":4},{"damage":16,"enemies":"Slavers","floor":25,"turns":4},{"damage":0,"enemies":"Shelled Parasite and Fungi","floor":26,"turns":3},{"damage":0,"enemies":"Centurion and Healer","floor":27,"turns":5},{"damage":8,"enemies":"Snake Plant","floor":29,"turns":3},{"damage":0,"enemies":"3 Cultists","floor":32,"turns":3},{"damage":7,"enemies":"DF_ARCHETYPE_CLAW","floor":33,"turns":7},{"damage":2,"enemies":"3 Shapes","floor":36,"turns":3},{"damage":5,"enemies":"3 Darklings","floor":37,"turns":5},{"damage":0,"enemies":"downfall:FleeingMerchant","floor":38,"turns":4},{"damage":2,"enemies":"Writhing Mass","floor":39,"turns":5},{"damage":13,"enemies":"4 Shapes","floor":42,"turns":3},{"damage":13,"enemies":"Nemesis","floor":44,"turns":7},{"damage":0,"enemies":"downfall:FleeingMerchant","floor":46,"turns":3},{"damage":0,"enemies":"Transient","floor":49,"turns":5},{"damage":26,"enemies":"IC_BLOCK_ARCHETYPE","floor":50,"turns":8}],"seed_played":"2970964498867353917","potions_obtained":[{"floor":10.0,"key":"SmokeBomb"},{"floor":11.0,"key":"Ancient Potion"},{"floor":14.0,"key":"Regen Potion"},{"floor":19,"key":"Guardian:AcceleratePotion"},{"floor":22,"key":"Swift Potion"},{"floor":27,"key":"PowerPotion"},{"floor":29,"key":"SpeedPotion"},{"floor":32,"key":"PowerPotion"},{"floor":37,"key":"Guardian:DefensiveModePotion"},{"floor":39,"key":"Weak Potion"},{"floor":49,"key":"DistilledChaos"}],"is_trial":false,"path_per_floor":["R","M","?","?","M","R","T","$","R","E","M","R","M","E","M","B",null,"R","M","?","M","M","R","T","E","M","M","R","M","R","T","M","B",null,"R","M","M","$","M","R","T","M","?","E","?","$","R","?","M","B",null],"character_chosen":"GUARDIAN","items_purchased":["Guardian:StasisUpgradeRelic","Guardian:ArmoredProtocol","expansioncontent:Chronoboost","Bottled Lightning","hexamod:BolsterEngine"],"campfire_rested":2,"item_purchase_floors":[38,38,38,46,46],"current_hp_per_floor":[72,72,66,66,66,66,66,66,66,53,53,53,58,38,36,2,61,61,58,58,58,58,58,58,47,47,47,80,72,72,72,77,73,78,78,76,75,75,73,73,73,65,65,57,57,57,80,80,80,54],"gold":40,"neow_bonus":"THREE_ENEMY_KILL","is_daily":false,"chose_seed":false,"campfire_upgraded":8,"win_rate":0.0,"timestamp":1613591630,"path_taken":["R","M","?","?","M","R","T","$","R","E","?","R","M","E","M","BOSS","R","M","?","M","M","R","T","E","M","M","R","M","R","?","M","BOSS","R","M","M","$","M","R","T","M","?","E","?","$","R","?","M","BOSS"],"items_purchased_type":["Relic","Card","Card","Relic","Relic"],"build_version":"2020-12-22","purchased_purges":2,"victory":true,"max_hp_per_floor":[80,80,80,80,80,80,80,80,80,80,80,80,80,80,80,80,80,80,80,80,80,80,80,80,80,80,80,80,80,80,80,80,80,80,80,80,80,80,80,80,80,80,80,80,80,80,80,80,80,80],"relic_stats":{"Regal Pillow":9,"counters":[27,108],"Mummified Hand":[51],"obtain_stats":[{"Potion Belt":14,"Regal Pillow":7,"hexamod:CandleOfCauterizing":24,"Guardian:ModeShifterPlus":17,"downfall:HeartBlessingRed":23,"Guardian:ModeShifter":0,"Oddly Smooth Stone":25,"downfall:HeartsMalice":0,"Guardian:StasisCodex":44,"sneckomod:SneckoTalon":34,"Guardian:StasisUpgradeRelic":38,"Mummified Hand":31,"Bottled Lightning":46,"hexamod:BolsterEngine":46,"Toy Ornithopter":10},{"Potion Belt":7,"Regal Pillow":2,"hexamod:CandleOfCauterizing":12,"Guardian:ModeShifterPlus":9,"downfall:HeartBlessingRed":12,"Guardian:ModeShifter":0,"Oddly Smooth Stone":13,"downfall:HeartsMalice":0,"Guardian:StasisCodex":24,"sneckomod:SneckoTalon":18,"Guardian:StasisUpgradeRelic":21,"Mummified Hand":16,"Bottled Lightning":25,"hexamod:BolsterEngine":25,"Toy Ornithopter":4},{"Potion Belt":17,"Regal Pillow":0,"hexamod:CandleOfCauterizing":40,"Guardian:ModeShifterPlus":29,"downfall:HeartBlessingRed":40,"Guardian:ModeShifter":0,"Oddly Smooth Stone":44,"downfall:HeartsMalice":0,"Guardian:StasisCodex":92,"sneckomod:SneckoTalon":65,"Guardian:StasisUpgradeRelic":77,"Mummified Hand":55,"Bottled Lightning":95,"hexamod:BolsterEngine":95,"Toy Ornithopter":4}],"Toy Ornithopter":37},"card_choices":[{"not_picked":["Guardian:EvasiveProtocol","Guardian:Gem_Green"],"picked":"Guardian:ChargeCore","floor":2.0},{"not_picked":["Guardian:WalkerClaw","Guardian:TemporalStrike"],"picked":"Guardian:Reroute","floor":5.0},{"not_picked":["Guardian:Gem_Yellow","Guardian:EvasiveProtocol"],"picked":"Guardian:BodySlam","floor":8.0},{"not_picked":["Guardian:Recover","Guardian:CrystalBeam"],"picked":"Guardian:Gem_Synthetic","floor":10.0},{"not_picked":["Guardian:PiercingHide","Guardian:WalkerClaw"],"picked":"Guardian:DonusPower","floor":11.0},{"not_picked":["Guardian:ChargeCore","Guardian:Harden"],"picked":"Guardian:Incinerate","floor":14.0},{"not_picked":["Guardian:TemporalStrike","Guardian:Incinerate"],"picked":"Guardian:Suspension","floor":15},{"not_picked":["Guardian:StasisStrike","Guardian:ConstructionForm"],"picked":"Guardian:GemFire","floor":16},{"not_picked":["Guardian:PiercingHide","Guardian:BodySlam"],"picked":"Guardian:SentryBeam","floor":19},{"not_picked":["Guardian:TemporalShield","Guardian:ShieldCharger"],"picked":"Guardian:BronzeArmor","floor":21},{"not_picked":["Guardian:Planning","Guardian:ShieldCharger"],"picked":"Guardian:Gem_Green","floor":22},{"not_picked":["Guardian:Suspension","Guardian:PrimingBeam+1"],"picked":"Guardian:DecasProtection+1","floor":25},{"not_picked":["Guardian:BronzeArmor","Guardian:PrimingBeam"],"picked":"Guardian:CompilePackage","floor":26},{"not_picked":["Guardian:WalkerClaw","Guardian:Gem_Red"],"picked":"Guardian:Gem_Green","floor":27},{"not_picked":["Guardian:DonusPower","Guardian:Gem_Green"],"picked":"Guardian:RollAttack","floor":29},{"not_picked":["Guardian:CrystalBeam","Guardian:RollAttack"],"picked":"Guardian:RefractedBeam+1","floor":32},{"not_picked":["Guardian:BaubleBeam","Guardian:Gem_Orange"],"picked":"Guardian:TimeSifter","floor":33},{"not_picked":["Guardian:Gem_Crimson","Guardian:Gem_Red"],"picked":"Guardian:Orbwalk+1","floor":36},{"not_picked":["Guardian:Incinerate+1","Guardian:Gem_Cyan"],"picked":"Guardian:ShieldSpikes+1","floor":37},{"not_picked":["Guardian:VentSteam+1","Guardian:Orbwalk+1"],"picked":"Guardian:Preprogram+1","floor":38},{"not_picked":["Guardian:Incinerate","Guardian:VentSteam+1"],"picked":"Guardian:DecasProtection+1","floor":39},{"not_picked":["Guardian:Gem_Lightblue","Guardian:Recover"],"picked":"Guardian:Clone","floor":42},{"not_picked":["Guardian:ArmoredProtocol+1","Guardian:ShieldSpikes"],"picked":"Guardian:BodySlam+1","floor":44},{"not_picked":["Guardian:TemporalShield","Guardian:MultiBeam","Guardian:PrismaticBarrier"],"picked":"SKIP","floor":46},{"not_picked":["Guardian:TemporalStrike","Guardian:PrimingBeam+1"],"picked":"Guardian:VentSteam+1","floor":49}],"player_experience":1949398,"relics_obtained":[{"floor":7.0,"key":"Regal Pillow"},{"floor":10.0,"key":"Toy Ornithopter"},{"floor":14.0,"key":"Potion Belt"},{"floor":24,"key":"hexamod:CandleOfCauterizing"},{"floor":25,"key":"Oddly Smooth Stone"},{"floor":31,"key":"Mummified Hand"},{"floor":44,"key":"Guardian:StasisCodex"}],"event_choices":[{"damage_healed":0,"gold_gain":0,"player_choice":"Ignored","damage_taken":0,"max_hp_gain":0,"max_hp_loss":0,"event_name":"Mysterious Sphere","floor":45,"gold_loss":0},{"cards_removed":["Guardian:ChargeCore"],"damage_healed":0,"gold_gain":0,"player_choice":"Removed Attack","damage_taken":0,"max_hp_gain":0,"max_hp_loss":0,"event_name":"Falling","floor":48,"gold_loss":0}],"is_beta":false,"boss_relics":[{"not_picked":["Astrolabe","Cursed Key"],"picked":"Guardian:ModeShifterPlus"},{"not_picked":["Fusion Hammer","Philosopher\u0027s Stone"],"picked":"sneckomod:SneckoTalon"}],"items_purged_floors":[8,38],"is_endless":false,"potions_floor_spawned":[10,11,14,19,22,27,29,32,37,39,49],"ascension_level":11}}