{"host":"t9vqxmgmtrdkt9v9","time":1613530331,"event":{"mods":["AchievementEnabler","BaseMod","Colored Map","Minty Spire (QoL Compilation)","Permanent Neow","Relic Stats","StSLib"],"gold_per_floor":[109,184,200,200,220,253,264,264,290,290,309,335,335,335,335,335,335],"floor_reached":16,"language":"ENG","playtime":597,"items_purged":[],"score":209,"play_id":"3ea08c35-68e5-426f-ab75-62410b5dc93a","local_time":"20210217125211","is_ascension_mode":true,"campfire_choices":[{"floor":8,"key":"REST"},{"data":"Footwork","floor":10,"key":"SMITH"},{"floor":13,"key":"REST"},{"data":"Catalyst","floor":15,"key":"SMITH"}],"circlet_count":0,"master_deck":["AscendersBane","Strike_G","Strike_G","Strike_G","Strike_G","Strike_G","Defend_G","Defend_G","Defend_G","Defend_G","Defend_G","Survivor","Neutralize","Deadly Poison","Catalyst+1","Dagger Spray+1","Footwork+1","All Out Attack","Deflect","Dash"],"relics":["SacredBark","Boot","Omamori","Pen Nib"],"acts_visited":["Exordium"],"potions_floor_usage":[6,12,12],"damage_taken":[{"damage":14,"enemies":"Jaw Worm","floor":1,"turns":7},{"damage":4,"enemies":"Small Slimes","floor":3,"turns":4},{"damage":0,"enemies":"Cultist","floor":5,"turns":4},{"damage":12,"enemies":"Lagavulin","floor":6,"turns":6},{"damage":5,"enemies":"Looter","floor":7,"turns":4},{"damage":3,"enemies":"Exordium Thugs","floor":11,"turns":4},{"damage":14,"enemies":"Gremlin Nob","floor":12,"turns":4},{"damage":42,"enemies":"Slime Boss","floor":16,"turns":7}],"seed_played":"5123916839754639566","potions_obtained":[{"floor":3,"key":"SteroidPotion"},{"floor":5,"key":"Fire Potion"},{"floor":11,"key":"SneckoOil"}],"is_trial":false,"path_per_floor":["M","?","M","?","M","E","M","R","T","R","M","E","R","?","R","B"],"character_chosen":"THE_SILENT","items_purchased":[],"campfire_rested":2,"item_purchase_floors":[],"current_hp_per_floor":[45,34,30,30,30,18,13,32,32,32,29,15,34,34,34,0,0],"gold":335,"neow_bonus":"BOSS_RELIC","is_daily":false,"chose_seed":false,"campfire_upgraded":2,"win_rate":0.0,"timestamp":1613530331,"path_taken":["M","?","M","?","?","E","M","R","T","R","M","E","R","?","R","BOSS"],"items_purchased_type":[],"build_version":"2020-12-22","purchased_purges":0,"victory":false,"max_hp_per_floor":[66,66,66,66,66,66,66,66,66,66,66,66,66,66,66,66,66],"relic_stats":{"counters":[8,40],"Pen Nib":[1],"Boot":[16],"obtain_stats":[{"SacredBark":0,"Pen Nib":12,"Omamori":9,"Boot":6,"Ring of the Snake":0},{"SacredBark":0,"Pen Nib":7,"Omamori":5,"Boot":4,"Ring of the Snake":0},{"SacredBark":0,"Pen Nib":33,"Omamori":25,"Boot":21,"Ring of the Snake":0}]},"card_choices":[{"not_picked":["Poisoned Stab","Distraction"],"picked":"Deadly Poison","floor":1},{"not_picked":["Blur","Acrobatics"],"picked":"Catalyst","floor":3},{"not_picked":["Tactician","Blade Dance"],"picked":"Dagger Spray","floor":5},{"not_picked":["Finisher","Glass Knife"],"picked":"Footwork","floor":6},{"not_picked":["Eviscerate","Masterful Stab"],"picked":"All Out Attack","floor":7},{"not_picked":["Accuracy","Prepared"],"picked":"Deflect","floor":11},{"not_picked":["Quick Slash","Accuracy"],"picked":"Dash","floor":12}],"player_experience":428559,"relics_obtained":[{"floor":6,"key":"Boot"},{"floor":9,"key":"Omamori"},{"floor":12,"key":"Pen Nib"}],"event_choices":[{"damage_healed":0,"gold_gain":75,"player_choice":"Gather Gold","damage_taken":11,"max_hp_gain":0,"max_hp_loss":0,"event_name":"World of Goop","floor":2,"gold_loss":0},{"damage_healed":0,"gold_gain":0,"player_choice":"0 cards matched","damage_taken":0,"max_hp_gain":0,"max_hp_loss":0,"event_name":"Match and Keep!","floor":4,"gold_loss":0,"cards_obtained":[]},{"damage_healed":0,"gold_gain":0,"player_choice":"Forge","damage_taken":0,"max_hp_gain":0,"max_hp_loss":0,"event_name":"Accursed Blacksmith","floor":14,"gold_loss":0,"cards_upgraded":["Dagger Spray"]}],"is_beta":false,"boss_relics":[],"items_purged_floors":[],"is_endless":false,"potions_floor_spawned":[3,5,11],"killed_by":"Slime Boss","ascension_level":18}}