{"host":"29uuqgkzqd703i93","time":1613596073,"event":{"mods":["BaseMod","Colored Powertips","Minty Spire (QoL Compilation)"],"gold_per_floor":[117,292,292,292,241,277,277,311,334,334,357,357,53,69,69,199,199,218,243,19,33,57,57,57],"floor_reached":23,"language":"ENG","playtime":1605,"items_purged":[],"score":199,"play_id":"6331ec60-04f5-4344-b9eb-45229138f03a","local_time":"20210217220753","is_ascension_mode":false,"campfire_choices":[{"floor":7,"key":"REST"},{"floor":10,"key":"REST"},{"data":"Shockwave","floor":15,"key":"SMITH"}],"circlet_count":0,"master_deck":["Strike_R","Strike_R","Strike_R","Defend_R","Defend_R","Defend_R","Defend_R","Bash","Sadistic Nature","Shockwave+1","Doubt","Injury","Power Through","Iron Wave","Dropkick","Clothesline","Flame Barrier","Strike_G","Wild Strike","Iron Wave","Sword Boomerang","Iron Wave","Twin Strike","Sword Boomerang","Corruption","CurseOfTheBell","Warcry+1","Infernal Blade+1","Apotheosis+1","Wild Strike","Armaments+1","Headbutt+1"],"relics":["Burning Blood","Golden Idol","FossilizedHelix","White Beast Statue","Strawberry","Happy Flower","Orrery","Calling Bell","MealTicket","Toxic Egg 2","Incense Burner"],"acts_visited":["Exordium","TheCity"],"potions_floor_usage":[],"damage_taken":[{"damage":10,"enemies":"Small Slimes","floor":1,"turns":4},{"damage":52,"enemies":"3 Sentries","floor":6,"turns":17},{"damage":32,"enemies":"Lagavulin","floor":8,"turns":11},{"damage":0,"enemies":"2 Louse","floor":11,"turns":2},{"damage":0,"enemies":"Cultist","floor":14,"turns":3},{"damage":42,"enemies":"Slime Boss","floor":16,"turns":15},{"damage":0,"enemies":"Chosen","floor":18,"turns":6},{"damage":32,"enemies":"3 Byrds","floor":19,"turns":5},{"damage":36,"enemies":"3 Cultists","floor":21,"turns":7},{"damage":0,"enemies":"Chosen and Byrds","floor":22,"turns":6},{"damage":45,"enemies":"Slavers","floor":23,"turns":3}],"seed_played":"-6087104484803564343","potions_obtained":[{"floor":1,"key":"Explosive Potion"},{"floor":11,"key":"Regen Potion"},{"floor":14,"key":"BloodPotion"},{"floor":18,"key":"Weak Potion"},{"floor":22,"key":"FearPotion"}],"is_trial":false,"path_per_floor":["M","?","?","?","$","E","R","E","T","R","M","?","$","M","R","B",null,"M","M","$","M","M","E"],"character_chosen":"IRONCLAD","items_purchased":["Iron Wave","Happy Flower","Orrery","Apotheosis+1","Wild Strike"],"campfire_rested":2,"item_purchase_floors":[5,13,13,20,20],"current_hp_per_floor":[68,68,68,68,68,22,43,17,24,47,53,53,53,59,59,23,79,79,53,68,38,44,0,0],"gold":57,"neow_bonus":"RANDOM_COLORLESS_2","is_daily":false,"chose_seed":false,"campfire_upgraded":1,"win_rate":0.0,"timestamp":1613596073,"path_taken":["M","?","?","?","$","E","R","E","T","R","M","?","$","M","R","BOSS","M","M","$","?","?","E"],"items_purchased_type":["Card","Relic","Relic","Card","Card"],"build_version":"2020-12-22","purchased_purges":0,"victory":false,"max_hp_per_floor":[72,72,72,72,72,72,72,72,79,79,79,79,79,79,79,79,79,79,79,79,79,79,79,79],"card_choices":[{"not_picked":["Secret Technique","Secret Weapon"],"picked":"Sadistic Nature","floor":0},{"not_picked":["Anger","Shrug It Off"],"picked":"Shockwave","floor":1},{"not_picked":["Brutality","Perfected Strike"],"picked":"Dropkick","floor":6},{"not_picked":["Pommel Strike","Dual Wield"],"picked":"Clothesline","floor":8},{"not_picked":["Flex","Clothesline"],"picked":"Flame Barrier","floor":11},{"not_picked":["Bloodletting","Twin Strike"],"picked":"Wild Strike","floor":13},{"not_picked":["Heavy Blade","Sword Boomerang"],"picked":"Iron Wave","floor":13},{"not_picked":["Heavy Blade","True Grit"],"picked":"Sword Boomerang","floor":13},{"not_picked":["Flame Barrier","Rupture"],"picked":"Iron Wave","floor":13},{"not_picked":["Sword Boomerang","Rupture"],"picked":"Twin Strike","floor":13},{"not_picked":["Pummel","Pommel Strike"],"picked":"Sword Boomerang","floor":14},{"not_picked":["Offering","Double Tap"],"picked":"Corruption","floor":16},{"not_picked":["Twin Strike+1","Carnage+1"],"picked":"Warcry+1","floor":18},{"not_picked":["Flex+1","Clash"],"picked":"Infernal Blade+1","floor":19},{"not_picked":["Fire Breathing","Perfected Strike"],"picked":"Armaments+1","floor":21},{"not_picked":["Whirlwind+1","Wild Strike"],"picked":"Headbutt+1","floor":22}],"player_experience":113621,"relics_obtained":[{"floor":6,"key":"FossilizedHelix"},{"floor":8,"key":"White Beast Statue"},{"floor":9,"key":"Strawberry"},{"floor":17,"key":"MealTicket"},{"floor":17,"key":"Toxic Egg 2"},{"floor":17,"key":"Incense Burner"}],"event_choices":[{"damage_healed":0,"gold_gain":175,"player_choice":"AGREE","damage_taken":0,"max_hp_gain":0,"max_hp_loss":0,"event_name":"Liars Game","floor":2,"gold_loss":0,"cards_obtained":["Doubt"]},{"damage_healed":0,"gold_gain":0,"player_choice":"Take Wound","damage_taken":0,"relics_obtained":["Golden Idol"],"max_hp_gain":0,"max_hp_loss":0,"event_name":"Golden Idol","floor":3,"gold_loss":0,"cards_obtained":["Injury"]},{"damage_healed":0,"gold_gain":0,"cards_transformed":["Strike_R"],"player_choice":"Change","damage_taken":0,"max_hp_gain":0,"max_hp_loss":0,"event_name":"Living Wall","floor":4,"gold_loss":0,"cards_obtained":["Power Through"]},{"cards_removed":["Strike_R"],"damage_healed":0,"gold_gain":0,"player_choice":"Took Card","damage_taken":0,"max_hp_gain":0,"max_hp_loss":0,"event_name":"NoteForYourself","floor":12,"gold_loss":0,"cards_obtained":["Strike_G"]}],"is_beta":false,"boss_relics":[{"not_picked":["Fusion Hammer","Tiny House"],"picked":"Calling Bell"}],"items_purged_floors":[],"is_endless":false,"potions_floor_spawned":[1,11,14,16,18,19,21,22],"killed_by":"Slavers","ascension_level":0}}