{"host":"k4hb7medsm45vqxu","time":1613592337,"event":{"mods":["AchievementEnabler","Act Like it!","Arknights","BaseMod","BetterRewards","Colored Map","Colored Powertips","DeckTracker","Downfall","Friendly Minions","Highlight Path","Marisa????????","Minty Spire (QoL Compilation)","Permanent Neow","READ ME - Guardian Mod","Rare Cards Sparkle","Replay The Spire","Shop Mod","StSLib","SuperFastMode","The Forsaken","Together in Spire","Waifu the Spire","Yuyuko"],"gold_per_floor":[199,219,231,241,258,268,346,376,476,496,513,542,542,542,552,552,552,552],"floor_reached":16,"language":"ENG","playtime":1011,"items_purged":[],"score":116,"play_id":"530f93aa-ec53-4634-a48f-e85cd17b2cf4","local_time":"20210217140537","is_ascension_mode":false,"campfire_choices":[{"floor":1,"key":"RECALL"},{"floor":13,"key":"REST"}],"circlet_count":0,"master_deck":["Slimebound:Strike_Slimebound","Slimebound:Strike_Slimebound","Slimebound:Strike_Slimebound","Slimebound:Tackle","Slimebound:Defend_Slimebound","Slimebound:Defend_Slimebound","Slimebound:Defend_Slimebound","Slimebound:Defend_Slimebound","Slimebound:CorrosiveSpit","Slimebound:MegaLick","Slimebound:RainOfGoop","Slimebound:GoopSpray","Slimebound:SpikyOuterGoop","Slimebound:HauntingLick","Slimebound:LivingWall","Slimebound:Split","Slimebound:FinishingTackle","Slimebound:RainOfGoop","Slimebound:DuplicatedForm","Replay:Sssssssssstrike","Sickly","Slimebound:SlimeBarrage","Slimebound:Chomp","Slimebound:BestDefense","Slimebound:Schlurp","Chaos","Slimebound:SplitLeeching"],"relics":["Slimebound:AbsorbEndCombat","Incense Burner","downfall:GremlinSack","Strawberry"],"acts_visited":["Exordium"],"potions_floor_usage":[9,9,12,16,16],"damage_taken":[{"damage":8,"enemies":"Jaw Worm","floor":2,"turns":5},{"damage":0,"enemies":"ats:Genji","floor":3,"turns":4},{"damage":5,"enemies":"Small Slimes","floor":4,"turns":3},{"damage":13,"enemies":"3 Louse","floor":5,"turns":3},{"damage":8,"enemies":"Blue Slaver","floor":6,"turns":3},{"damage":13,"enemies":"Lagavulin","floor":8,"turns":7},{"damage":26,"enemies":"Lagavulin","floor":9,"turns":5},{"damage":8,"enemies":"Large Slime","floor":10,"turns":5},{"damage":0,"enemies":"downfall:LooterAlt","floor":11,"turns":3},{"damage":33,"enemies":"Gremlin Nob","floor":12,"turns":4},{"damage":12,"enemies":"Blue Slaver","floor":15,"turns":3},{"damage":53,"enemies":"WA_ARCHETYPE_RETAIN","floor":16,"turns":7}],"seed_played":"-7381545382353778743","potions_obtained":[{"floor":4,"key":"PowerPotion"},{"floor":6,"key":"Elixir"},{"floor":8,"key":"Slimebound:SpawnSlimePotion"},{"floor":10,"key":"Adrenaline Potion"},{"floor":15,"key":"FearPotion"}],"is_trial":false,"path_per_floor":["R","M","M","M","M","M","T","E","?","M","M","E","R","?","M","B"],"character_chosen":"SLIMEBOUND","items_purchased":[],"campfire_rested":1,"item_purchase_floors":[],"current_hp_per_floor":[65,61,65,64,57,53,53,48,28,28,32,14,35,35,29,0,0,0],"gold":552,"neow_bonus":"HUNDRED_GOLD","is_daily":false,"chose_seed":false,"campfire_upgraded":0,"win_rate":0.0,"timestamp":1613592337,"path_taken":["R","M","M","M","M","M","T","E","?","M","?","E","R","?","M","BOSS"],"items_purchased_type":[],"build_version":"2020-12-22","purchased_purges":0,"victory":false,"max_hp_per_floor":[65,65,65,65,65,65,65,65,65,65,65,72,72,72,72,72,72,72],"card_choices":[{"not_picked":["Slimebound:LeechingTouch","Slimebound:RollThrough"],"picked":"Slimebound:MegaLick","floor":2},{"not_picked":["Slimebound:FinishingTackle","Slimebound:DisruptingSlam"],"picked":"Slimebound:RainOfGoop","floor":3},{"not_picked":["Slimebound:LeechEnergy","Slimebound:RollThrough"],"picked":"Slimebound:GoopSpray","floor":4},{"not_picked":["Slimebound:Schlurp","Slimebound:FinishingTackle"],"picked":"Slimebound:SpikyOuterGoop","floor":5},{"not_picked":["Slimebound:SlimeTap","Slimebound:SamplingLick"],"picked":"Slimebound:HauntingLick","floor":6},{"not_picked":["Slimebound:Schlurp","Slimebound:GoopSpray"],"picked":"Slimebound:LivingWall","floor":8},{"not_picked":["Slimebound:ItLooksTasty","Slimebound:FormOfPuddle"],"picked":"Slimebound:SlimeBarrage","floor":9},{"not_picked":["Slimebound:FormOfPuddle","Slimebound:SamplingLick"],"picked":"Slimebound:Chomp","floor":10},{"not_picked":["Slimebound:ItLooksTasty","Slimebound:PressTheAttack"],"picked":"Slimebound:BestDefense","floor":11},{"not_picked":["Slimebound:ForwardTackle","Slimebound:FirmFortitude"],"picked":"Slimebound:Schlurp","floor":12},{"not_picked":["Slimebound:FlameTackle","Slimebound:ItLooksTasty"],"picked":"Slimebound:SplitLeeching","floor":15}],"player_experience":3422,"relics_obtained":[{"floor":8,"key":"Incense Burner"},{"floor":9,"key":"downfall:GremlinSack"},{"floor":12,"key":"Strawberry"}],"event_choices":[],"is_beta":false,"boss_relics":[],"items_purged_floors":[],"is_endless":false,"potions_floor_spawned":[4,6,8,10,15],"killed_by":"WA_ARCHETYPE_RETAIN","ascension_level":0}}