{"host":"9czo1ewqehy3yunx","time":1613566329,"event":{"mods":["AchievementEnabler","Act Like it!","BaseMod","CapriCore","Colored Powertips","DeckTracker","GifTheSpireLib","GungeonMod","Hermit","Keyboard Shortcuts","Koishi","Lobotomy","Marisa£¨Ùöéë¡¡Øª×âÞÞ£©","Minty Spire (QoL Compilation)","Permanent Neow","Quick Restart","StSLib","SuperFastMode","Td1madao Mod","The Bug Knight","The Cursed","The Hierophant","The Immortal","The Jungle","The Poker Player","The Runesmith"],"gold_per_floor":[115,115,0,0,53,53,53,53,125,169,189,204,204,226,226,335,335,357,357,374,609,631,631,652,255,255,255,255,255],"floor_reached":28,"language":"KOR","playtime":1043,"items_purged":[],"score":258,"play_id":"e66bba68-9478-4059-9d28-14cf3c06cc04","local_time":"20210217215209","is_ascension_mode":false,"campfire_choices":[{"data":"DemoMod:ManualReload","floor":6,"key":"SMITH"},{"data":"DemoMod:Roll","floor":8,"key":"SMITH"},{"data":"DemoMod:ShadowBullets","floor":15,"key":"SMITH"},{"data":"DemoMod:ChanceBullets","floor":23,"key":"SMITH"},{"floor":27,"key":"REST"}],"circlet_count":0,"master_deck":["Apo_Pray","Apo_SoulSlash","Apo_Charge","Apo_Charge","Apo_Charge","Apo_Charge","Apo_Beam","Apo_Beam","Apo_Beam","Apo_Execute","Apo_Slash","Apo_Slash","Apo_SoulSlash","NakedNest","DemoMod:ChanceBullets+1","Laetitia","DemoMod:PotionOfGunFriendShip+1","SingingMachine","DemoMod:CursedBullets","DemoMod:BoxingGlove","DemoMod:FortunesFavor+1","DemoMod:AbyssalTentacle"],"relics":["DemoMod:Dog","CogitoBucket","GremlinMask","Toxic Egg 2","DemoMod:NanoMachines","Cursed Key","BackwardClock","ApostleMask","Membership Card","CeramicFish","DemoMod:WeirdEgg"],"acts_visited":["Exordium","TheCity","TheCity"],"potions_floor_usage":[],"damage_taken":[{"damage":0,"enemies":"2 Louse","floor":1,"turns":3},{"damage":0,"enemies":"Small Slimes","floor":10,"turns":1},{"damage":0,"enemies":"Cultist","floor":11,"turns":3},{"damage":4,"enemies":"Exordium Wildlife","floor":12,"turns":3},{"damage":0,"enemies":"Lots of Slimes","floor":14,"turns":3},{"damage":31,"enemies":"The Guardian","floor":16,"turns":9},{"damage":6,"enemies":"Shell Parasite","floor":18,"turns":3},{"damage":0,"enemies":"Chosen","floor":20,"turns":1},{"damage":15,"enemies":"Centurion and Healer","floor":22,"turns":3},{"damage":17,"enemies":"Shelled Parasite and Fungi","floor":24,"turns":2},{"damage":40,"enemies":"DemoMod:4_Bullet_Kins_with_one_veteran","floor":28,"turns":1}],"seed_played":"4588788955441473588","potions_obtained":[{"floor":1,"key":"SpeedPotion"},{"floor":14,"key":"ColorlessPotion"},{"floor":22,"key":"SteroidPotion"}],"is_trial":false,"path_per_floor":["M","?","$","?","?","R","?","R","T","M","M","M","T","M","R","B",null,"M","M","M","?","M","R","M","$","T","R","M"],"character_chosen":"HUNTRESS","items_purchased":["DemoMod:GnawedKey","DemoMod:BoxingGlove","Membership Card","CeramicFish","DemoMod:WeirdEgg","DemoMod:FortunesFavor+1","DemoMod:AbyssalTentacle"],"campfire_rested":1,"item_purchase_floors":[3,25,25,25,25,25,25],"current_hp_per_floor":[70,70,70,56,56,56,56,56,56,56,56,58,58,63,63,43,70,66,68,68,68,53,53,36,36,36,36,0,0],"gold":255,"neow_bonus":"","is_daily":false,"chose_seed":false,"campfire_upgraded":4,"win_rate":0.0,"timestamp":1613566329,"path_taken":["M","?","$","?","?","R","?","R","T","M","?","M","?","M","R","BOSS","M","?","M","?","M","R","M","?","T","R","M"],"items_purchased_type":["Relic","Card","Relic","Relic","Relic","Card","Card"],"build_version":"2020-12-22","purchased_purges":0,"victory":false,"max_hp_per_floor":[70,70,70,70,70,70,70,70,70,70,70,70,70,70,70,70,70,70,70,70,70,70,70,70,70,70,70,70,70],"card_choices":[{"not_picked":["Bloodbath","OldLady"],"picked":"FairyFestival","floor":1},{"not_picked":["DemoMod:HuntsMan","DemoMod:MachoBrace"],"picked":"DemoMod:FinishedGun","floor":1},{"not_picked":["Bloodbath","Murderer"],"picked":"Wellcheers","floor":10},{"not_picked":["DemoMod:Polaris","DemoMod:StickyCrossBow"],"picked":"DemoMod:PotionOfGunFriendShip+1","floor":10},{"not_picked":["CherryBlossoms","OSAHOGD"],"picked":"PlagueDoctor","floor":11},{"not_picked":["DemoMod:GunstockTap","DemoMod:PotionOfGunFriendShip+1"],"picked":"DemoMod:ZorGun","floor":11},{"not_picked":["FieryBird","Scorched"],"picked":"PunishingBird","floor":12},{"not_picked":["DemoMod:JK47","DemoMod:Unity"],"picked":"DemoMod:TableSutra","floor":12},{"not_picked":["Variant","Rudolta"],"picked":"HeroicMonk","floor":14},{"not_picked":["DemoMod:SuppressiveFire+1","DemoMod:SAA"],"picked":"DemoMod:ShadowBullets","floor":14},{"not_picked":["VoidDream","OSAHOGD"],"picked":"DespairKnight","floor":16},{"not_picked":["DemoMod:Desperate+1","DemoMod:BlackHoleGun"],"picked":"DemoMod:Behold!+1","floor":16},{"not_picked":["DreamingCurrent","Porccubus"],"picked":"NakedNest","floor":18},{"not_picked":["DemoMod:SAA+1","DemoMod:BattleInHaste+1"],"picked":"DemoMod:HungryBullets+1","floor":18},{"not_picked":["BeautyBeast","CrumblingArmor"],"picked":"NakedNest","floor":20},{"not_picked":["DemoMod:HuntsMan","DemoMod:PracticeMakesPerfect+1"],"picked":"DemoMod:ChanceBullets","floor":20},{"not_picked":["CherryBlossoms","Scorched"],"picked":"Laetitia","floor":22},{"not_picked":["DemoMod:Ejector+1","DemoMod:Purify"],"picked":"DemoMod:PotionOfGunFriendShip+1","floor":22},{"not_picked":["Variant","LongBird"],"picked":"SingingMachine","floor":24},{"not_picked":["DemoMod:StickyCrossBow+1","DemoMod:FastSwitch+1"],"picked":"DemoMod:CursedBullets","floor":24}],"player_experience":241160,"relics_obtained":[{"floor":9,"key":"Toxic Egg 2"},{"floor":13,"key":"DemoMod:NanoMachines"}],"event_choices":[{"damage_healed":0,"gold_gain":0,"player_choice":"Grow","damage_taken":0,"max_hp_gain":0,"max_hp_loss":0,"event_name":"Living Wall","floor":2,"gold_loss":0,"cards_upgraded":["DemoMod:FinishedGun"]},{"damage_healed":0,"gold_gain":0,"player_choice":"Entered Light","damage_taken":14,"max_hp_gain":0,"max_hp_loss":0,"event_name":"Shining Light","floor":4,"gold_loss":0,"cards_upgraded":["DemoMod:Defend_Huntress","DemoMod:Defend_Huntress"]},{"damage_healed":0,"gold_gain":53,"player_choice":"Gained Gold","damage_taken":0,"max_hp_gain":0,"max_hp_loss":0,"event_name":"Golden Wing","floor":5,"gold_loss":0},{"damage_healed":0,"gold_gain":0,"player_choice":"Trade","damage_taken":0,"relics_obtained":["GremlinMask"],"max_hp_gain":0,"max_hp_loss":0,"event_name":"FaceTrader","floor":7,"gold_loss":0}],"is_beta":false,"boss_relics":[{"not_picked":["Ectoplasm","Pandora\u0027s Box"],"picked":"Cursed Key"}],"items_purged_floors":[],"is_endless":false,"potions_floor_spawned":[1,14,22],"killed_by":"DemoMod:4_Bullet_Kins_with_one_veteran","ascension_level":0}}