{"host":"61r95uy0hn86b9iu","time":1613530394,"event":{"mods":["AchievementEnabler","BaseMod","Better Vampires","BetterRewards","Colored Powertips","Hubris","Minty Spire (QoL Compilation)","Shop Mod","StSLib"],"gold_per_floor":[119,194,194,213,213,213,231,231,231,266,283,313,326,326,326,404,404,414,12,12,27,27,27,57,69,151,170,197,197,209,229,229,229,229],"floor_reached":33,"language":"ENG","playtime":1940,"items_purged":["Strike_B"],"score":716,"play_id":"14f20a10-1b60-485f-9ad2-0f0f7cbaeed6","local_time":"20210216205314","is_ascension_mode":true,"campfire_choices":[{"floor":6,"key":"REST"},{"floor":15,"key":"REST"},{"floor":23,"key":"REST"},{"floor":29,"key":"REST"},{"floor":32,"key":"REST"}],"circlet_count":0,"master_deck":["AscendersBane","Strike_B+1","Strike_B+1","Strike_B+1","Defend_B+1","Defend_B+1","Defend_B+1","Defend_B+1","Zap","Dualcast","Conserve Battery","Forethought","Streamline","Defragment+1","Sunder","Beam Cell","Seek","Sweeping Beam","Undo","Conserve Battery"],"relics":["Cracked Core","Tiny Chest","hubris:EmptyBottle","hubris:Towel","CaptainsWheel","hubris:CuriousFeather","DataDisk","Odd Mushroom","Busted Crown","Runic Capacitor","MealTicket","Oddly Smooth Stone","Ancient Tea Set","hubris:PeanutButter","Juzu Bracelet"],"acts_visited":["Exordium","TheCity"],"potions_floor_usage":[10,10,12,16,21,24],"damage_taken":[{"damage":0,"enemies":"Small Slimes","floor":1,"turns":3},{"damage":3,"enemies":"2 Louse","floor":4,"turns":3},{"damage":7,"enemies":"Jaw Worm","floor":7,"turns":2},{"damage":15,"enemies":"Lagavulin","floor":10,"turns":4},{"damage":7,"enemies":"2 Fungi Beasts","floor":11,"turns":3},{"damage":5,"enemies":"The Mushroom Lair","floor":12,"turns":3},{"damage":10,"enemies":"Exordium Thugs","floor":13,"turns":3},{"damage":45,"enemies":"Hexaghost","floor":16,"turns":9},{"damage":42,"enemies":"3 Byrds","floor":18,"turns":5},{"damage":8,"enemies":"Shell Parasite","floor":21,"turns":4},{"damage":10,"enemies":"Gremlin Leader","floor":24,"turns":6},{"damage":22,"enemies":"Shelled Parasite and Fungi","floor":25,"turns":5},{"damage":7,"enemies":"Centurion and Healer","floor":27,"turns":6},{"damage":0,"enemies":"3 Cultists","floor":30,"turns":5},{"damage":0,"enemies":"Snake Plant","floor":31,"turns":4},{"damage":71,"enemies":"hubris:MusketHawk","floor":33,"turns":8}],"seed_played":"-7093381350396276946","potions_obtained":[{"floor":4,"key":"SteroidPotion"},{"floor":11,"key":"ColorlessPotion"},{"floor":13,"key":"FairyPotion"},{"floor":18,"key":"AttackPotion"}],"is_trial":false,"path_per_floor":["M","?","?","M","?","R","M","T","T","E","M","?","M","?","R","B",null,"M","$","?","M","T","R","E","M","T","M","T","R","M","M","R","B"],"character_chosen":"DEFECT","items_purchased":["Tiny Chest","hubris:EmptyBottle","Conserve Battery","Streamline","Runic Capacitor","MealTicket"],"campfire_rested":5,"item_purchase_floors":[0,0,0,0,19,19],"current_hp_per_floor":[57,46,46,43,43,64,57,57,57,42,35,30,20,20,41,21,59,17,17,17,9,9,30,20,21,21,14,14,35,35,35,56,0,0],"gold":229,"neow_bonus":"","is_daily":false,"chose_seed":false,"campfire_upgraded":0,"win_rate":0.0,"timestamp":1613530394,"path_taken":["M","?","?","M","?","R","M","?","T","E","M","?","M","?","R","BOSS","M","$","?","M","?","R","E","M","T","M","?","R","M","M","R","BOSS"],"items_purchased_type":["Relic","Relic","Card","Card","Relic","Relic"],"build_version":"2020-12-22","purchased_purges":1,"victory":false,"max_hp_per_floor":[71,71,71,71,71,71,71,71,71,71,71,71,71,71,71,71,71,71,71,71,71,71,71,71,71,71,71,71,71,71,71,71,71,71],"card_choices":[{"not_picked":["Gash","Beam Cell"],"picked":"Defragment","floor":1},{"not_picked":["Stack","Gash"],"picked":"Sunder","floor":4},{"not_picked":["Go for the Eyes","Conserve Battery"],"picked":"Beam Cell","floor":7},{"not_picked":["Streamline","Compile Driver","BootSequence"],"picked":"SKIP","floor":10},{"not_picked":["Blizzard","Reinforced Body","Chaos"],"picked":"SKIP","floor":11},{"not_picked":["Coolheaded","Steam","Sunder"],"picked":"SKIP","floor":13},{"not_picked":["hubris:DoWhile","Multi-Cast"],"picked":"Seek","floor":16},{"not_picked":[],"picked":"Sweeping Beam","floor":18},{"not_picked":[],"picked":"Undo","floor":21},{"not_picked":[],"picked":"Conserve Battery","floor":24},{"not_picked":["Cold Snap"],"picked":"SKIP","floor":25},{"not_picked":["Reprogram"],"picked":"SKIP","floor":27},{"not_picked":["Coolheaded"],"picked":"SKIP","floor":30},{"not_picked":["Streamline"],"picked":"SKIP","floor":31}],"player_experience":3361797,"relics_obtained":[{"floor":8,"key":"CaptainsWheel"},{"floor":9,"key":"hubris:CuriousFeather"},{"floor":10,"key":"DataDisk"},{"floor":12,"key":"Odd Mushroom"},{"floor":22,"key":"Oddly Smooth Stone"},{"floor":24,"key":"Ancient Tea Set"},{"floor":26,"key":"hubris:PeanutButter"},{"floor":28,"key":"Juzu Bracelet"}],"event_choices":[{"damage_healed":0,"gold_gain":75,"player_choice":"Gather Gold","damage_taken":11,"max_hp_gain":0,"max_hp_loss":0,"event_name":"World of Goop","floor":2,"gold_loss":0},{"damage_healed":0,"gold_gain":0,"player_choice":"Fought Mushrooms","damage_taken":0,"max_hp_gain":0,"max_hp_loss":0,"event_name":"Mushrooms","floor":12,"gold_loss":0},{"damage_healed":0,"gold_gain":0,"player_choice":"Ignored","damage_taken":0,"max_hp_gain":0,"max_hp_loss":0,"event_name":"Shining Light","floor":14,"gold_loss":0},{"damage_healed":0,"gold_gain":0,"player_choice":"Simplicity","damage_taken":0,"max_hp_gain":0,"max_hp_loss":0,"event_name":"Back to Basics","floor":20,"gold_loss":0,"cards_upgraded":["Strike_B","Strike_B","Strike_B","Defend_B","Defend_B","Defend_B","Defend_B"]}],"is_beta":false,"boss_relics":[{"not_picked":["Velvet Choker","Philosopher\u0027s Stone"],"picked":"Busted Crown"}],"items_purged_floors":[19],"is_endless":false,"potions_floor_spawned":[4,11,13,18],"killed_by":"hubris:MusketHawk","ascension_level":19}}