{"host":"wshh0nphwn6jv7vj","time":1613563811,"event":{"mods":["BaseMod","Bestiary","Minty Spire (QoL Compilation)","Relic Stats"],"gold_per_floor":[115,115,132,148,158,158,191,191,217,6,39,51,75,97,109,193,205,232,244,256,285,315,327,327],"floor_reached":23,"language":"ENG","playtime":1457,"items_purged":["Strike_P"],"score":422,"play_id":"85243278-e80b-466d-b0b5-26a5a64ed7bb","local_time":"20210217071011","is_ascension_mode":true,"campfire_choices":[{"data":"TalkToTheHand","floor":6,"key":"SMITH"},{"floor":8,"key":"REST"},{"data":"Ragnarok","floor":12,"key":"SMITH"},{"data":"MentalFortress","floor":15,"key":"SMITH"}],"circlet_count":0,"master_deck":["AscendersBane","Eruption","Vigilance","CrushJoints","TalkToTheHand+1","EmptyFist","FlyingSleeves","Ragnarok+1","MentalFortress+1","Halt","Omniscience","Indignation","Conclude","ThirdEye","Perseverance","Protect","ConjureBlade","FollowUp","Protect+1"],"relics":["PureWater","NeowsBlessing","Smiling Mask","Tiny Chest","Bag of Preparation","MawBank","Pandora\u0027s Box","MutagenicStrength"],"acts_visited":["Exordium","TheCity"],"potions_floor_usage":[7,11,16,22],"damage_taken":[{"damage":0,"enemies":"2 Louse","floor":1,"turns":1},{"damage":0,"enemies":"Cultist","floor":3,"turns":1},{"damage":0,"enemies":"Small Slimes","floor":4,"turns":1},{"damage":18,"enemies":"Exordium Wildlife","floor":5,"turns":4},{"damage":29,"enemies":"3 Sentries","floor":7,"turns":11},{"damage":0,"enemies":"Lagavulin","floor":11,"turns":5},{"damage":0,"enemies":"Large Slime","floor":13,"turns":3},{"damage":0,"enemies":"Exordium Thugs","floor":14,"turns":3},{"damage":5,"enemies":"The Guardian","floor":16,"turns":8},{"damage":2,"enemies":"Shell Parasite","floor":18,"turns":4},{"damage":0,"enemies":"Chosen","floor":21,"turns":3},{"damage":0,"enemies":"Snake Plant","floor":22,"turns":2},{"damage":56,"enemies":"Gremlin Leader","floor":23,"turns":3}],"seed_played":"-864785981048471704","potions_obtained":[{"floor":3,"key":"BottledMiracle"},{"floor":5,"key":"SkillPotion"},{"floor":7,"key":"BottledMiracle"},{"floor":11,"key":"Explosive Potion"},{"floor":14,"key":"Dexterity Potion"}],"is_trial":false,"path_per_floor":["M","?","M","M","M","R","E","R","T","$","E","R","M","M","R","B",null,"M","?","?","M","M","E"],"character_chosen":"WATCHER","items_purchased":["Bag of Preparation"],"campfire_rested":1,"item_purchase_floors":[10],"current_hp_per_floor":[61,61,61,61,43,43,14,34,34,34,34,34,34,34,34,29,58,56,56,56,56,56,0,0],"gold":327,"neow_bonus":"THREE_ENEMY_KILL","is_daily":false,"chose_seed":false,"campfire_upgraded":3,"win_rate":0.0,"timestamp":1613563811,"path_taken":["M","?","M","M","?","R","E","R","T","?","E","R","M","M","R","BOSS","M","?","?","M","M","E"],"items_purchased_type":["Relic"],"build_version":"2020-12-22","purchased_purges":1,"victory":false,"max_hp_per_floor":[68,68,68,68,68,68,68,68,68,68,68,68,68,68,68,68,68,68,68,68,68,68,68,68],"relic_stats":{"counters":[13,49],"Tiny Chest":0,"Pandora\u0027s Box":["Indignation","Conclude","ThirdEye","Perseverance","Protect","ConjureBlade"],"Bag of Preparation":[16],"Smiling Mask":25,"MawBank":144,"obtain_stats":[{"NeowsBlessing":0,"MutagenicStrength":20,"Tiny Chest":9,"Pandora\u0027s Box":17,"Bag of Preparation":10,"PureWater":0,"Smiling Mask":7,"MawBank":11},{"NeowsBlessing":0,"MutagenicStrength":10,"Tiny Chest":5,"Pandora\u0027s Box":9,"Bag of Preparation":5,"PureWater":0,"Smiling Mask":5,"MawBank":6},{"NeowsBlessing":0,"MutagenicStrength":41,"Tiny Chest":18,"Pandora\u0027s Box":37,"Bag of Preparation":18,"PureWater":0,"Smiling Mask":18,"MawBank":23}]},"card_choices":[{"not_picked":["Halt","ThirdEye"],"picked":"CrushJoints","floor":1},{"not_picked":["Meditate","CrushJoints"],"picked":"TalkToTheHand","floor":3},{"not_picked":["Halt","ThirdEye"],"picked":"EmptyFist","floor":4},{"not_picked":["Prostrate","PathToVictory"],"picked":"FlyingSleeves","floor":5},{"not_picked":["JustLucky","Devotion"],"picked":"Ragnarok","floor":7},{"not_picked":["CrushJoints","Tantrum"],"picked":"MentalFortress","floor":11},{"not_picked":["JustLucky","Swivel"],"picked":"Protect","floor":13},{"not_picked":["CrushJoints","ClearTheMind"],"picked":"Halt","floor":14},{"not_picked":["Brilliance","Alpha"],"picked":"Omniscience","floor":16},{"not_picked":["Collect","Evaluate"],"picked":"FollowUp","floor":18},{"not_picked":["Evaluate","JustLucky","EmptyFist"],"picked":"SKIP","floor":21},{"not_picked":["PathToVictory","CrushJoints"],"picked":"Protect+1","floor":22}],"player_experience":1656821,"relics_obtained":[{"floor":7,"key":"Smiling Mask"},{"floor":9,"key":"Tiny Chest"},{"floor":11,"key":"MawBank"}],"event_choices":[{"cards_removed":["Strike_P"],"damage_healed":0,"gold_gain":0,"player_choice":"Purged","damage_taken":0,"max_hp_gain":0,"max_hp_loss":0,"event_name":"Purifier","floor":2,"gold_loss":0},{"cards_removed":["Protect"],"damage_healed":0,"gold_gain":0,"player_choice":"Elegance","damage_taken":0,"max_hp_gain":0,"max_hp_loss":0,"event_name":"Back to Basics","floor":19,"gold_loss":0},{"damage_healed":0,"gold_gain":0,"player_choice":"Inject Mutagens","damage_taken":0,"relics_obtained":["MutagenicStrength"],"max_hp_gain":0,"max_hp_loss":0,"event_name":"Drug Dealer","floor":20,"gold_loss":0}],"is_beta":false,"boss_relics":[{"not_picked":["Black Star","Tiny House"],"picked":"Pandora\u0027s Box"}],"items_purged_floors":[10],"is_endless":false,"potions_floor_spawned":[3,5,7,11,14],"killed_by":"Gremlin Leader","ascension_level":17}}