{"host":"27c1zwn2rxlukojz","time":1613559539,"event":{"mods":["BaseMod","Filter the Spire","Minty Spire (QoL Compilation)","Relic Stats","StSLib"],"gold_per_floor":[119,294,308,323,339,339,367,367,447,461,51,61,61,61,61,165,165,185,185,165,180,95,126,24,24,51,81,81,81,29,39,39,135,135,145,165,1164,1164,1182,1209,1223,1223,1223,1253,1272,1305,1316,590,590,590],"floor_reached":51,"language":"DEU","playtime":2676,"items_purged":["Headbutt"],"score":1000,"play_id":"f22bdc36-14b6-4cb4-b33e-6f00a3b68c78","local_time":"20210217115859","is_ascension_mode":false,"campfire_choices":[{"floor":6,"key":"RECALL"},{"floor":15,"key":"REST"},{"floor":25,"key":"REST"},{"floor":32,"key":"REST"},{"floor":49,"key":"REST"}],"circlet_count":0,"master_deck":["Bash","Spot Weakness","Headbutt+1","Iron Wave","Burning Pact","True Grit","Flex+1","Corruption","Iron Wave","Seeing Red+1","Warcry+1","Limit Break+1","Shockwave+1","Limit Break+1","Feed","Heavy Blade","Sword Boomerang","Dual Wield+1","Armaments+1","True Grit+1","Spot Weakness+1","Bite","Bite","Bite","Bite","Bite","Shrug It Off+1","Feel No Pain+1","Reaper","Inflame+1","Armaments+1","Heavy Blade+1","Offering+1","Shrug It Off+1","Shrug It Off+1","True Grit+1","Impervious+1","Finesse+1","Panache"],"relics":["Fusion Hammer","Torii","Ancient Tea Set","Bottled Lightning","Toxic Egg 2","Lantern","Pandora\u0027s Box","HornCleat","Boot","Red Skull","Omamori","Centennial Puzzle","Runic Pyramid","Molten Egg 2","Self Forming Clay","Smiling Mask","Unceasing Top","Mercury Hourglass","Medical Kit","Nunchaku"],"acts_visited":["Exordium","TheCity","TheBeyond"],"potions_floor_usage":[16,33],"damage_taken":[{"damage":0,"enemies":"Small Slimes","floor":1,"turns":2},{"damage":6,"enemies":"Jaw Worm","floor":3,"turns":2},{"damage":5,"enemies":"2 Louse","floor":4,"turns":2},{"damage":0,"enemies":"Gremlin Gang","floor":5,"turns":4},{"damage":30,"enemies":"Lagavulin","floor":7,"turns":5},{"damage":1,"enemies":"3 Louse","floor":10,"turns":3},{"damage":1,"enemies":"2 Fungi Beasts","floor":12,"turns":3},{"damage":27,"enemies":"Slime Boss","floor":16,"turns":8},{"damage":21,"enemies":"2 Thieves","floor":18,"turns":3},{"damage":2,"enemies":"Shell Parasite","floor":21,"turns":3},{"damage":0,"enemies":"Book of Stabbing","floor":23,"turns":3},{"damage":0,"enemies":"Gremlin Leader","floor":27,"turns":4},{"damage":44,"enemies":"Snecko","floor":31,"turns":8},{"damage":26,"enemies":"Automaton","floor":33,"turns":6},{"damage":10,"enemies":"Orb Walker","floor":35,"turns":3},{"damage":38,"enemies":"3 Darklings","floor":36,"turns":6},{"damage":0,"enemies":"Transient","floor":39,"turns":5},{"damage":29,"enemies":"Reptomancer","floor":40,"turns":4},{"damage":24,"enemies":"Sphere and 2 Shapes","floor":41,"turns":4},{"damage":0,"enemies":"Nemesis","floor":44,"turns":5},{"damage":31,"enemies":"Jaw Worm Horde","floor":45,"turns":5},{"damage":24,"enemies":"Reptomancer","floor":46,"turns":4},{"damage":14,"enemies":"Maw","floor":47,"turns":5},{"damage":53,"enemies":"Donu and Deca","floor":50,"turns":8}],"seed_played":"5880163275412825754","potions_obtained":[{"floor":4,"key":"Dexterity Potion"},{"floor":7,"key":"SteroidPotion"},{"floor":16,"key":"ElixirPotion"},{"floor":18,"key":"BlessingOfTheForge"},{"floor":20,"key":"EntropicBrew"},{"floor":23,"key":"DuplicationPotion"},{"floor":35,"key":"Ancient Potion"},{"floor":44,"key":"LiquidMemories"}],"is_trial":false,"path_per_floor":["M","?","M","M","M","R","E","?","T","M","$","M","?","?","R","B",null,"M","?","?","M","?","E","$","R","T","E","?","T","$","M","R","B",null,"M","M","?","T","M","E","M","?","T","E","M","E","M","$","R","B",null],"character_chosen":"IRONCLAD","items_purchased":["Toxic Egg 2","Lantern","Armaments+1","True Grit+1","Shrug It Off+1","Medical Kit","Nunchaku","True Grit+1","Impervious+1","Finesse+1","Panache"],"campfire_rested":4,"item_purchase_floors":[11,11,24,24,30,48,48,48,48,48,48],"current_hp_per_floor":[80,80,74,69,69,69,39,32,32,31,31,30,23,7,31,4,80,62,62,62,63,63,66,66,89,89,92,64,64,64,26,46,22,68,71,71,71,71,71,75,60,60,60,83,86,90,87,87,94,74],"gold":590,"neow_bonus":"BOSS_RELIC","is_daily":false,"chose_seed":false,"campfire_upgraded":0,"win_rate":0.0,"timestamp":1613559539,"path_taken":["M","?","M","M","M","R","E","?","T","M","$","M","?","?","R","BOSS","M","?","?","?","?","E","$","R","T","E","?","?","?","M","R","BOSS","M","M","?","?","M","E","M","?","T","E","M","E","?","$","R","BOSS"],"items_purchased_type":["Relic","Relic","Card","Card","Card","Relic","Relic","Card","Card","Card","Card"],"build_version":"2020-12-22","purchased_purges":1,"victory":true,"max_hp_per_floor":[80,80,80,80,80,80,80,80,80,80,80,80,80,80,80,80,80,83,83,83,86,86,89,89,89,89,92,64,64,64,68,68,68,68,71,71,71,71,71,75,79,79,79,83,86,90,94,94,94,101],"relic_stats":{"Centennial Puzzle":[30],"Nunchaku":[1],"Torii":22,"counters":[24,105],"Self Forming Clay":[60],"Pandora\u0027s Box":["Iron Wave","Seeing Red","Warcry","Limit Break","Shockwave","Limit Break","Feed","Heavy Blade"],"Boot":[17],"Smiling Mask":25,"Medical Kit":[0],"obtain_stats":[{"Lantern":11,"Torii":7,"Self Forming Clay":40,"Omamori":27,"Ancient Tea Set":8,"Boot":23,"Smiling Mask":43,"Medical Kit":48,"Burning Blood":0,"Mercury Hourglass":46,"Centennial Puzzle":29,"Nunchaku":48,"HornCleat":22,"Pandora\u0027s Box":17,"Molten Egg 2":38,"Fusion Hammer":0,"Bottled Lightning":9,"Toxic Egg 2":11,"Red Skull":26,"Unceasing Top":44,"Runic Pyramid":34},{"Lantern":6,"Torii":5,"Self Forming Clay":18,"Omamori":12,"Ancient Tea Set":5,"Boot":11,"Smiling Mask":19,"Medical Kit":23,"Burning Blood":0,"Mercury Hourglass":22,"Centennial Puzzle":12,"Nunchaku":23,"HornCleat":10,"Pandora\u0027s Box":8,"Molten Egg 2":16,"Fusion Hammer":0,"Bottled Lightning":5,"Toxic Egg 2":6,"Red Skull":11,"Unceasing Top":20,"Runic Pyramid":14},{"Lantern":18,"Torii":15,"Self Forming Clay":74,"Omamori":42,"Ancient Tea Set":15,"Boot":38,"Smiling Mask":78,"Medical Kit":97,"Burning Blood":0,"Mercury Hourglass":92,"Centennial Puzzle":42,"Nunchaku":97,"HornCleat":35,"Pandora\u0027s Box":29,"Molten Egg 2":65,"Fusion Hammer":0,"Bottled Lightning":15,"Toxic Egg 2":18,"Red Skull":38,"Unceasing Top":83,"Runic Pyramid":56}],"Unceasing Top":[4],"Mercury Hourglass":[39]},"card_choices":[{"not_picked":["Havoc","Flex"],"picked":"Spot Weakness","floor":1},{"not_picked":["Combust","Cleave"],"picked":"Headbutt","floor":3},{"not_picked":["Wild Strike","Headbutt"],"picked":"Iron Wave","floor":4},{"not_picked":["Hemokinesis","Infernal Blade"],"picked":"Headbutt","floor":5},{"not_picked":["Rupture","Juggernaut"],"picked":"Burning Pact","floor":7},{"not_picked":["Burning Pact","Seeing Red"],"picked":"True Grit","floor":10},{"not_picked":["Thunderclap","Rampage"],"picked":"Flex+1","floor":12},{"not_picked":["Double Tap+1","Feed"],"picked":"Corruption","floor":16},{"not_picked":["Clothesline","Metallicize"],"picked":"Sword Boomerang","floor":18},{"not_picked":["Cleave","Iron Wave","Thunderclap"],"picked":"SKIP","floor":21},{"not_picked":["Combust","Iron Wave"],"picked":"Dual Wield+1","floor":23},{"not_picked":["Corruption","Pummel"],"picked":"Spot Weakness+1","floor":27},{"not_picked":["True Grit+1","Body Slam+1"],"picked":"Feel No Pain+1","floor":31},{"not_picked":["Bludgeon","Exhume+1"],"picked":"Reaper","floor":33},{"not_picked":["Body Slam+1","Pommel Strike"],"picked":"Inflame+1","floor":35},{"not_picked":["Havoc+1","Clash+1"],"picked":"Armaments+1","floor":36},{"not_picked":["Twin Strike+1","Havoc+1","Pommel Strike+1"],"picked":"SKIP","floor":39},{"not_picked":["Hemokinesis+1","Perfected Strike+1"],"picked":"Heavy Blade+1","floor":40},{"not_picked":["Anger+1","Clothesline+1"],"picked":"Offering+1","floor":41},{"not_picked":["Heavy Blade+1","Warcry+1"],"picked":"Shrug It Off+1","floor":44},{"not_picked":["Iron Wave+1","Burning Pact+1"],"picked":"Shrug It Off+1","floor":45},{"not_picked":["Anger+1","Clothesline+1","Pommel Strike+1"],"picked":"SKIP","floor":46},{"not_picked":["Metallicize","Wild Strike+1","Pummel+1"],"picked":"SKIP","floor":47}],"player_experience":3994834,"relics_obtained":[{"floor":7,"key":"Torii"},{"floor":9,"key":"Bottled Lightning"},{"floor":23,"key":"Boot"},{"floor":26,"key":"Red Skull"},{"floor":27,"key":"Omamori"},{"floor":29,"key":"Centennial Puzzle"},{"floor":38,"key":"Molten Egg 2"},{"floor":40,"key":"Self Forming Clay"},{"floor":43,"key":"Smiling Mask"},{"floor":44,"key":"Unceasing Top"},{"floor":46,"key":"Mercury Hourglass"}],"event_choices":[{"damage_healed":0,"gold_gain":175,"player_choice":"AGREE","damage_taken":0,"max_hp_gain":0,"max_hp_loss":0,"event_name":"Liars Game","floor":2,"gold_loss":0,"cards_obtained":["Doubt"]},{"damage_healed":0,"gold_gain":0,"player_choice":"Success","damage_taken":7,"relics_obtained":["Ancient Tea Set"],"max_hp_gain":0,"max_hp_loss":0,"event_name":"Scrap Ooze","floor":8,"gold_loss":0},{"cards_removed":["Strike_R"],"damage_healed":0,"gold_gain":0,"player_choice":"Card Removal","damage_taken":7,"max_hp_gain":0,"max_hp_loss":0,"event_name":"Golden Wing","floor":13,"gold_loss":0},{"damage_healed":0,"gold_gain":0,"player_choice":"Entered Light","damage_taken":16,"max_hp_gain":0,"max_hp_loss":0,"event_name":"Shining Light","floor":14,"gold_loss":0,"cards_upgraded":["Headbutt","Defend_R"]},{"cards_removed":["Doubt"],"damage_healed":0,"gold_gain":0,"player_choice":"Elegance","damage_taken":0,"max_hp_gain":0,"max_hp_loss":0,"event_name":"Back to Basics","floor":19,"gold_loss":0},{"damage_healed":0,"gold_gain":0,"player_choice":"Bought 1 Potion","damage_taken":0,"max_hp_gain":0,"max_hp_loss":0,"event_name":"The Woman in Blue","floor":20,"gold_loss":0},{"damage_healed":0,"gold_gain":0,"player_choice":"Obtained Relic","damage_taken":0,"relics_obtained":["HornCleat"],"max_hp_gain":0,"max_hp_loss":0,"event_name":"Addict","floor":22,"gold_loss":85},{"damage_healed":0,"gold_gain":0,"player_choice":"Became a vampire","damage_taken":0,"max_hp_gain":0,"max_hp_loss":28,"event_name":"Vampires","floor":28,"gold_loss":0,"cards_obtained":["Bite","Bite","Bite","Bite","Bite"]},{"damage_healed":0,"gold_gain":999,"player_choice":"Gold","damage_taken":0,"max_hp_gain":0,"max_hp_loss":0,"event_name":"MindBloom","floor":37,"gold_loss":0,"cards_obtained":["Normality","Normality"]},{"damage_healed":0,"gold_gain":0,"player_choice":"Ignored","damage_taken":0,"max_hp_gain":0,"max_hp_loss":0,"event_name":"Tomb of Lord Red Mask","floor":42,"gold_loss":0}],"is_beta":false,"boss_relics":[{"not_picked":["Sozu","Coffee Dripper"],"picked":"Pandora\u0027s Box"},{"not_picked":["Mark of Pain","Tiny House"],"picked":"Runic Pyramid"}],"items_purged_floors":[48],"is_endless":false,"potions_floor_spawned":[4,7,16,18,23,27,35,44,45,46],"ascension_level":0}}