{"host":"3twtdwjpiqhvvn5s","time":1613525841,"event":{"mods":["AchievementEnabler","Act Like it!","Aspiration","BaseMod","BetterRewards","Colored Map","Colored Powertips","Downfall","Duelist Mod","Friendly Minions","GifTheSpireLib","Hermit","Hubris","Infinite Spire","Jorbs\u0027s Wanderer Trilogy","Koishi","KomeijiMod","Marisa????????","Minty Spire (QoL Compilation)","Quick Restart","Rare Cards Sparkle","Replay The Spire","Shop Mod","StSLib","Td1madao Mod","The Administrix","The Animator","The Bug Knight","The Caster","The Cursed","The Disciple","The Hierophant","The Necromancer","The Poker Player","The Runesmith","The Servant 0.9.4"],"gold_per_floor":[173,192,207,218,231,258,273,288,314,343,361,361,380,395,395,497,497,486,499,516,516,531,531,531],"floor_reached":23,"language":"ENG","playtime":165176,"items_purged":[],"score":213,"play_id":"2c708aef-e240-4046-9f5e-c8852b77572e","local_time":"20210216193721","daily_mods":["Binary"],"is_ascension_mode":false,"campfire_choices":[{"floor":15,"key":"REST"}],"circlet_count":0,"master_deck":["Strike_Remiria","Strike_Remiria","Strike_Remiria","Defend_Remirira","Defend_Remirira","Defend_Remirira","Defend_Remirira","Absorbed","Scratch","DemonsDinnerFork_Remiria","Paradox","Runesmith:UnlimitedPower","TricksterDevil","Runesmith:HammerThrow","ServantFlier","Feint","DamonLordCradle_Remiria","Coercion","AbeCurse","CurseofVladTepes","BloodSurge+1","DemonsDinnerFork_Remiria","BloodCollect"],"relics":["ThirstyCrossSpe","Akabeko","Anchor","Lantern","Abe\u0027s Treasure"],"acts_visited":["Exordium","TheCity"],"potions_floor_usage":[4,4,8,10,14,16,18,20],"damage_taken":[{"damage":0,"enemies":"2 Louse","floor":1,"turns":3},{"damage":6,"enemies":"Cultist","floor":2,"turns":3},{"damage":0,"enemies":"Jaw Worm","floor":3,"turns":4},{"damage":20,"enemies":"3 Louse","floor":4,"turns":3},{"damage":6,"enemies":"Exordium Thugs","floor":5,"turns":6},{"damage":20,"enemies":"Gremlin Nob","floor":6,"turns":4},{"damage":0,"enemies":"Lots of Slimes","floor":7,"turns":2},{"damage":6,"enemies":"Blue Slaver","floor":8,"turns":3},{"damage":19,"enemies":"Lagavulin","floor":10,"turns":8},{"damage":20,"enemies":"Large Slime","floor":11,"turns":5},{"damage":0,"enemies":"Looter","floor":13,"turns":3},{"damage":0,"enemies":"3 Louse","floor":14,"turns":2},{"damage":1,"enemies":"Slime Boss","floor":16,"turns":6},{"damage":7,"enemies":"2 Thieves","floor":18,"turns":4},{"damage":51,"enemies":"Spheric Guardian","floor":19,"turns":8},{"damage":29,"enemies":"Snecko","floor":20,"turns":5},{"damage":8,"enemies":"Cultist and Chosen","floor":22,"turns":7},{"damage":6,"enemies":"Book of Stabbing","floor":23,"turns":3}],"seed_played":"-3434512986263623441","potions_obtained":[{"floor":2,"key":"Strength Potion"},{"floor":3,"key":"Venom Potion"},{"floor":7,"key":"Strength Potion"},{"floor":8,"key":"EssenceOfSteel"},{"floor":11,"key":"Ancient Potion"},{"floor":14,"key":"champ:CounterPotion"},{"floor":16,"key":"ColorlessPotion"},{"floor":19,"key":"Ancient Potion"}],"is_trial":true,"path_per_floor":["M","M","M","M","M","E","M","M","T","E","M","?","M","M","R","B",null,"M","M","M","?","M","E"],"character_chosen":"RemiriaScarlet","items_purchased":[],"campfire_rested":1,"item_purchase_floors":[],"current_hp_per_floor":[100,94,94,74,68,48,48,42,42,23,3,3,3,3,33,32,100,93,42,13,13,5,0,0],"gold":531,"neow_bonus":"","is_daily":false,"chose_seed":false,"campfire_upgraded":0,"win_rate":0.0,"timestamp":1613525841,"path_taken":["M","M","M","M","M","E","M","M","T","E","M","?","M","M","R","BOSS","M","M","M","?","M","E"],"items_purchased_type":[],"build_version":"2020-12-22","purchased_purges":0,"victory":false,"max_hp_per_floor":[100,100,100,100,100,100,100,100,100,100,100,100,100,100,100,100,100,100,100,100,100,100,100,100],"card_choices":[{"not_picked":["FastHealing"],"picked":"DemonsDinnerFork_Remiria","floor":1},{"not_picked":["Runesmith:MakeshiftArmor","BloodySuit"],"picked":"SKIP","floor":2},{"not_picked":["BodyStrengthen","Runesmith:ChiselStab"],"picked":"SKIP","floor":3},{"not_picked":["Runesmith:Firewall","Runesmith:ChargedHammer"],"picked":"SKIP","floor":4},{"not_picked":["Runesmith:UnstableHammer"],"picked":"Paradox","floor":5},{"not_picked":["Tepes"],"picked":"Runesmith:UnlimitedPower","floor":6},{"not_picked":["Runesmith:EnergizedChisel"],"picked":"TricksterDevil","floor":7},{"not_picked":["BloodCollect"],"picked":"Runesmith:HammerThrow","floor":8},{"not_picked":["VampireKiss_Remiria"],"picked":"ServantFlier","floor":10},{"not_picked":["Runesmith:Overpower"],"picked":"Feint","floor":11},{"not_picked":["VampireKiss_Remiria"],"picked":"DamonLordCradle_Remiria","floor":13},{"not_picked":["Runesmith:ElementalConversion","Runesmith:LastStand"],"picked":"SKIP","floor":14},{"not_picked":["Septette"],"picked":"Coercion","floor":16},{"not_picked":["YoungDemonLord"],"picked":"CurseofVladTepes","floor":18},{"not_picked":["BloodCleaner"],"picked":"BloodSurge+1","floor":19},{"not_picked":["YoungDemonLord"],"picked":"DemonsDinnerFork_Remiria","floor":20},{"not_picked":["Warpath"],"picked":"BloodCollect","floor":22}],"player_experience":2979100,"relics_obtained":[{"floor":6,"key":"Akabeko"},{"floor":9,"key":"Anchor"},{"floor":10,"key":"Lantern"}],"event_choices":[{"cards_removed":["Strike_Remiria"],"damage_healed":0,"gold_gain":0,"player_choice":"Purged","damage_taken":0,"max_hp_gain":0,"max_hp_loss":0,"event_name":"Purifier","floor":12,"gold_loss":0},{"damage_healed":0,"gold_gain":0,"player_choice":"Bought 0 Potions","damage_taken":0,"max_hp_gain":0,"max_hp_loss":0,"event_name":"The Woman in Blue","floor":21,"gold_loss":0}],"is_beta":false,"boss_relics":[{"not_picked":["Sozu","aspiration:DefectSkillbook"],"picked":"Abe\u0027s Treasure"}],"items_purged_floors":[],"is_endless":false,"potions_floor_spawned":[2,3,7,8,11,14,16,19],"killed_by":"Book of Stabbing","ascension_level":0}}