{"host":"g7uq9uzahx9e0kti","time":1613568018,"event":{"mods":["AchievementEnabler","BaseMod","CapriCore","Hermit","Koishi","Minty Spire (QoL Compilation)","Permanent Neow","Quick Restart","StSLib","SuperFastMode","The Bug Knight","The Cursed","The Hierophant","The Immortal","The Runesmith","Together in Spire","WarShipGirlsR/??á´Ò³R mod"],"gold_per_floor":[114,114,138,163,188,188,189,189,189,189,210,180,193,223,223,321,321,326,326,344,357,357,357],"floor_reached":22,"language":"KOR","playtime":1273,"items_purged":[],"score":188,"play_id":"f7e76955-e2ef-40db-bb18-90706d6b1147","local_time":"20210217222018","is_ascension_mode":false,"campfire_choices":[{"data":"hierophant:SecretStash","floor":6,"key":"SMITH"},{"data":"hierophant:RepressedViolence","floor":8,"key":"SMITH"},{"data":"hierophant:FlamingChariot","floor":10,"key":"SMITH"},{"data":"hierophant:Levitation","floor":15,"key":"SMITH"}],"circlet_count":0,"master_deck":["hierophant:Strike_Hierophant","hierophant:Strike_Hierophant","hierophant:Strike_Hierophant","hierophant:Strike_Hierophant","hierophant:Punish+1","hierophant:Defend_Hierophant","hierophant:Defend_Hierophant","hierophant:Defend_Hierophant","hierophant:Defend_Hierophant","hierophant:ChurchCoffers","hierophant:Flagellation","hierophant:FlamingChariot+1","hierophant:SecretStash+1","hierophant:RepressedViolence+1","hierophant:RepressedViolence","hierophant:Doomsaying","hierophant:OrnateJavelin","hierophant:FaithHealing","hierophant:Levitation+1","hierophant:Rebuild","hierophant:Chorus","hierophant:Kindle","hierophant:Flagellation+1","hierophant:FlamingChariot"],"relics":["Snecko Eye","Golden Idol","Bronze Scales","Pantograph","Runesmith:Nanobots","Runic Dome"],"acts_visited":["Exordium","TheCity"],"potions_floor_usage":[7,16,22],"damage_taken":[{"damage":0,"enemies":"Cultist","floor":1,"turns":2},{"damage":1,"enemies":"Jaw Worm","floor":4,"turns":2},{"damage":0,"enemies":"2 Louse","floor":5,"turns":1},{"damage":5,"enemies":"Exordium Thugs","floor":7,"turns":2},{"damage":0,"enemies":"3 Louse","floor":11,"turns":1},{"damage":0,"enemies":"Looter","floor":13,"turns":2},{"damage":14,"enemies":"Lagavulin","floor":14,"turns":4},{"damage":48,"enemies":"The Guardian","floor":16,"turns":9},{"damage":7,"enemies":"Shell Parasite","floor":18,"turns":4},{"damage":5,"enemies":"Spheric Guardian","floor":20,"turns":3},{"damage":50,"enemies":"Cultist and Chosen","floor":21,"turns":7},{"damage":15,"enemies":"Snecko","floor":22,"turns":2}],"seed_played":"-1319572776304054839","potions_obtained":[{"floor":4,"key":"Swift Potion"},{"floor":5,"key":"SkillPotion"},{"floor":18,"key":"PowerPotion"},{"floor":21,"key":"Weak Potion"}],"is_trial":false,"path_per_floor":["M","?","T","M","M","R","M","R","T","R","M","?","M","E","R","B",null,"M","?","M","M","M"],"character_chosen":"HIEROPHANT","items_purchased":[],"campfire_rested":0,"item_purchase_floors":[],"current_hp_per_floor":[75,57,57,56,56,56,51,51,51,51,51,51,51,37,37,14,75,68,68,63,13,0,0],"gold":357,"neow_bonus":"BOSS_RELIC","is_daily":false,"chose_seed":false,"campfire_upgraded":4,"win_rate":0.0,"timestamp":1613568018,"path_taken":["M","?","?","M","M","R","?","R","T","R","M","?","M","E","R","BOSS","M","?","?","M","M"],"items_purchased_type":[],"build_version":"2020-12-22","purchased_purges":0,"victory":false,"max_hp_per_floor":[75,75,75,75,75,75,75,75,75,75,75,75,75,75,75,75,75,75,75,75,75,75,75],"card_choices":[{"not_picked":["hierophant:AuricBeam","hierophant:RecallFunds"],"picked":"hierophant:Flagellation","floor":1},{"not_picked":["hierophant:FieryStrike","hierophant:Smite"],"picked":"hierophant:FlamingChariot","floor":4},{"not_picked":["hierophant:SealAway","hierophant:Charity"],"picked":"hierophant:SecretStash","floor":5},{"not_picked":["hierophant:Smite","hierophant:TollTheBells"],"picked":"hierophant:RepressedViolence","floor":7},{"not_picked":["hierophant:HammerAndAnvil","hierophant:SealAway"],"picked":"hierophant:RepressedViolence","floor":11},{"not_picked":[],"picked":"hierophant:Doomsaying","floor":12},{"not_picked":[],"picked":"hierophant:OrnateJavelin","floor":12},{"not_picked":[],"picked":"hierophant:FaithHealing","floor":12},{"not_picked":[],"picked":"hierophant:Levitation","floor":12},{"not_picked":["hierophant:PristineSoul","hierophant:Doubloon"],"picked":"hierophant:Rebuild","floor":13},{"not_picked":["hierophant:Remorse","hierophant:Doubloon"],"picked":"hierophant:Chorus","floor":14},{"not_picked":["hierophant:Cornucopia","hierophant:Batter"],"picked":"hierophant:Kindle","floor":16},{"not_picked":["hierophant:HammerAndAnvil","hierophant:Endure","hierophant:BulkyChest"],"picked":"SKIP","floor":18},{"not_picked":["hierophant:HammerAndAnvil","hierophant:CursedGold"],"picked":"hierophant:Flagellation+1","floor":20},{"not_picked":["hierophant:RecallFunds","hierophant:Sermon"],"picked":"hierophant:FlamingChariot","floor":21}],"player_experience":131861,"relics_obtained":[{"floor":3,"key":"Bronze Scales"},{"floor":9,"key":"Pantograph"},{"floor":14,"key":"Runesmith:Nanobots"}],"event_choices":[{"damage_healed":0,"gold_gain":0,"player_choice":"Take Damage","damage_taken":18,"relics_obtained":["Golden Idol"],"max_hp_gain":0,"max_hp_loss":0,"event_name":"Golden Idol","floor":2,"gold_loss":0},{"damage_healed":0,"gold_gain":0,"player_choice":"Upgraded","damage_taken":0,"max_hp_gain":0,"max_hp_loss":0,"event_name":"Upgrade Shrine","floor":19,"gold_loss":0,"cards_upgraded":["hierophant:Punish"]}],"is_beta":false,"boss_relics":[{"not_picked":["Philosopher\u0027s Stone","Runic Pyramid"],"picked":"Runic Dome"}],"items_purged_floors":[],"is_endless":false,"potions_floor_spawned":[4,5,18,21],"killed_by":"Snecko","ascension_level":0}}