{"host":"q57ekfojy3i00x9o","time":1613572417,"event":{"mods":["Act Like it!","Arknights","Aspiration","BaseMod","Colored Map","Energized Spire","Hermit","Minty Spire (QoL Compilation)","Quick Restart","Spicy Shops","Spikes Relics","StSLib","slay the spire mod where everything is the same but ironclad has a cowboy hat"],"gold_per_floor":[111,84,99,99,24,50,125,155,181,211,211,211],"floor_reached":11,"language":"RUS","playtime":199,"items_purged":[],"score":177,"play_id":"7a2d37c7-2217-461e-81af-242c86f8d188","local_time":"20210217193337","is_ascension_mode":true,"campfire_choices":[],"circlet_count":0,"master_deck":["AscendersBane","ats:Strike C","ats:Strike G","ats:Strike S","ats:Strike V","ats:Armor Crushing Shot","ats:Defend","ats:Defend","ats:Defend","ats:Defend","ats:Emotion Absorption","ats:Explosion Area Strengthen","ats:Cat Scratch","ats:Curse Doll+1","ats:Powerful Strike","BlessedFruit","BlessedFruit","ats:Flexible Camouflage","ats:Blood Oath"],"relics":["ats:Sanity","NeowsBlessing","ats:Originium","HeavenlyBonsai","ats:Hidden Killer","Nunchaku"],"acts_visited":["Exordium"],"potions_floor_usage":[],"damage_taken":[{"damage":0,"enemies":"Small Slimes","floor":1,"turns":1},{"damage":0,"enemies":"2 Louse","floor":3,"turns":1},{"damage":0,"enemies":"Gremlin Nob","floor":6,"turns":1},{"damage":35,"enemies":"Lagavulin","floor":8,"turns":5},{"damage":28,"enemies":"Gremlin Nob","floor":11,"turns":3}],"seed_played":"-5787124129239402051","potions_obtained":[],"is_trial":false,"path_per_floor":["M","$","M","?","$","E","?","E","T","?","E"],"character_chosen":"DOCTOR_CLASS","items_purchased":["ats:Cat Scratch","ats:Powerful Strike"],"campfire_rested":0,"item_purchase_floors":[2,5],"current_hp_per_floor":[65,65,65,65,65,65,54,21,21,21,0,0],"gold":211,"neow_bonus":"THREE_ENEMY_KILL","is_daily":false,"chose_seed":false,"campfire_upgraded":0,"win_rate":0.0,"timestamp":1613572417,"path_taken":["M","$","M","?","$","E","?","E","T","?","E"],"items_purchased_type":["Card","Card"],"build_version":"2020-12-22","purchased_purges":0,"victory":false,"max_hp_per_floor":[72,72,72,72,72,72,72,74,74,74,75,75],"card_choices":[{"not_picked":["ats:Composite Medical Shells","ats:Ignite"],"picked":"ats:Explosion Area Strengthen","floor":1},{"not_picked":["ats:Guard Mode","ats:Very Hot Blade"],"picked":"ats:Curse Doll","floor":3},{"not_picked":["ats:Directed Diagnosis","ats:Healing Drone"],"picked":"ats:Flexible Camouflage","floor":6},{"not_picked":["ats:Apocalypse","ats:Hammer On"],"picked":"ats:Blood Oath","floor":8}],"player_experience":776969,"relics_obtained":[{"floor":6,"key":"ats:Originium"},{"floor":6,"key":"HeavenlyBonsai"},{"floor":8,"key":"ats:Originium"},{"floor":8,"key":"ats:Hidden Killer"},{"floor":9,"key":"Nunchaku"}],"event_choices":[{"damage_healed":0,"gold_gain":0,"player_choice":"Grow","damage_taken":0,"max_hp_gain":0,"max_hp_loss":0,"event_name":"Living Wall","floor":4,"gold_loss":0,"cards_upgraded":["ats:Curse Doll"]},{"damage_healed":0,"gold_gain":75,"player_choice":"Gather Gold","damage_taken":11,"max_hp_gain":0,"max_hp_loss":0,"event_name":"World of Goop","floor":7,"gold_loss":0},{"damage_healed":0,"gold_gain":30,"player_choice":"Searched \u00271\u0027 times","damage_taken":0,"max_hp_gain":0,"max_hp_loss":0,"event_name":"Dead Adventurer","floor":10,"gold_loss":0}],"is_beta":false,"boss_relics":[],"items_purged_floors":[],"is_endless":false,"potions_floor_spawned":[],"killed_by":"Gremlin Nob","ascension_level":14}}