{"host":"i0avyit1s6jb1siw","time":1613568230,"event":{"mods":["BaseMod","DeckTracker","Dota2Spire","Highlight Path","Minty Spire (QoL Compilation)","Quick Restart","StSLib","SuperFastMode"],"gold_per_floor":[110,126,126,138,149,149,21,70,93,148,148,178,48,89,89,193,193,193,299,299,347,363,11,52,94,94,129,203,229,229,294,341,471,471,514,514,621,621,671,671,445,458,505,551,255,255,318,318,318,380,72,137,212,212,242,272,272,272,57,116,146],"floor_reached":62,"language":"ENG","playtime":2231,"items_purged":["Strike_R","Strike_R","Strike_R","Bash","Cleave+1"],"score":3838,"play_id":"a7b53b86-b5d7-4b14-868a-b5ca748ed459","local_time":"20210217142350","is_ascension_mode":true,"campfire_choices":[{"data":"Feed","floor":6.0,"key":"SMITH"},{"data":"Cleave","floor":11.0,"key":"SMITH"},{"data":"Disarm","floor":15.0,"key":"SMITH"},{"floor":18.0,"key":"REST"},{"floor":26,"key":"REST"},{"floor":34,"key":"RECALL"},{"floor":36,"key":"REST"},{"floor":46,"key":"REST"},{"floor":49,"key":"REST"},{"floor":54,"key":"REST"},{"floor":58,"key":"REST"}],"circlet_count":0,"master_deck":["AscendersBane","Defend_R","Defend_R","Defend_R","Defend_R","Shockwave","Headbutt","Feed+1","Disarm+1","Wild Strike","Shrug It Off","Pommel Strike+1","Immolate+1","Barricade","True Grit+1","Power Through","Body Slam","Flame Barrier","Burning Pact+1","Shrug It Off","Shrug It Off","Corruption","Power Through+1","Armaments+1","Dark Embrace","Pommel Strike+1","Second Wind+1","Sentinel","Feel No Pain","Burning Pact","Shrug It Off"],"relics":["Black Blood","Dota2Spire:HandOfMidas","PreservedInsect","Dota2Spire:UrnOfShadows","Oddly Smooth Stone","Fusion Hammer","Black Star","Membership Card","Vajra","Dota2Spire:BlackKingBar","Whetstone","Toy Ornithopter","Dota2Spire:HeartOfTarrasque","Meat on the Bone","Orrery","Omamori","TheAbacus","Bag of Preparation","Turnip","Dota2Spire:EchoSabre","Lantern","War Paint","Pear","Dota2Spire:ArcaneBoots","Dota2Spire:Vanguard","Dota2Spire:ShivaGuard","Toolbox","Dota2Spire:BladeMail","Boot","Blood Vial"],"acts_visited":["Exordium","TheCity","TheBeyond","TheEnding"],"potions_floor_usage":[26,32,33,37,37,45,53,61],"damage_taken":[{"damage":12.0,"enemies":"Small Slimes","floor":1.0,"turns":4.0},{"damage":0.0,"enemies":"Cultist","floor":2.0,"turns":4.0},{"damage":6.0,"enemies":"2 Louse","floor":4.0,"turns":2.0},{"damage":4.0,"enemies":"Gremlin Gang","floor":5.0,"turns":4.0},{"damage":12.0,"enemies":"2 Fungi Beasts","floor":8.0,"turns":3.0},{"damage":21.0,"enemies":"Lagavulin","floor":10.0,"turns":6.0},{"damage":34.0,"enemies":"Gremlin Nob","floor":12.0,"turns":4.0},{"damage":14.0,"enemies":"Large Slime","floor":14.0,"turns":7.0},{"damage":18.0,"enemies":"The Guardian","floor":16.0,"turns":16.0},{"damage":9.0,"enemies":"The Guardian","floor":19.0,"turns":11.0},{"damage":32.0,"enemies":"Shell Parasite","floor":21.0,"turns":6.0},{"damage":12.0,"enemies":"2 Thieves","floor":22.0,"turns":4.0},{"damage":41.0,"enemies":"Cultist and Chosen","floor":24.0,"turns":6.0},{"damage":14.0,"enemies":"Snake Plant","floor":25.0,"turns":5.0},{"damage":24,"enemies":"Slavers","floor":27,"turns":3},{"damage":19,"enemies":"Centurion and Healer","floor":28,"turns":15},{"damage":24,"enemies":"Gremlin Leader","floor":31,"turns":7},{"damage":15,"enemies":"Shelled Parasite and Fungi","floor":32,"turns":10},{"damage":0,"enemies":"Colosseum Slavers","floor":33,"turns":2},{"damage":5,"enemies":"Colosseum Nobs","floor":33,"turns":4},{"damage":7,"enemies":"Snecko","floor":35,"turns":8},{"damage":9,"enemies":"Automaton","floor":37,"turns":13},{"damage":11,"enemies":"3 Shapes","floor":39,"turns":6},{"damage":8,"enemies":"3 Darklings","floor":42,"turns":4},{"damage":0,"enemies":"4 Shapes","floor":43,"turns":6},{"damage":33,"enemies":"Spire Growth","floor":44,"turns":4},{"damage":15,"enemies":"Nemesis","floor":47,"turns":7},{"damage":52,"enemies":"Reptomancer","floor":50,"turns":7},{"damage":29,"enemies":"Nemesis","floor":52,"turns":5},{"damage":33,"enemies":"2 Orb Walkers","floor":53,"turns":5},{"damage":29,"enemies":"Donu and Deca","floor":55,"turns":12},{"damage":0,"enemies":"Time Eater","floor":56,"turns":7},{"damage":0,"enemies":"Shield and Spear","floor":60,"turns":7},{"damage":0,"enemies":"The Heart","floor":61,"turns":8}],"seed_played":"-7915518222531797608","potions_obtained":[{"floor":4.0,"key":"Fire Potion"},{"floor":5.0,"key":"Energy Potion"},{"floor":8.0,"key":"SmokeBomb"},{"floor":14.0,"key":"Weak Potion"},{"floor":16.0,"key":"LiquidMemories"},{"floor":19.0,"key":"SkillPotion"},{"floor":22.0,"key":"Fruit Juice"},{"floor":25.0,"key":"SkillPotion"},{"floor":28,"key":"AttackPotion"},{"floor":31,"key":"DistilledChaos"},{"floor":35,"key":"EntropicBrew"},{"floor":43,"key":"Fruit Juice"},{"floor":50,"key":"BlessingOfTheForge"}],"is_trial":false,"path_per_floor":["M","M","?","M","M","R","?","M","T","E","R","E","$","M","R","B",null,"R","B",null,"M","M","$","M","M","R","E","M","T","?","E","M","?","R","M","R","B",null,"M","?","$","M","M","M","$","R","E","T","R","E","$","E","?","R","B","B",null,"R","$","E","B",null],"character_chosen":"IRONCLAD","items_purchased":["Shrug It Off","Power Through","Membership Card","Body Slam","Fruit Juice","Orrery","Omamori","TheAbacus","Bag of Preparation","FairyPotion","Pear","Feel No Pain","Burning Pact","Shrug It Off","Toolbox","Dota2Spire:BladeMail","ColorlessPotion"],"campfire_rested":7,"item_purchase_floors":[13,23,23,23,23,41,41,45,45,45,51,51,51,59,59,59,59],"current_hp_per_floor":[62,68,68,68,73,73,73,71,71,56,56,32,32,28,28,22,22,49,46,79,57,55,60,28,24,62,47,44,44,44,30,36,67,67,86,129,141,143,148,148,148,148,152,131,141,157,161,161,161,125,135,118,106,159,168,179,179,179,179,183,183],"gold":146,"neow_bonus":"REMOVE_CARD","is_daily":false,"chose_seed":false,"campfire_upgraded":3,"win_rate":0.0,"timestamp":1613568230,"path_taken":["M","M","?","?","M","R","?","M","T","E","R","E","$","M","R","BOSS","R","BOSS","M","?","$","M","M","R","E","M","T","?","E","M","?","R","M","R","BOSS","M","?","$","?","M","M","$","R","E","T","R","E","?","E","?","R","BOSS","BOSS","R","$","E","BOSS"],"items_purchased_type":["Card","Card","Relic","Card","Potion","Relic","Relic","Relic","Relic","Potion","Relic","Card","Card","Card","Relic","Relic","Potion"],"build_version":"2020-12-22","purchased_purges":5,"victory":true,"max_hp_per_floor":[75,75,75,75,78,78,78,82,82,82,82,86,86,90,90,90,90,90,90,90,94,98,103,103,107,112,112,116,116,116,120,124,140,140,144,144,144,144,148,148,148,148,152,152,157,157,161,161,161,165,175,175,179,179,179,179,179,179,179,183,183],"card_choices":[{"not_picked":["Sword Boomerang","Headbutt"],"picked":"Shockwave","floor":1.0},{"not_picked":["Shockwave","Rage"],"picked":"Headbutt","floor":2.0},{"not_picked":["Combust","Clash"],"picked":"Feed","floor":4.0},{"not_picked":["Heavy Blade","Dual Wield"],"picked":"Cleave","floor":5.0},{"not_picked":["Warcry","True Grit"],"picked":"Disarm","floor":8.0},{"not_picked":["Havoc","Infernal Blade"],"picked":"Wild Strike","floor":10.0},{"not_picked":["Cleave","Clash","Twin Strike"],"picked":"SKIP","floor":12.0},{"not_picked":["Clothesline","Limit Break"],"picked":"Pommel Strike","floor":14.0},{"not_picked":["Impervious","Bludgeon"],"picked":"Immolate","floor":16.0},{"not_picked":["Offering","Double Tap"],"picked":"Barricade","floor":19.0},{"not_picked":["Flex","Heavy Blade"],"picked":"True Grit","floor":21.0},{"not_picked":["True Grit","Shockwave","Headbutt"],"picked":"SKIP","floor":22.0},{"not_picked":["Anger+1","Perfected Strike","Cleave"],"picked":"SKIP","floor":24.0},{"not_picked":["Perfected Strike","Ghostly Armor"],"picked":"Flame Barrier","floor":25.0},{"not_picked":["Iron Wave","Clothesline","Ghostly Armor"],"picked":"SKIP","floor":27},{"not_picked":["Thunderclap","Perfected Strike+1"],"picked":"Burning Pact+1","floor":28},{"not_picked":["Body Slam","Perfected Strike"],"picked":"Shrug It Off","floor":31},{"not_picked":["Barricade","Anger","Armaments"],"picked":"SKIP","floor":32},{"not_picked":["Headbutt","Demon Form","Iron Wave"],"picked":"SKIP","floor":35},{"not_picked":["Immolate","Juggernaut"],"picked":"Corruption","floor":37},{"not_picked":["Twin Strike","Body Slam+1"],"picked":"Power Through+1","floor":39},{"not_picked":["Flex","Seeing Red+1"],"picked":"Armaments+1","floor":41},{"not_picked":["Headbutt","Burning Pact"],"picked":"Dark Embrace","floor":41},{"not_picked":["Dual Wield","Hemokinesis"],"picked":"Pommel Strike+1","floor":41},{"not_picked":["Thunderclap","Twin Strike","Blood for Blood"],"picked":"SKIP","floor":42},{"not_picked":["Bludgeon","Pommel Strike"],"picked":"Second Wind","floor":43},{"not_picked":["Headbutt","Clash","Cleave"],"picked":"SKIP","floor":44},{"not_picked":["Dual Wield","Body Slam"],"picked":"Sentinel","floor":47},{"not_picked":["Demon Form","Sever Soul","Havoc+1"],"picked":"SKIP","floor":50},{"not_picked":["Anger","Warcry","Clothesline"],"picked":"SKIP","floor":52},{"not_picked":["Brutality","Clash+1","Headbutt"],"picked":"SKIP","floor":60}],"player_experience":2445985,"relics_obtained":[{"floor":9.0,"key":"PreservedInsect"},{"floor":10.0,"key":"Dota2Spire:UrnOfShadows"},{"floor":12.0,"key":"Oddly Smooth Stone"},{"floor":27,"key":"Vajra"},{"floor":27,"key":"Dota2Spire:BlackKingBar"},{"floor":29,"key":"Whetstone"},{"floor":31,"key":"Toy Ornithopter"},{"floor":33,"key":"Dota2Spire:HeartOfTarrasque"},{"floor":33,"key":"Meat on the Bone"},{"floor":47,"key":"Turnip"},{"floor":47,"key":"Dota2Spire:EchoSabre"},{"floor":50,"key":"Lantern"},{"floor":50,"key":"War Paint"},{"floor":52,"key":"Dota2Spire:ArcaneBoots"},{"floor":52,"key":"Dota2Spire:Vanguard"},{"floor":53,"key":"Dota2Spire:ShivaGuard"},{"floor":60,"key":"Boot"},{"floor":60,"key":"Blood Vial"}],"event_choices":[{"cards_removed":["Strike_R"],"damage_healed":0.0,"max_hp_gain":0.0,"max_hp_loss":0.0,"gold_gain":0.0,"event_name":"Bonfire Elementals","player_choice":"Offered Basic","floor":3.0,"gold_loss":0.0,"damage_taken":0.0},{"damage_healed":0.0,"max_hp_gain":0.0,"max_hp_loss":0.0,"gold_gain":0.0,"event_name":"WeMeetAgain","player_choice":"Paid Gold","floor":7.0,"gold_loss":128.0,"damage_taken":0.0,"relics_obtained":["Dota2Spire:HandOfMidas"]},{"damage_healed":0,"gold_gain":0,"player_choice":"Read","damage_taken":0,"max_hp_gain":0,"max_hp_loss":0,"event_name":"The Library","floor":30,"gold_loss":0,"cards_obtained":["Shrug It Off"]},{"damage_healed":0,"gold_gain":0,"player_choice":"Fight","damage_taken":0,"max_hp_gain":0,"max_hp_loss":0,"event_name":"Colosseum","floor":33,"gold_loss":0},{"damage_healed":0,"gold_gain":0,"player_choice":"Fought Nobs","damage_taken":0,"max_hp_gain":0,"max_hp_loss":0,"event_name":"Colosseum","floor":33,"gold_loss":0},{"damage_healed":0,"gold_gain":0,"player_choice":"Ignored","damage_taken":0,"max_hp_gain":0,"max_hp_loss":0,"event_name":"SecretPortal","floor":40,"gold_loss":0},{"damage_healed":0,"gold_gain":0,"player_choice":"Fight","damage_taken":0,"max_hp_gain":0,"max_hp_loss":0,"event_name":"Mysterious Sphere","floor":53,"gold_loss":0}],"is_beta":false,"boss_relics":[{"not_picked":["Empty Cage","Mark of Pain"],"picked":"Fusion Hammer"},{"not_picked":["Tiny House","Coffee Dripper"],"picked":"Black Star"},{"not_picked":["Runic Dome","Busted Crown"],"picked":"Black Blood"}],"items_purged_floors":[13,23,41,45,51],"is_endless":false,"potions_floor_spawned":[4,5,8,14,16,19,22,25,28,31,33,35,43,50,52],"ascension_level":20}}