{"host":"oeeu8njhzvf3llor","time":1613588691,"event":{"mods":["BaseMod","Better Match","Better Note","Better Skull","Better Third Choice","Hubris","Minty Spire (QoL Compilation)","Rare Cards Sparkle","Replay The Spire","Shop Mod","Spicy Shops","StSLib","Swap Starting Deck Mod"],"gold_per_floor":[118,118,118,132,144,175,175,233,233,250,70,70,105,119,119,217,217,232,14,14,31,31,60,60,90,90,125,144,162,162,173,173,274,274,289,307,307,325,344,344,373,373,373,373,154,187,202,55,55,55,55,55,55,86,86,86],"floor_reached":55,"language":"ENG","playtime":1996,"items_purged":[],"score":1381,"play_id":"168e24de-1ae3-4ae5-a296-80d803891c59","local_time":"20210217140451","is_ascension_mode":true,"campfire_choices":[{"data":"Noxious Fumes","floor":7.0,"key":"SMITH"},{"data":"Sadistic Nature","floor":12.0,"key":"SMITH"},{"data":"1","floor":15.0,"key":"LIFT"},{"data":"2","floor":30,"key":"LIFT"},{"floor":32,"key":"REST"},{"floor":40,"key":"RECALL"},{"data":"3","floor":42,"key":"LIFT"},{"data":"Self Repair","floor":44,"key":"SMITH"},{"data":"Deadly Poison","floor":49,"key":"SMITH"},{"data":"Poisoned Stab","floor":52,"key":"SMITH"}],"circlet_count":0,"master_deck":["Poisoned Stab","Poisoned Stab+1","Poisoned Stab","Poisoned Stab","Deflect","Deflect","Deflect","Deflect+1","Deadly Poison+1","Venomology","Poisoned Stab+1","Noxious Fumes+1","Sadistic Nature+1","Backstab","A Thousand Cuts+1","hubris:EnhanceAbility+1","Self Repair+1","Parasite","Deadly Poison+1","Feel No Pain+1","Catalyst+1"],"relics":["Ring of the Snake","swapstartingdeckmod:Bellows","Durian","Girya","Golden Egg","Ring of Chaos","Snake Skull","PrismaticShard","Bird Faced Urn","Bottled Lightning","Iron Hammer","Pen Nib","hubris:Backtick","Charon\u0027s Ashes","BranchBurnRelic","Ancient Tea Set","Bronze Scales","Mango","ReplayTheSpireMod:TigerMarble","Replay:Arrowhead"],"acts_visited":["Exordium","TheCity","TheBeyond","TheEnding"],"potions_floor_usage":[23,25,27,28,29,31,33,35,36,38,39,41,50,50,50,55,55],"damage_taken":[{"damage":0.0,"enemies":"2 Louse","floor":1.0,"turns":2.0},{"damage":2.0,"enemies":"Small Slimes","floor":4.0,"turns":3.0},{"damage":0.0,"enemies":"Jaw Worm","floor":5.0,"turns":2.0},{"damage":12.0,"enemies":"Gremlin Nob","floor":6.0,"turns":3.0},{"damage":2.0,"enemies":"Red Slaver","floor":10.0,"turns":2.0},{"damage":10.0,"enemies":"Lagavulin","floor":13.0,"turns":4.0},{"damage":0.0,"enemies":"Looter","floor":14.0,"turns":2.0},{"damage":20.0,"enemies":"Hexaghost","floor":16.0,"turns":5.0},{"damage":10,"enemies":"Chosen","floor":18,"turns":3},{"damage":0,"enemies":"3 Byrds","floor":21,"turns":2},{"damage":23,"enemies":"Slavers","floor":23,"turns":5},{"damage":12,"enemies":"Book of Stabbing","floor":25,"turns":4},{"damage":25,"enemies":"Slavers","floor":27,"turns":3},{"damage":6,"enemies":"Shelled Parasite and Fungi","floor":28,"turns":3},{"damage":6,"enemies":"Chosen and Byrds","floor":29,"turns":3},{"damage":17,"enemies":"Centurion and Healer","floor":31,"turns":3},{"damage":16,"enemies":"Pondfish","floor":33,"turns":7},{"damage":9,"enemies":"3 Shapes","floor":35,"turns":3},{"damage":4,"enemies":"Orb Walker","floor":36,"turns":2},{"damage":21,"enemies":"Spire Growth","floor":38,"turns":4},{"damage":0,"enemies":"Writhing Mass","floor":39,"turns":4},{"damage":26,"enemies":"R_Hoarder","floor":41,"turns":6},{"damage":37,"enemies":"Nemesis","floor":46,"turns":7},{"damage":0,"enemies":"Transient","floor":47,"turns":5},{"damage":92,"enemies":"Awakened One","floor":50,"turns":6},{"damage":56,"enemies":"Shield and Spear","floor":54,"turns":5},{"damage":100,"enemies":"The Heart","floor":55,"turns":5}],"seed_played":"1644383054611641757","potions_obtained":[{"floor":10.0,"key":"Block Potion"},{"floor":21,"key":"LiquidMemories"},{"floor":39,"key":"DistilledChaos"},{"floor":54,"key":"Milkshake"}],"is_trial":false,"path_per_floor":["M","?","?","M","M","E","R","?","T","M","$","R","E","M","R","B",null,"M","$","?","M","$","E","?","E","T","E","M","M","R","M","R","B",null,"M","M","?","M","M","R","E","R","T","R","$","E","M","$","R","B",null,"R","$","E","B"],"character_chosen":"THE_SILENT","items_purchased":["Sadistic Nature","Snake Skull","PrismaticShard","Ancient Tea Set","Bronze Scales","ReplayTheSpireMod:TigerMarble"],"campfire_rested":1,"item_purchase_floors":[11,19,19,45,45,48],"current_hp_per_floor":[70,56,61,59,59,52,52,52,52,50,50,50,40,40,40,20,80,70,70,90,90,90,67,67,61,61,51,53,53,53,44,71,72,90,90,90,90,87,90,90,70,70,70,70,70,72,94,94,94,36,104,104,104,75,0,0],"gold":86,"neow_bonus":"","is_daily":false,"chose_seed":false,"campfire_upgraded":5,"win_rate":0.0,"timestamp":1613588691,"path_taken":["M","?","?","M","M","E","R","?","T","M","$","R","E","M","R","BOSS","M","$","?","?","$","E","?","E","T","E","M","M","R","M","R","BOSS","M","M","?","?","M","R","E","R","T","R","$","E","M","$","R","BOSS","R","$","E","BOSS"],"items_purchased_type":["Card","Relic","Relic","Relic","Relic","Relic"],"build_version":"2020-12-22","purchased_purges":0,"victory":false,"max_hp_per_floor":[70,70,75,75,75,80,80,80,80,80,80,80,80,80,80,80,80,80,80,90,90,90,90,90,90,90,90,90,90,90,90,90,90,90,90,90,90,90,90,90,90,90,90,90,90,104,104,104,104,104,104,104,104,104,104,104],"card_choices":[{"not_picked":["Sneak Up","Outmaneuver","Acrobatics"],"picked":"SKIP","floor":1.0},{"not_picked":["Backflip","Dash"],"picked":"Poisoned Stab","floor":4.0},{"not_picked":["Sneak Up","ReplayTheSpireMod:Tripwire"],"picked":"Noxious Fumes","floor":5.0},{"not_picked":["Prepared","hubris:SlightOfHand"],"picked":"Die Die Die","floor":6.0},{"not_picked":["Outmaneuver","Underhanded Strike","Flechettes"],"picked":"SKIP","floor":10.0},{"not_picked":["Dash","Predator","Heel Hook"],"picked":"SKIP","floor":13.0},{"not_picked":["Tactician","Accuracy"],"picked":"Backstab","floor":14.0},{"not_picked":["ReplayTheSpireMod:Necrosis","Die Die Die"],"picked":"A Thousand Cuts","floor":16.0},{"not_picked":["Dash","Cloak And Dagger","Prepared"],"picked":"SKIP","floor":18},{"not_picked":["ReplayTheSpireMod:Exploit Weakness","Metallicize","Crescendo"],"picked":"SKIP","floor":21},{"not_picked":["Headbutt","Beam Cell"],"picked":"SashWhip+1","floor":23},{"not_picked":["Wild Strike+1","Dark Embrace","Gash"],"picked":"SKIP","floor":25},{"not_picked":["Conserve Battery","Ball Lightning"],"picked":"hubris:EnhanceAbility","floor":27},{"not_picked":["Replay:AtTheReady","Turbo"],"picked":"Self Repair","floor":28},{"not_picked":["Skewer","hubris:Counter","ReplayTheSpireMod:LeadingStrike"],"picked":"SKIP","floor":29},{"not_picked":["DeusExMachina","Carnage","ReplayTheSpireMod:Exploit Weakness"],"picked":"SKIP","floor":31},{"not_picked":["Reinforced Body+1","Cloak And Dagger+1","Clothesline+1"],"picked":"SKIP","floor":35},{"not_picked":["Study+1","Underhanded Strike+1","Dagger Spray+1"],"picked":"SKIP","floor":36},{"not_picked":["Crescendo+1","Deep Breath","Pommel Strike"],"picked":"SKIP","floor":38},{"not_picked":["Sucker Punch+1","Replay:ManipulateFuture"],"picked":"Deadly Poison+1","floor":39},{"not_picked":["Uppercut","Deadly Poison+1"],"picked":"Feel No Pain+1","floor":41},{"not_picked":["Panic Button","Hologram","Prepared+1"],"picked":"SKIP","floor":46},{"not_picked":["SashWhip","Cold Snap+1"],"picked":"Catalyst+1","floor":47},{"not_picked":["Impatience+1","Transmutation","Accuracy+1"],"picked":"SKIP","floor":54}],"player_experience":519567,"relics_obtained":[{"floor":6.0,"key":"Durian"},{"floor":9.0,"key":"Girya"},{"floor":13.0,"key":"Golden Egg"},{"floor":23,"key":"Bird Faced Urn"},{"floor":25,"key":"Bottled Lightning"},{"floor":26,"key":"Iron Hammer"},{"floor":27,"key":"Pen Nib"},{"floor":41,"key":"Dead Branch"},{"floor":46,"key":"Mango"},{"floor":54,"key":"Replay:Arrowhead"}],"event_choices":[{"damage_healed":70.0,"max_hp_gain":0.0,"max_hp_loss":70.0,"gold_gain":0.0,"event_name":"betterThird:BetterShining","player_choice":"Upgrade","floor":2.0,"gold_loss":0.0,"damage_taken":14.0,"cards_upgraded":["Deflect","Poisoned Stab"]},{"damage_healed":0.0,"max_hp_gain":5.0,"max_hp_loss":0.0,"gold_gain":0.0,"event_name":"Big Fish","player_choice":"Donut","floor":3.0,"gold_loss":0.0,"damage_taken":0.0},{"damage_healed":0.0,"max_hp_gain":0.0,"max_hp_loss":0.0,"gold_gain":58.0,"event_name":"Golden Wing","player_choice":"Gained Gold","floor":8.0,"gold_loss":0.0,"damage_taken":0.0},{"cards_removed":["Die Die Die"],"damage_healed":10,"gold_gain":0,"player_choice":"Offered Rare","damage_taken":0,"max_hp_gain":10,"max_hp_loss":0,"event_name":"Bonfire Elementals","floor":20,"gold_loss":0},{"damage_healed":0,"gold_gain":0,"player_choice":"Bought 0 Potions","damage_taken":0,"max_hp_gain":0,"max_hp_loss":0,"event_name":"The Woman in Blue","floor":24,"gold_loss":0},{"cards_removed":["SashWhip"],"damage_healed":0,"gold_gain":0,"player_choice":"Purged","damage_taken":0,"max_hp_gain":0,"max_hp_loss":0,"event_name":"Purifier","floor":37,"gold_loss":0}],"is_beta":false,"boss_relics":[{"not_picked":["hubris:GrandSneckoEye","Replay:Drink Me"],"picked":"Ring of Chaos"},{"not_picked":["Abe\u0027s Treasure","hubris:ScarierMask"],"picked":"hubris:Backtick"}],"items_purged_floors":[],"is_endless":false,"potions_floor_spawned":[10,13,16,18,21,27,28,36,39,47,54],"killed_by":"The Heart","ascension_level":1}}