{"host":"dg9bmj64xsaxvoc5","time":1613534417,"event":{"mods":["AchievementEnabler","BaseMod","Highlight Path","Minty Spire (QoL Compilation)","Quick Restart","Relic Stats"],"gold_per_floor":[117,129,145,145,145,145,163,190,190,204,96,96,171,191,191,291,291,304,314,314,332,332,359,359,359,412,327,327,69,92,112,112,112,112],"floor_reached":33,"language":"ENG","playtime":1159,"items_purged":["Strike_R","Strike_R"],"score":265,"play_id":"426696ac-6fff-4088-95e9-62a2e7fb728d","local_time":"20210216230017","is_ascension_mode":false,"campfire_choices":[{"data":"Heavy Blade","floor":6,"key":"SMITH"},{"data":"Dropkick","floor":12,"key":"SMITH"},{"floor":15,"key":"REST"},{"floor":24,"key":"REST"},{"floor":28,"key":"REST"},{"data":"Seeing Red","floor":32,"key":"SMITH"}],"circlet_count":0,"master_deck":["Strike_R+1","Strike_R+1","Strike_R","Defend_R","Defend_R","Defend_R","Bash","Thunderclap","Flex","Heavy Blade+1","Flex","Dropkick+1","Thunderclap","Shrug It Off","Reaper","Cleave","Inflame","Pummel","Pummel","Bludgeon","Seeing Red+1"],"relics":["Burning Blood","NeowsBlessing","Dream Catcher","Ornamental Fan","Whetstone","Eternal Feather","Philosopher\u0027s Stone","MutagenicStrength","Bottled Flame","Nilry\u0027s Codex","Anchor","Kunai","Strawberry"],"acts_visited":["Exordium","TheCity"],"potions_floor_usage":[8,16,19,23,33,33],"damage_taken":[{"damage":0,"enemies":"Cultist","floor":1,"turns":1},{"damage":0,"enemies":"Jaw Worm","floor":2,"turns":1},{"damage":0,"enemies":"2 Louse","floor":3,"turns":1},{"damage":18,"enemies":"Gremlin Gang","floor":7,"turns":4},{"damage":19,"enemies":"Lagavulin","floor":8,"turns":5},{"damage":9,"enemies":"Blue Slaver","floor":10,"turns":3},{"damage":11,"enemies":"3 Louse","floor":14,"turns":2},{"damage":12,"enemies":"Slime Boss","floor":16,"turns":8},{"damage":8,"enemies":"Chosen","floor":18,"turns":3},{"damage":17,"enemies":"Shell Parasite","floor":19,"turns":4},{"damage":40,"enemies":"Shelled Parasite and Fungi","floor":21,"turns":5},{"damage":47,"enemies":"Book of Stabbing","floor":23,"turns":5},{"damage":22,"enemies":"Sentry and Sphere","floor":31,"turns":4},{"damage":102,"enemies":"Collector","floor":33,"turns":9}],"seed_played":"-9081567816867784719","potions_obtained":[{"floor":7,"key":"SkillPotion"},{"floor":8,"key":"GamblersBrew"},{"floor":10,"key":"Energy Potion"},{"floor":18,"key":"Fire Potion"},{"floor":21,"key":"Weak Potion"},{"floor":31,"key":"Regen Potion"}],"is_trial":false,"path_per_floor":["M","M","M","T","?","R","M","E","T","M","$","R","?","M","R","B",null,"M","M","?","M","?","E","R","?","T","?","R","$","T","M","R","B"],"character_chosen":"IRONCLAD","items_purchased":["Dropkick","Bludgeon"],"campfire_rested":3,"item_purchase_floors":[11,29],"current_hp_per_floor":[80,80,80,80,80,80,68,55,55,52,52,58,50,45,78,72,80,80,69,69,41,41,9,42,26,26,26,62,62,69,53,65,0,0],"gold":112,"neow_bonus":"THREE_ENEMY_KILL","is_daily":false,"chose_seed":false,"campfire_upgraded":3,"win_rate":0.0,"timestamp":1613534417,"path_taken":["M","M","?","?","?","R","M","E","T","?","$","R","?","M","R","BOSS","M","?","?","?","?","E","R","?","T","?","R","$","?","M","R","BOSS"],"items_purchased_type":["Card","Card"],"build_version":"2020-12-22","purchased_purges":2,"victory":false,"max_hp_per_floor":[80,80,80,80,80,80,80,80,80,80,80,80,80,80,80,80,80,80,80,80,80,80,80,80,80,80,80,80,80,87,87,87,87,87],"relic_stats":{"Dream Catcher":3,"counters":[14,55],"Ornamental Fan":[92],"Eternal Feather":48,"Whetstone":["Strike_R","Strike_R"],"Kunai":[7],"obtain_stats":[{"NeowsBlessing":0,"Nilry\u0027s Codex":25,"Eternal Feather":9,"Whetstone":8,"Burning Blood":0,"Dream Catcher":4,"Bottled Flame":23,"Anchor":26,"Ornamental Fan":5,"MutagenicStrength":22,"Strawberry":30,"Philosopher\u0027s Stone":17,"Kunai":27},{"NeowsBlessing":0,"Nilry\u0027s Codex":12,"Eternal Feather":5,"Whetstone":5,"Burning Blood":0,"Dream Catcher":3,"Bottled Flame":12,"Anchor":12,"Ornamental Fan":3,"MutagenicStrength":11,"Strawberry":12,"Philosopher\u0027s Stone":8,"Kunai":12},{"NeowsBlessing":0,"Nilry\u0027s Codex":42,"Eternal Feather":12,"Whetstone":12,"Burning Blood":0,"Dream Catcher":3,"Bottled Flame":42,"Anchor":42,"Ornamental Fan":3,"MutagenicStrength":37,"Strawberry":42,"Philosopher\u0027s Stone":25,"Kunai":42}],"Burning Blood":54},"card_choices":[{"not_picked":["Perfected Strike","Anger"],"picked":"Thunderclap","floor":1},{"not_picked":["Clothesline","Uppercut"],"picked":"Flex","floor":2},{"not_picked":["Disarm","Berserk"],"picked":"Heavy Blade","floor":3},{"not_picked":["Anger","Iron Wave","Armaments"],"picked":"SKIP","floor":7},{"not_picked":["Wild Strike","Whirlwind"],"picked":"Flex","floor":8},{"not_picked":["Battle Trance","Combust","Fiend Fire"],"picked":"SKIP","floor":10},{"not_picked":["Pommel Strike","Flex"],"picked":"Thunderclap","floor":14},{"not_picked":["Iron Wave","Twin Strike"],"picked":"Shrug It Off","floor":15},{"not_picked":["Immolate","Barricade"],"picked":"Reaper","floor":16},{"not_picked":["Thunderclap","Second Wind+1"],"picked":"Cleave","floor":18},{"not_picked":["Twin Strike","Sentinel","Armaments+1"],"picked":"SKIP","floor":19},{"not_picked":["Shrug It Off","Perfected Strike"],"picked":"Inflame","floor":21},{"not_picked":["Searing Blow","Battle Trance"],"picked":"Pummel","floor":23},{"not_picked":["Clothesline","Armaments"],"picked":"Pummel","floor":24},{"not_picked":["Havoc+1","Bloodletting+1"],"picked":"Seeing Red","floor":31}],"player_experience":10388,"relics_obtained":[{"floor":4,"key":"Dream Catcher"},{"floor":5,"key":"Ornamental Fan"},{"floor":8,"key":"Whetstone"},{"floor":9,"key":"Eternal Feather"},{"floor":23,"key":"Bottled Flame"},{"floor":25,"key":"Nilry\u0027s Codex"},{"floor":26,"key":"Anchor"},{"floor":30,"key":"Strawberry"}],"event_choices":[{"damage_healed":0,"gold_gain":0,"player_choice":"Relic","damage_taken":0,"max_hp_gain":0,"max_hp_loss":0,"event_name":"Wheel of Change","floor":5,"gold_loss":0},{"damage_healed":0,"gold_gain":75,"player_choice":"Touch","damage_taken":8,"max_hp_gain":0,"max_hp_loss":0,"event_name":"FaceTrader","floor":13,"gold_loss":0},{"cards_removed":["Defend_R"],"damage_healed":0,"gold_gain":0,"player_choice":"Purged","damage_taken":0,"max_hp_gain":0,"max_hp_loss":0,"event_name":"Purifier","floor":20,"gold_loss":0},{"damage_healed":0,"gold_gain":0,"player_choice":"Inject Mutagens","damage_taken":0,"relics_obtained":["MutagenicStrength"],"max_hp_gain":0,"max_hp_loss":0,"event_name":"Drug Dealer","floor":22,"gold_loss":0},{"damage_healed":0,"gold_gain":0,"player_choice":"Obtained Book","damage_taken":16,"max_hp_gain":0,"max_hp_loss":0,"event_name":"Cursed Tome","floor":25,"gold_loss":0},{"damage_healed":0,"gold_gain":0,"player_choice":"Obtained Relic","damage_taken":0,"relics_obtained":["Kunai"],"max_hp_gain":0,"max_hp_loss":0,"event_name":"Addict","floor":27,"gold_loss":85}],"is_beta":false,"boss_relics":[{"not_picked":["SlaversCollar","Ectoplasm"],"picked":"Philosopher\u0027s Stone"}],"items_purged_floors":[11,29],"is_endless":false,"potions_floor_spawned":[7,8,10,18,21,31],"killed_by":"Collector","ascension_level":0}}