{"host":"ymrxmazrubg7ht5t","time":1613533783,"event":{"mods":["2.2 Compatiblity","Act Like it!","Bartender","BaseMod","Better Note","Colored Powertips","Conspire","Gensokyo","HololiveMod","Infinite Spire","Jorbs\u0027s Wanderer Trilogy","Lobotomy","LobotomyExtend","Marisa????????","Minty Spire (QoL Compilation)","Relic Stats","Ruina","StSLib","The Cursed","The Marked"],"gold_per_floor":[116,116,128,143,188,218,110,110,137,171,185,212,212,227,227,322,322,340,360,378,378,378],"floor_reached":21,"language":"ENG","playtime":2394,"items_purged":[],"score":218,"play_id":"83d761b2-cad0-4256-9c01-64ea1d6319d0","local_time":"20210216234943","is_ascension_mode":true,"campfire_choices":[{"floor":8,"key":"REST"},{"data":"infinitespire:FutureSight","floor":13,"key":"SMITH"},{"floor":15,"key":"REST"}],"circlet_count":0,"master_deck":["theMarked:Strike","theMarked:Strike","theMarked:Strike","theMarked:Strike","theMarked:Strike","theMarked:Defend","theMarked:Defend","theMarked:Defend","theMarked:Defend","theMarked:SoldierOfQuellstein","theMarked:WardOff","Injury","Clumsy","infinitespire:FutureSight+1","theMarked:Aftermath","theMarked:Indomitable","theMarked:EternalStudent","theMarked:Maelstrom","theMarked:MuscleMemory","theMarked:Reabsorb","theMarked:Electrify","theMarked:EnhanceMovement","theMarked:Toughness","theMarked:Generate","theMarked:BanishingStrike","theMarked:TwofoldDefense"],"relics":["theMarked:ArtifactOfAir","Du-Vu Doll","MealTicket","conspire:Flyswatter","Oddly Smooth Stone","Orichalcum","Smiling Mask","theMarked:Eyepatch"],"acts_visited":["Gensokyo:Gensokyo","Gensokyo:Gensokyoer"],"potions_floor_usage":[12,18,19,20],"damage_taken":[{"damage":0,"enemies":"Gensokyo:3_Fairies","floor":1,"turns":4},{"damage":2,"enemies":"Gensokyo:Python","floor":3,"turns":3},{"damage":4,"enemies":"Gensokyo:2_Kodama","floor":4,"turns":4},{"damage":17,"enemies":"Gensokyo:Aya","floor":6,"turns":8},{"damage":6,"enemies":"Gensokyo:Mamizou","floor":10,"turns":6},{"damage":5,"enemies":"Gensokyo:VengefulSpirit","floor":11,"turns":4},{"damage":1,"enemies":"Gensokyo:Aya","floor":12,"turns":6},{"damage":8,"enemies":"Gensokyo:CorruptedTreant","floor":14,"turns":4},{"damage":17,"enemies":"Gensokyo:Kokoro","floor":16,"turns":13},{"damage":7,"enemies":"Gensokyo:AngelMirror","floor":18,"turns":2},{"damage":33,"enemies":"Gensokyo:3_Dogs","floor":19,"turns":8},{"damage":24,"enemies":"Gensokyo:Wraith","floor":20,"turns":5},{"damage":0,"enemies":"Gensokyo:Slime_Group","floor":21,"turns":1}],"seed_played":"-623377409797472813","potions_obtained":[{"floor":1,"key":"Energy Potion"},{"floor":6,"key":"theMarked:ChargePotion"},{"floor":10,"key":"SkillPotion"},{"floor":16,"key":"SpeedPotion"},{"floor":19,"key":"AttackPotion"}],"is_trial":false,"path_per_floor":["M","?","M","M","T","E","$","R","T","E","M","?","R","M","R","B",null,"M","M","M","M"],"character_chosen":"THE_DEFAULT","items_purchased":["theMarked:Maelstrom","theMarked:MuscleMemory"],"campfire_rested":2,"item_purchase_floors":[7,7],"current_hp_per_floor":[49,49,47,43,43,26,41,62,62,56,51,50,50,42,63,46,70,63,30,6,6,6],"gold":378,"neow_bonus":"ONE_RARE_RELIC","is_daily":false,"chose_seed":false,"campfire_upgraded":1,"win_rate":0.0,"timestamp":1613533783,"path_taken":["M","?","M","?","?","E","$","R","T","E","?","?","R","M","R","BOSS","M","M","?","M"],"items_purchased_type":["Card","Card"],"build_version":"2020-12-22","purchased_purges":0,"victory":false,"max_hp_per_floor":[70,70,70,70,70,70,70,70,70,70,70,70,70,70,70,70,70,70,70,70,70,70],"relic_stats":{"counters":[13,68],"MealTicket":15,"Orichalcum":[54],"Smiling Mask":0,"obtain_stats":[{"Du-Vu Doll":0,"theMarked:ArtifactOfAir":0,"Oddly Smooth Stone":9,"MealTicket":5,"Orichalcum":10,"Smiling Mask":12,"conspire:Flyswatter":6,"theMarked:Eyepatch":17},{"Du-Vu Doll":0,"theMarked:ArtifactOfAir":0,"Oddly Smooth Stone":4,"MealTicket":3,"Orichalcum":5,"Smiling Mask":7,"conspire:Flyswatter":4,"theMarked:Eyepatch":9},{"Du-Vu Doll":0,"theMarked:ArtifactOfAir":0,"Oddly Smooth Stone":19,"MealTicket":11,"Orichalcum":25,"Smiling Mask":35,"conspire:Flyswatter":19,"theMarked:Eyepatch":52}]},"card_choices":[{"not_picked":["theMarked:SwordAndMagic","theMarked:RepellingDischarge"],"picked":"theMarked:WardOff","floor":1},{"not_picked":["infinitespire:SevenWalls","infinitespire:Fortify"],"picked":"infinitespire:FutureSight","floor":2},{"not_picked":["theMarked:WastefulAttack","theMarked:TakeCover"],"picked":"theMarked:Aftermath","floor":3},{"not_picked":["theMarked:ElectricStrings","theMarked:TwofoldDefense"],"picked":"theMarked:Indomitable","floor":4},{"not_picked":["theMarked:Convert","theMarked:Electrocute"],"picked":"theMarked:EternalStudent","floor":6},{"not_picked":["theMarked:LightningStrikesTwice","theMarked:Memento"],"picked":"theMarked:Reabsorb","floor":10},{"not_picked":["theMarked:Convert","theMarked:Pokerface"],"picked":"theMarked:Electrify","floor":11},{"not_picked":["theMarked:Aftermath","theMarked:Memento"],"picked":"theMarked:EnhanceMovement","floor":12},{"not_picked":["theMarked:TwofoldDefense","theMarked:Maelstrom","theMarked:ResourceFulStrike"],"picked":"SKIP","floor":14},{"not_picked":["theMarked:Abjuration","theMarked:Defy"],"picked":"theMarked:Toughness","floor":16},{"not_picked":["theMarked:TwofoldDefense","theMarked:RepellingDischarge"],"picked":"theMarked:Generate","floor":18},{"not_picked":["theMarked:Improvise","theMarked:HeightenedSenses"],"picked":"theMarked:BanishingStrike","floor":19},{"not_picked":["theMarked:Reabsorb","theMarked:Improvise"],"picked":"theMarked:TwofoldDefense","floor":20}],"player_experience":459289,"relics_obtained":[{"floor":5,"key":"MealTicket"},{"floor":6,"key":"conspire:Flyswatter"},{"floor":9,"key":"Oddly Smooth Stone"},{"floor":10,"key":"Orichalcum"},{"floor":12,"key":"Smiling Mask"}],"event_choices":[],"is_beta":false,"boss_relics":[{"not_picked":["Busted Crown","conspire:RoyalGoblet"],"picked":"theMarked:Eyepatch"}],"items_purged_floors":[],"is_endless":false,"potions_floor_spawned":[1,6,10,16,19],"killed_by":"Gensokyo:Slime_Group","ascension_level":2}}