{"host":"mz5qq3pkwvwcu15a","time":1613524488,"event":{"mods":["Act Like it!","BaseMod","Minty Spire (QoL Compilation)","Quick Restart","Rare Cards Sparkle"],"gold_per_floor":[116,191,65,80,95,95,106,106,106,29,40,52,65,240,240,240,240],"floor_reached":16,"language":"ENG","playtime":601,"items_purged":[],"score":127,"play_id":"a4350b6b-1d6d-46cd-8c6c-748b715ef097","local_time":"20210216201448","is_ascension_mode":true,"campfire_choices":[{"data":"Tactician","floor":6,"key":"SMITH"},{"data":"Malaise","floor":8,"key":"SMITH"},{"floor":15,"key":"REST"}],"circlet_count":0,"master_deck":["Strike_G","Strike_G","Strike_G","Strike_G","Strike_G","Defend_G","Defend_G","Defend_G","Defend_G","Defend_G","Survivor","Neutralize","Malaise+1","Underhanded Strike","Underhanded Strike","Footwork","Escape Plan","Tactician+1","PiercingWail","Dagger Spray","Eviscerate","Doubt"],"relics":["Ring of the Snake","Ornamental Fan"],"acts_visited":["Exordium"],"potions_floor_usage":[16],"damage_taken":[{"damage":0,"enemies":"Cultist","floor":1,"turns":4},{"damage":0,"enemies":"2 Louse","floor":4,"turns":3},{"damage":0,"enemies":"Jaw Worm","floor":5,"turns":6},{"damage":9,"enemies":"3 Louse","floor":7,"turns":5},{"damage":2,"enemies":"Blue Slaver","floor":11,"turns":6},{"damage":8,"enemies":"2 Fungi Beasts","floor":12,"turns":4},{"damage":11,"enemies":"Large Slime","floor":13,"turns":9},{"damage":51,"enemies":"The Guardian","floor":16,"turns":21}],"seed_played":"6717848314694074262","potions_obtained":[{"floor":5,"key":"Dexterity Potion"},{"floor":13,"key":"PowerPotion"}],"is_trial":false,"path_per_floor":["M","?","$","M","M","R","M","R","T","$","M","M","M","?","R","B"],"character_chosen":"THE_SILENT","items_purchased":["Underhanded Strike","Footwork","PiercingWail","Dagger Spray"],"campfire_rested":1,"item_purchase_floors":[3,3,10,10],"current_hp_per_floor":[63,52,52,52,52,52,43,43,43,43,41,33,22,22,43,0,0],"gold":240,"neow_bonus":"ONE_RANDOM_RARE_CARD","is_daily":false,"chose_seed":false,"campfire_upgraded":2,"win_rate":0.0,"timestamp":1613524488,"path_taken":["M","?","$","M","M","R","M","R","T","$","M","M","M","?","R","BOSS"],"items_purchased_type":["Card","Card","Card","Card"],"build_version":"2020-12-22","purchased_purges":0,"victory":false,"max_hp_per_floor":[70,70,70,70,70,70,70,70,70,70,70,70,70,70,70,70,70],"card_choices":[{"not_picked":["Calculated Gamble","Blur"],"picked":"Underhanded Strike","floor":1},{"not_picked":["Outmaneuver","Endless Agony"],"picked":"Escape Plan","floor":4},{"not_picked":["Dodge and Roll","PiercingWail"],"picked":"Tactician","floor":5},{"not_picked":["Masterful Stab","Poisoned Stab","Slice"],"picked":"SKIP","floor":7},{"not_picked":["Slice","Distraction","Flying Knee"],"picked":"SKIP","floor":11},{"not_picked":["Bouncing Flask","Deflect","Noxious Fumes"],"picked":"SKIP","floor":12},{"not_picked":["Quick Slash","Blur"],"picked":"Eviscerate","floor":13}],"player_experience":830405,"relics_obtained":[{"floor":9,"key":"Ornamental Fan"}],"event_choices":[{"damage_healed":0,"gold_gain":75,"player_choice":"Gather Gold","damage_taken":11,"max_hp_gain":0,"max_hp_loss":0,"event_name":"World of Goop","floor":2,"gold_loss":0},{"damage_healed":0,"gold_gain":175,"player_choice":"AGREE","damage_taken":0,"max_hp_gain":0,"max_hp_loss":0,"event_name":"Liars Game","floor":14,"gold_loss":0,"cards_obtained":["Doubt"]}],"is_beta":false,"boss_relics":[],"items_purged_floors":[],"is_endless":false,"potions_floor_spawned":[5,13],"killed_by":"The Guardian","ascension_level":7}}