{"host":"f8toxsj3bk02pkeu","time":1613560650,"event":{"mods":["BaseMod","Minty Spire (QoL Compilation)","Permanent Neow","Quick Restart","StSLib","SuperFastMode"],"gold_per_floor":[111,111,124,49,49,49,49,49,73,73,101,101,119,154,154,154,154],"floor_reached":16,"language":"ENG","playtime":232,"items_purged":[],"score":262,"play_id":"6bc470af-9b35-4fd1-a20b-5d9d6f1b2516","local_time":"20210217041730","is_ascension_mode":true,"campfire_choices":[{"data":"Neutralize","floor":6,"key":"SMITH"},{"data":"Tactician","floor":8,"key":"SMITH"},{"floor":10,"key":"RECALL"},{"floor":12,"key":"REST"},{"data":"Footwork","floor":15,"key":"SMITH"}],"circlet_count":0,"master_deck":["AscendersBane","Strike_G","Strike_G","Strike_G","Strike_G","Defend_G+1","Defend_G","Defend_G","Defend_G","Survivor+1","Neutralize+1","Tactician+1","Corpse Explosion","Footwork+1"],"relics":["Ring of the Snake","NeowsBlessing","Bronze Scales","Potion Belt","Snake Skull","MealTicket"],"acts_visited":["Exordium"],"potions_floor_usage":[16,16],"damage_taken":[{"damage":0,"enemies":"2 Louse","floor":1,"turns":1},{"damage":0,"enemies":"Small Slimes","floor":3,"turns":1},{"damage":0,"enemies":"Gremlin Nob","floor":11,"turns":1},{"damage":1,"enemies":"Jaw Worm","floor":13,"turns":3},{"damage":41,"enemies":"Lagavulin","floor":14,"turns":8},{"damage":5,"enemies":"Hexaghost","floor":16,"turns":9}],"seed_played":"1572901209941487066","potions_obtained":[{"floor":11,"key":"SpeedPotion"},{"floor":13,"key":"Weak Potion"},{"floor":14,"key":"Energy Potion"}],"is_trial":false,"path_per_floor":["M","?","M","?","?","R","?","R","T","R","E","R","M","E","R","B"],"character_chosen":"THE_SILENT","items_purchased":[],"campfire_rested":1,"item_purchase_floors":[],"current_hp_per_floor":[59,48,48,48,48,48,28,28,28,28,28,47,46,5,5,0,0],"gold":154,"neow_bonus":"THREE_ENEMY_KILL","is_daily":false,"chose_seed":false,"campfire_upgraded":3,"win_rate":0.0,"timestamp":1613560650,"path_taken":["M","?","M","?","?","R","?","R","T","R","E","R","M","E","R","BOSS"],"items_purchased_type":[],"build_version":"2020-12-22","purchased_purges":0,"victory":false,"max_hp_per_floor":[66,66,66,66,66,66,66,66,66,66,66,66,66,66,66,66,66],"card_choices":[{"not_picked":["Acrobatics","Finisher"],"picked":"Tactician","floor":1},{"not_picked":["Eviscerate","Quick Slash","Flying Knee"],"picked":"SKIP","floor":3},{"not_picked":["Well Laid Plans","Blur"],"picked":"Corpse Explosion","floor":11},{"not_picked":["Expertise","Backstab","Dagger Spray"],"picked":"SKIP","floor":13},{"not_picked":["All Out Attack","Outmaneuver"],"picked":"Footwork","floor":14}],"player_experience":996557,"relics_obtained":[{"floor":9,"key":"Potion Belt"},{"floor":11,"key":"Snake Skull"},{"floor":14,"key":"MealTicket"}],"event_choices":[{"damage_healed":0,"gold_gain":0,"player_choice":"Success","damage_taken":11,"relics_obtained":["Bronze Scales"],"max_hp_gain":0,"max_hp_loss":0,"event_name":"Scrap Ooze","floor":2,"gold_loss":0},{"cards_removed":["Strike_G"],"damage_healed":0,"gold_gain":0,"player_choice":"Card Removal","damage_taken":0,"max_hp_gain":0,"max_hp_loss":0,"event_name":"The Cleric","floor":4,"gold_loss":75},{"cards_removed":["Defend_G"],"damage_healed":0,"gold_gain":0,"player_choice":"Forget","damage_taken":0,"max_hp_gain":0,"max_hp_loss":0,"event_name":"Living Wall","floor":5,"gold_loss":0},{"damage_healed":0,"gold_gain":0,"player_choice":"Entered Light","damage_taken":20,"max_hp_gain":0,"max_hp_loss":0,"event_name":"Shining Light","floor":7,"gold_loss":0,"cards_upgraded":["Survivor","Defend_G"]}],"is_beta":false,"boss_relics":[],"items_purged_floors":[],"is_endless":false,"potions_floor_spawned":[11,13,14],"killed_by":"Hexaghost","ascension_level":20}}