{"host":"tr0r177cvmpvg89h","time":1613574932,"event":{"mods":["BaseMod","Colored Map","DeckTracker","Minty Spire (QoL Compilation)","StSLib","SuperFastMode"],"gold_per_floor":[117,131,150,150,168,168,168,168,168,194,45,64,84,104,104,104,104],"floor_reached":16,"language":"KOR","playtime":856,"items_purged":["Strike_G"],"score":94,"play_id":"c04a9a57-9a88-4b27-af5e-7bd493ae4dad","local_time":"20210218001532","is_ascension_mode":false,"campfire_choices":[{"data":"Quick Slash","floor":6,"key":"SMITH"},{"data":"Adrenaline","floor":8,"key":"SMITH"},{"data":"Masterful Stab","floor":15,"key":"SMITH"}],"circlet_count":0,"master_deck":["Strike_G","Strike_G","Strike_G","Defend_G","Defend_G","Defend_G","Defend_G","Defend_G","Survivor","Neutralize","Quick Slash+1","Adrenaline+1","Burst","Masterful Stab+1"],"relics":["Ring of the Snake","NeowsBlessing","HornCleat","Blood Vial"],"acts_visited":["Exordium"],"potions_floor_usage":[16,16,16],"damage_taken":[{"damage":0,"enemies":"Cultist","floor":1,"turns":1},{"damage":0,"enemies":"2 Louse","floor":2,"turns":1},{"damage":0,"enemies":"Jaw Worm","floor":3,"turns":1},{"damage":0,"enemies":"2 Fungi Beasts","floor":5,"turns":4},{"damage":0,"enemies":"Exordium Wildlife","floor":12,"turns":5},{"damage":2,"enemies":"Exordium Thugs","floor":13,"turns":5},{"damage":5,"enemies":"3 Louse","floor":14,"turns":5},{"damage":88,"enemies":"Hexaghost","floor":16,"turns":21}],"seed_played":"3652414612243920221","potions_obtained":[{"floor":3,"key":"Dexterity Potion"},{"floor":5,"key":"Dexterity Potion"},{"floor":13,"key":"Dexterity Potion"},{"floor":14,"key":"Regen Potion"}],"is_trial":false,"path_per_floor":["M","M","M","?","M","R","?","R","T","T","$","M","M","M","R","B"],"character_chosen":"THE_SILENT","items_purchased":["Burst"],"campfire_rested":0,"item_purchase_floors":[11],"current_hp_per_floor":[70,70,70,63,63,63,68,68,68,68,68,70,70,67,67,0,0],"gold":104,"neow_bonus":"THREE_ENEMY_KILL","is_daily":false,"chose_seed":false,"campfire_upgraded":3,"win_rate":0.0,"timestamp":1613574932,"path_taken":["M","?","M","?","M","R","?","R","T","?","$","M","M","M","R","BOSS"],"items_purchased_type":["Card"],"build_version":"2020-12-22","purchased_purges":1,"victory":false,"max_hp_per_floor":[70,70,70,70,70,70,75,75,75,75,75,75,75,75,75,75,75],"card_choices":[{"not_picked":["Blade Dance","Bane"],"picked":"Quick Slash","floor":1},{"not_picked":["Quick Slash","PiercingWail"],"picked":"Adrenaline","floor":2},{"not_picked":["Finisher","Prepared","Leg Sweep"],"picked":"SKIP","floor":3},{"not_picked":["Blade Dance","Deadly Poison","Poisoned Stab"],"picked":"SKIP","floor":5},{"not_picked":["Riddle With Holes","Acrobatics","Blade Dance"],"picked":"SKIP","floor":12},{"not_picked":["Flying Knee","Deflect","Backstab"],"picked":"SKIP","floor":13},{"not_picked":["Outmaneuver","Riddle With Holes"],"picked":"Masterful Stab","floor":14}],"player_experience":106917,"relics_obtained":[{"floor":9,"key":"HornCleat"},{"floor":10,"key":"Blood Vial"}],"event_choices":[{"cards_removed":["Strike_G"],"damage_healed":0,"gold_gain":0,"player_choice":"Card Removal","damage_taken":7,"max_hp_gain":0,"max_hp_loss":0,"event_name":"Golden Wing","floor":4,"gold_loss":0},{"damage_healed":0,"gold_gain":0,"player_choice":"Donut","damage_taken":0,"max_hp_gain":5,"max_hp_loss":0,"event_name":"Big Fish","floor":7,"gold_loss":0}],"is_beta":false,"boss_relics":[],"items_purged_floors":[11],"is_endless":false,"potions_floor_spawned":[3,5,13,14],"killed_by":"Hexaghost","ascension_level":0}}