{"host":"kmd7yw11mgzs6kox","time":1613528052,"event":{"mods":["ATMod(阿瑾Mod)","BaseMod","Decade(王小明)","Downfall","GungeonMod","Lobotomy","LobotomyExtend","Marisa（F雨　魔理沙）","Minty Spire (QoL Compilation)","Remilia（蕾米莉亚）","Replay The Spire","Shop Mod","StSLib","The Bladedancer","The Bug Knight","The Poker Player","The Servant 0.9.4","Waifu the Spire","WarShipGirlsR/战舰少女R mod","Youmu（魂魄妖梦）","Yuri Mod"],"gold_per_floor":[99,110,126,126,126,126,153,165,176,176,196,206,41,59,69,168,168,168,185,185,185,285,318,341,341,351,351,351],"floor_reached":27,"language":"ZHS","playtime":2256,"items_purged":[],"score":275,"play_id":"6f748a69-dad6-4c38-acbf-aa10292b1f80","local_time":"20210217101412","is_ascension_mode":false,"campfire_choices":[{"floor":1.0,"key":"RECALL"},{"data":"AT_OneInchPunch","floor":10.0,"key":"SMITH"},{"data":"rmod:supriseattacks","floor":18.0,"key":"SMITH"}],"circlet_count":0,"master_deck":["rmod:strick","rmod:strick","rmod:strick+1","rmod:strick","rmod:defend","rmod:defend","rmod:defend","rmod:defend","rmod:basicallowance","rmod:maingunfire","Good Instincts+1","AT_OneInchPunch+1","rmod:goodsister","Dazed","Regret","rmod:aviationdawn","Dazed","rmod:diamondstrike+1","rmod:fuelsupply","rmod:bulid","rmod:salvage","rmod:diaomin","rmod:steelsupply","rmod:supriseattacks+1","rmod:aluminumsupply","Necronomicurse","rmod:fletcher","rmod:windflower","rmod:tearstotiara"],"relics":["rmod:firstchargereward","AT_ATBox","LetterFromLob","Snack Pack","DemoMod:GnawedKey","Snecko Eye","MagicBullet_r","Gaze_r","Necronomicon","AT_LudenTempest","Bottled Tornado","AT_BellDemon","AT_ChloranthyRing","downfall:RedIOU","Replay:Baseball"],"acts_visited":["Exordium","TheCity"],"potions_floor_usage":[27,27],"damage_taken":[{"damage":0.0,"enemies":"Small Slimes","floor":2.0,"turns":1.0},{"damage":0.0,"enemies":"Jaw Worm","floor":3.0,"turns":1.0},{"damage":0.0,"enemies":"Cultist","floor":8.0,"turns":1.0},{"damage":11.0,"enemies":"Lots of Slimes","floor":9.0,"turns":3.0},{"damage":7.0,"enemies":"Exordium Thugs","floor":11.0,"turns":2.0},{"damage":9.0,"enemies":"Gremlin Gang","floor":12.0,"turns":3.0},{"damage":14.0,"enemies":"downfall:FleeingMerchant","floor":13.0,"turns":4.0},{"damage":0.0,"enemies":"Red Slaver","floor":14.0,"turns":2.0},{"damage":0.0,"enemies":"3 Louse","floor":15.0,"turns":2.0},{"damage":2.0,"enemies":"SI_SHIV_ARCHETYPE","floor":16.0,"turns":2.0},{"damage":0.0,"enemies":"Spheric Guardian","floor":19.0,"turns":2.0},{"damage":9.0,"enemies":"Shell Parasite","floor":20.0,"turns":2.0},{"damage":36.0,"enemies":"IC_STATUS_ARCHETYPE","floor":22.0,"turns":5.0},{"damage":13.0,"enemies":"Book of Stabbing","floor":23.0,"turns":3.0},{"damage":0,"enemies":"Shell Parasite","floor":26,"turns":1},{"damage":20,"enemies":"Gremlin Leader","floor":27,"turns":2}],"seed_played":"-6891299870122861314","potions_obtained":[{"floor":3.0,"key":"FearPotion"},{"floor":8.0,"key":"LiquidMemories"},{"floor":11.0,"key":"ColorlessPotion"},{"floor":22.0,"key":"BlessingOfTheForge"},{"floor":26,"key":"SteroidPotion"}],"is_trial":false,"path_per_floor":["R","M","M","?","?","T","T","M","M","R","M","M","$","M","M","B",null,"R","M","M","?","?","E","T","?","M","E"],"character_chosen":"PRAEFECT","items_purchased":["rmod:salvage","DemoMod:GnawedKey"],"campfire_rested":0,"item_purchase_floors":[13,13],"current_hp_per_floor":[75,75,75,75,75,75,75,75,66,66,61,54,42,42,44,44,75,75,75,75,59,27,18,18,18,18,0,0],"gold":351,"neow_bonus":"RANDOM_COLORLESS","is_daily":false,"chose_seed":false,"campfire_upgraded":2,"win_rate":0.0,"timestamp":1613528052,"path_taken":["R","M","M","?","?","?","T","M","?","R","M","M","?","M","M","BOSS","R","M","M","?","?","E","T","?","?","E"],"items_purchased_type":["Card","Relic"],"build_version":"2020-12-22","purchased_purges":0,"victory":false,"max_hp_per_floor":[75,75,75,75,75,75,75,75,75,75,75,75,75,75,75,75,75,75,75,75,75,75,75,75,75,75,75,75],"card_choices":[{"not_picked":["AT_LightSaberMaster","Panacea"],"picked":"Good Instincts","floor":0.0},{"not_picked":["rmod:intelligenceanalysis","rmod:luckystar"],"picked":"rmod:goodsister","floor":2.0},{"not_picked":["rmod:circuitoustactics","rmod:tearstotiara"],"picked":"rmod:robin","floor":3.0},{"not_picked":["rmod:tearstotiara","rmod:robin"],"picked":"rmod:aviationdawn","floor":8.0},{"not_picked":["rmod:ammunitionsupply","rmod:aggressivemary"],"picked":"rmod:heivgo","floor":9.0},{"not_picked":["rmod:heivgo","rmod:robin"],"picked":"rmod:diamondstrike","floor":11.0},{"not_picked":["rmod:ring","rmod:slowdown"],"picked":"rmod:fuelsupply","floor":12.0},{"not_picked":["rmod:diamondstrike","rmod:generalist"],"picked":"rmod:bulid","floor":13.0},{"not_picked":["rmod:combined","rmod:selfconfidence"],"picked":"rmod:diaomin","floor":14.0},{"not_picked":["rmod:aviationdawn","rmod:unsinkable"],"picked":"rmod:steelsupply","floor":15.0},{"not_picked":["rmod:desperatesituation","rmod:u235"],"picked":"rmod:supriseattacks","floor":16.0},{"not_picked":["rmod:victimresponsibility","rmod:guardianhero"],"picked":"rmod:aluminumsupply","floor":19.0},{"not_picked":["rmod:aviationdawn+1","rmod:intelligenceanalysis"],"picked":"rmod:fletcher","floor":22.0},{"not_picked":["rmod:supportescort","rmod:chargemoney"],"picked":"rmod:windflower","floor":23.0},{"not_picked":["rmod:heivgo","rmod:victimresponsibility"],"picked":"rmod:tearstotiara","floor":26}],"player_experience":26869,"relics_obtained":[{"floor":2.0,"key":"LetterFromLob"},{"floor":7.0,"key":"Centennial Puzzle"},{"floor":21.0,"key":"Necronomicon"},{"floor":22.0,"key":"AT_LudenTempest"},{"floor":22.0,"key":"Bottled Tornado"},{"floor":23.0,"key":"AT_BellDemon"},{"floor":24,"key":"AT_ChloranthyRing"},{"floor":26,"key":"Replay:Baseball"}],"event_choices":[{"damage_healed":0.0,"max_hp_gain":0.0,"max_hp_loss":0.0,"gold_gain":0.0,"event_name":"Big Fish","player_choice":"Box","floor":5.0,"gold_loss":0.0,"damage_taken":0.0,"relics_obtained":["Snack Pack"],"cards_obtained":["Regret"]}],"is_beta":false,"boss_relics":[{"not_picked":["bronze:MakeshiftBattery","Cursed Key"],"picked":"Snecko Eye"}],"items_purged_floors":[],"is_endless":false,"potions_floor_spawned":[3,8,11,12,14,15,22,26],"killed_by":"Gremlin Leader","ascension_level":0}}