{"host":"92108ef2q9tm8rod","time":1613595595,"event":{"mods":["BaseMod","Defuse TimeMaze Blight","Minty Spire (QoL Compilation)","StSLib","The Jungle"],"gold_per_floor":[109,109,124,144,144,144,144,160,215,215,246,270,310,324,324,454,454,474,78,94,118,136,171,209,253,253,253,271,271,286,65,65,194,257,278,298,311,311,311,347,347,387,387,411,411,452,452,452,452,452],"floor_reached":51,"language":"ENG","playtime":1872,"items_purged":["Discovery"],"score":1157,"play_id":"104e727b-7683-4b7b-b553-f5246955b35d","local_time":"20210217205955","daily_mods":["SealedDeck","Colorless Cards","Heirloom","Flight"],"is_ascension_mode":false,"campfire_choices":[{"data":"Deflect","floor":6,"key":"SMITH"},{"data":"Blade Dance","floor":7,"key":"SMITH"},{"data":"Good Instincts","floor":10,"key":"SMITH"},{"data":"Accuracy","floor":15,"key":"SMITH"},{"data":"Blind","floor":27,"key":"SMITH"},{"data":"Venomology","floor":29,"key":"SMITH"},{"data":"Accuracy","floor":32,"key":"SMITH"},{"data":"Panache","floor":41,"key":"SMITH"},{"data":"Swift Strike","floor":45,"key":"SMITH"},{"floor":47,"key":"DIG"},{"floor":49,"key":"DIG"}],"circlet_count":0,"master_deck":["Purity","Blade Dance+1","Accuracy+1","Deflect+1","Deep Breath","Swift Strike+1","Swift Strike","Flash of Steel+1","Good Instincts+1","Venomology+1","Blind+1","Finesse+1","Terror+1","Accuracy+1","Panache+1","Accuracy+1"],"relics":["Ring of the Snake","Mango","Golden Idol","Art of War","Bag of Marbles","Tingsha","WristBlade","Unceasing Top","Gambling Chip","Prayer Wheel","Ginger","Pantograph","Membership Card","Tiny House","The Courier","Shovel","Pen Nib","Snake Skull","StoneCalendar","Eternal Feather"],"acts_visited":["Exordium","Exordium","TheBeyond"],"potions_floor_usage":[16,21,21,23,23,25,28,30,33,35,36,37,40,42,44,46,50,50,50,50],"damage_taken":[{"damage":0,"enemies":"2 Louse","floor":1,"turns":1},{"damage":0,"enemies":"Small Slimes","floor":3,"turns":1},{"damage":0,"enemies":"Cultist","floor":4,"turns":2},{"damage":0,"enemies":"Looter","floor":8,"turns":1},{"damage":0,"enemies":"Gremlin Nob","floor":11,"turns":2},{"damage":0,"enemies":"2 Fungi Beasts","floor":12,"turns":2},{"damage":6,"enemies":"3 Sentries","floor":13,"turns":7},{"damage":0,"enemies":"Gremlin Gang","floor":14,"turns":1},{"damage":0,"enemies":"Slime Boss","floor":16,"turns":6},{"damage":0,"enemies":"Shell Parasite","floor":18,"turns":2},{"damage":0,"enemies":"theJungle:MUSHROOMGANG","floor":20,"turns":2},{"damage":0,"enemies":"theJungle:SlimyTreeVines","floor":21,"turns":1},{"damage":0,"enemies":"theJungle:Lyon","floor":22,"turns":1},{"damage":0,"enemies":"theJungle:2_Phrogs","floor":23,"turns":2},{"damage":0,"enemies":"theJungle:MamaSnecko","floor":24,"turns":2},{"damage":0,"enemies":"theJungle:Cassacara","floor":25,"turns":2},{"damage":0,"enemies":"Snake Plant","floor":28,"turns":1},{"damage":0,"enemies":"theJungle:JungleHuntersEncounter","floor":30,"turns":1},{"damage":0,"enemies":"theJungle:TotemBoss","floor":33,"turns":2},{"damage":0,"enemies":"Orb Walker","floor":35,"turns":1},{"damage":0,"enemies":"3 Darklings","floor":36,"turns":1},{"damage":0,"enemies":"Spire Growth","floor":37,"turns":1},{"damage":0,"enemies":"Nemesis","floor":40,"turns":1},{"damage":0,"enemies":"Reptomancer","floor":42,"turns":2},{"damage":0,"enemies":"Jaw Worm Horde","floor":44,"turns":1},{"damage":0,"enemies":"Giant Head","floor":46,"turns":1},{"damage":20,"enemies":"Time Eater","floor":50,"turns":3}],"seed_played":"-3386003006410194523","potions_obtained":[{"floor":3,"key":"Explosive Potion"},{"floor":13,"key":"SmokeBomb"},{"floor":14,"key":"Poison Potion"},{"floor":18,"key":"GamblersBrew"},{"floor":21,"key":"DistilledChaos"},{"floor":24,"key":"Block Potion"},{"floor":28,"key":"PowerPotion"},{"floor":33,"key":"DuplicationPotion"},{"floor":46,"key":"PowerPotion"}],"is_trial":true,"path_per_floor":["M","?","M","M","?","R","R","M","T","R","E","M","E","M","R","B",null,"M","$","M","M","M","E","E","E","T","R","M","R","M","$","R","B",null,"M","M","M","?","$","E","R","E","T","M","R","E","R","?","R","B",null],"character_chosen":"THE_SILENT","items_purchased":["Unceasing Top","Blind","Membership Card","Accuracy"],"campfire_rested":0,"item_purchase_floors":[19,19,31,31],"current_hp_per_floor":[84,63,63,63,63,63,63,63,63,63,63,63,57,57,57,57,84,84,84,84,84,84,84,84,84,84,84,84,84,84,84,84,84,89,89,89,89,85,85,85,85,85,85,85,85,85,85,85,85,65],"gold":452,"neow_bonus":"","is_daily":false,"chose_seed":false,"campfire_upgraded":9,"win_rate":0.0,"timestamp":1613595595,"path_taken":["M","?","M","M","?","R","R","M","T","R","E","M","E","M","R","BOSS","M","$","M","M","M","E","E","E","T","R","M","R","M","$","R","BOSS","M","M","M","?","$","E","R","E","T","M","R","E","R","?","R","BOSS"],"items_purchased_type":["Relic","Card","Relic","Card"],"build_version":"2020-12-22","purchased_purges":1,"victory":true,"max_hp_per_floor":[84,84,84,84,84,84,84,84,84,84,84,84,84,84,84,84,84,84,84,84,84,84,84,84,84,84,84,84,84,84,84,84,84,89,89,89,89,85,85,85,85,85,85,85,85,85,85,85,85,85],"card_choices":[{"not_picked":["Backflip","Dagger Spray","PiercingWail"],"picked":"SKIP","floor":1},{"not_picked":["Cloak And Dagger","Slice","Deep Breath"],"picked":"SKIP","floor":3},{"not_picked":["Backflip","Outmaneuver","Cloak And Dagger"],"picked":"SKIP","floor":4},{"not_picked":["PiercingWail","Dodge and Roll","Phantasmal Killer"],"picked":"SKIP","floor":8},{"not_picked":["Backflip","Leg Sweep","Good Instincts"],"picked":"SKIP","floor":11},{"not_picked":["Dagger Spray","Flechettes","Heel Hook"],"picked":"SKIP","floor":12},{"not_picked":["Flying Knee","Sucker Punch","Slice"],"picked":"SKIP","floor":13},{"not_picked":["Underhanded Strike","Expertise","Enlightenment"],"picked":"SKIP","floor":14},{"not_picked":["Metamorphosis","Doppelganger"],"picked":"Venomology","floor":16},{"not_picked":["Noxious Fumes+1","Blade Dance","Discovery+1"],"picked":"SKIP","floor":18},{"not_picked":["Quick Slash+1","Setup+1","Flechettes"],"picked":"SKIP","floor":20},{"not_picked":["Deadly Poison","Bane","Noxious Fumes"],"picked":"SKIP","floor":21},{"not_picked":["Dagger Spray","Purity+1"],"picked":"Finesse+1","floor":22},{"not_picked":["Underhanded Strike","Flying Knee","Slice"],"picked":"SKIP","floor":23},{"not_picked":["Quick Slash","Dagger Throw","Mayhem"],"picked":"SKIP","floor":24},{"not_picked":["PiercingWail+1","Flying Knee+1"],"picked":"Terror+1","floor":25},{"not_picked":["Skewer","Dagger Spray+1","Quick Slash"],"picked":"SKIP","floor":28},{"not_picked":["Riddle With Holes","Bane","Bandage Up"],"picked":"SKIP","floor":28},{"not_picked":["HandOfGreed","Crippling Poison","Backflip"],"picked":"SKIP","floor":30},{"not_picked":["Riddle With Holes","Quick Slash+1","Backflip+1"],"picked":"SKIP","floor":30},{"not_picked":["Endless Agony+1","Catalyst","Outmaneuver+1"],"picked":"SKIP","floor":35},{"not_picked":["Dodge and Roll+1","Blur","Poisoned Stab"],"picked":"SKIP","floor":35},{"not_picked":["Outmaneuver+1","Caltrops","Tactician+1"],"picked":"SKIP","floor":36},{"not_picked":["Underhanded Strike+1","Deflect+1","Discovery"],"picked":"SKIP","floor":36},{"not_picked":["Catalyst+1","Flechettes+1","Outmaneuver"],"picked":"SKIP","floor":37},{"not_picked":["Quick Slash+1","Bouncing Flask+1","Bane+1"],"picked":"SKIP","floor":37},{"not_picked":["Leg Sweep","Caltrops"],"picked":"Panache","floor":40},{"not_picked":["Cloak And Dagger","Outmaneuver","Distraction+1"],"picked":"SKIP","floor":42},{"not_picked":["Leg Sweep+1","Bandage Up+1","Crippling Poison"],"picked":"SKIP","floor":44},{"not_picked":["Choke+1","Deflect+1","Deadly Poison"],"picked":"SKIP","floor":44},{"not_picked":["Acrobatics","Bane"],"picked":"Accuracy+1","floor":46}],"player_experience":3432588,"relics_obtained":[{"floor":9,"key":"Art of War"},{"floor":11,"key":"Bag of Marbles"},{"floor":13,"key":"Tingsha"},{"floor":23,"key":"Gambling Chip"},{"floor":24,"key":"Prayer Wheel"},{"floor":25,"key":"Ginger"},{"floor":26,"key":"Pantograph"},{"floor":40,"key":"The Courier"},{"floor":42,"key":"Shovel"},{"floor":43,"key":"Pen Nib"},{"floor":46,"key":"Snake Skull"},{"floor":47,"key":"StoneCalendar"},{"floor":49,"key":"Eternal Feather"}],"event_choices":[{"damage_healed":0,"gold_gain":0,"player_choice":"Take Damage","damage_taken":21,"relics_obtained":["Golden Idol"],"max_hp_gain":0,"max_hp_loss":0,"event_name":"Golden Idol","floor":2,"gold_loss":0},{"damage_healed":0,"gold_gain":0,"player_choice":"Ignored","damage_taken":0,"max_hp_gain":0,"max_hp_loss":0,"event_name":"Liars Game","floor":5,"gold_loss":0},{"damage_healed":0,"gold_gain":0,"player_choice":"Max HP","damage_taken":0,"max_hp_gain":0,"max_hp_loss":4,"event_name":"Winding Halls","floor":38,"gold_loss":0},{"damage_healed":0,"gold_gain":0,"player_choice":"Ignored","damage_taken":0,"max_hp_gain":0,"max_hp_loss":0,"event_name":"Transmorgrifier","floor":48,"gold_loss":0}],"is_beta":false,"boss_relics":[{"not_picked":["Busted Crown","SlaversCollar"],"picked":"WristBlade"},{"not_picked":["Velvet Choker","SacredBark"],"picked":"Tiny House"}],"items_purged_floors":[31],"is_endless":false,"potions_floor_spawned":[3,13,14,18,21,24,28,33,37,40,46],"ascension_level":0}}