{"host":"4lruzp1xu8o5tnk3","time":1613579147,"event":{"mods":["Act Like it!","BaseMod","Gensokyo","GifTheSpireLib","Hubris","Jedi Mod","Minty Spire (QoL Compilation)","Replay The Spire","StSLib","Stuff the Spire"],"gold_per_floor":[119,119,119,138,157,185,185,210,210,210,137,137,148,198,198,296,296,309,10,10,30,30,158,158,187,212,212,223,235,31,45,45,142,142,154,154,225,22,38,54,54,54,80,80,112,112,123,177,177,177],"floor_reached":51,"language":"ENG","playtime":1501,"items_purged":["Spreading Infection","Pain"],"score":846,"play_id":"1e6c16c0-609e-4379-9083-9c09e026af44","local_time":"20210217192547","daily_mods":["SealedDeck","Heirloom","Lethality"],"is_ascension_mode":false,"campfire_choices":[{"data":"Catalyst","floor":7,"key":"SMITH"},{"data":"Adrenaline","floor":12,"key":"SMITH"},{"floor":15,"key":"REST"},{"data":"Catalyst","floor":24,"key":"SMITH"},{"floor":27,"key":"REST"},{"floor":32,"key":"REST"},{"data":"StuffTheSpire:Brawn","floor":42,"key":"SMITH"},{"data":"Burst","floor":46,"key":"SMITH"},{"data":"Leg Sweep","floor":49,"key":"SMITH"}],"circlet_count":0,"master_deck":["Deflect","StuffTheSpire:Injection","Deadly Poison","Bane","StuffTheSpire:Injection","Bouncing Flask","Catalyst+1","Bane","Bane","Flying Knee","Bane","jedi:pocketpoison","Catalyst+1","jedi:pocketpoison","Adrenaline+1","StuffTheSpire:Repulse","Blade Dance","Injury","Venomology+1","Leg Sweep+1","Bane","StuffTheSpire:Rapture","StuffTheSpire:Vigor+1","Blur+1","ReplayTheSpireMod:Restless Dread","StuffTheSpire:Brawn+1","Deadly Poison+1","Poisoned Stab","Replay:Hysterical Blindness","StuffTheSpire:Rapture","Burst+1","Accuracy+1","jedi:BattleThirst","StuffTheSpire:Rapture"],"relics":["Ring of the Snake","StuffTheSpire:Expresso","hubris:Icosahedron","hubris:BottledRain","jedi:ghostblades","Shuriken","Ring of Greed","Tiny Chest","Smiling Mask","ReplayTheSpireMod:Ring of Addiction","Potion Belt","SacredBark","StuffTheSpire:Saxophone","MutagenicStrength","StuffTheSpire:WitherSkull","Replay:Accelerometer","War Paint","Membership Card","ChewingGum","Bottled Tornado","hubris:EmptyBottle","Replay:WaspNest","hubris:SlimyHat","ReplayFunnel","Omamori"],"acts_visited":["Exordium","TheCity","TheBeyond"],"potions_floor_usage":[6,6,16,21,25,25,28,31,33,33,33,39,39,40,45,47,47,50,50,50,50,50,50,50,50,50],"damage_taken":[{"damage":0,"enemies":"Small Slimes","floor":1,"turns":1},{"damage":0,"enemies":"Cultist","floor":4,"turns":1},{"damage":0,"enemies":"Jaw Worm","floor":5,"turns":1},{"damage":20,"enemies":"3 Sentries","floor":6,"turns":4},{"damage":12,"enemies":"Replay:BlueRogue","floor":8,"turns":2},{"damage":0,"enemies":"Blue Slaver","floor":13,"turns":1},{"damage":50,"enemies":"Hexaghost","floor":16,"turns":3},{"damage":0,"enemies":"Spheric Guardian","floor":18,"turns":2},{"damage":3,"enemies":"2 Thieves","floor":21,"turns":3},{"damage":8,"enemies":"Gremlin Leader","floor":23,"turns":3},{"damage":30,"enemies":"Replay:Snechameleon","floor":25,"turns":2},{"damage":10,"enemies":"Centurion and Healer","floor":28,"turns":2},{"damage":0,"enemies":"Sentry and Sphere","floor":29,"turns":2},{"damage":25,"enemies":"Snake Plant","floor":31,"turns":2},{"damage":40,"enemies":"Pondfish","floor":33,"turns":5},{"damage":0,"enemies":"Orb Walker","floor":35,"turns":1},{"damage":0,"enemies":"3 Shapes","floor":39,"turns":3},{"damage":0,"enemies":"Maw","floor":40,"turns":4},{"damage":1,"enemies":"Nemesis","floor":45,"turns":3},{"damage":14,"enemies":"Writhing Mass","floor":47,"turns":2},{"damage":19,"enemies":"Replay:Hell Engine","floor":50,"turns":2}],"seed_played":"3692199846123373347","potions_obtained":[{"floor":1,"key":"Block Potion"},{"floor":4,"key":"BlessingOfTheForge"},{"floor":13,"key":"Dexterity Potion"},{"floor":14,"key":"jedi:wingpotion"},{"floor":14,"key":"Strength Potion"},{"floor":14,"key":"Regen Potion"},{"floor":18,"key":"jedi:mysterypotion"},{"floor":28,"key":"Dexterity Potion"},{"floor":33,"key":"SkillPotion"},{"floor":35,"key":"Block Potion"},{"floor":45,"key":"Adrenaline Potion"}],"is_trial":true,"path_per_floor":["M","?","?","M","M","E","R","E","T","?","$","R","M","?","R","B",null,"M","$","?","M","?","E","R","E","T","R","M","M","$","M","R","B",null,"M","?","T","$","M","M","$","R","T","?","E","R","M","T","R","B",null],"character_chosen":"THE_SILENT","items_purchased":["StuffTheSpire:Repulse","StuffTheSpire:Saxophone","Bane","Poison Potion","Membership Card","hubris:EmptyBottle","Replay:WaspNest"],"campfire_rested":3,"item_purchase_floors":[11,19,19,19,30,38,38],"current_hp_per_floor":[70,70,70,70,70,50,50,38,38,43,43,43,43,43,65,25,75,75,75,73,70,70,62,62,41,41,62,52,52,52,27,48,8,71,71,71,69,69,69,69,69,69,69,67,66,66,52,52,52,33],"gold":177,"neow_bonus":"","is_daily":false,"chose_seed":false,"campfire_upgraded":6,"win_rate":0.0,"timestamp":1613579147,"path_taken":["M","?","?","M","?","E","R","E","T","?","?","R","M","?","R","BOSS","M","$","?","M","?","E","R","E","T","R","M","M","$","M","R","BOSS","M","?","?","$","?","M","?","R","T","?","E","R","M","?","R","BOSS"],"items_purchased_type":["Card","Relic","Card","Potion","Relic","Relic","Relic"],"build_version":"2020-12-22","purchased_purges":2,"victory":true,"max_hp_per_floor":[70,70,70,70,70,70,70,70,70,75,75,75,75,75,75,75,75,75,75,73,73,73,73,73,71,71,71,71,71,71,71,71,71,71,71,71,69,69,69,69,69,69,69,67,67,67,67,67,67,67],"card_choices":[{"not_picked":["hubris:SlightOfHand","Deflect"],"picked":"Bane","floor":1},{"not_picked":["StuffTheSpire:Repulse","Footwork"],"picked":"jedi:pocketpoison","floor":4},{"not_picked":["jedi:pocketpoison","Backflip"],"picked":"Catalyst","floor":5},{"not_picked":["hubris:Counter","Slice"],"picked":"jedi:pocketpoison","floor":6},{"not_picked":["Bouncing Flask","Concentrate"],"picked":"Adrenaline","floor":8},{"not_picked":["Replay:Poison Smokescreen","StuffTheSpire:ReptileScales"],"picked":"Blade Dance","floor":13},{"not_picked":["Die Die Die","Unload"],"picked":"Venomology","floor":16},{"not_picked":["StuffTheSpire:Fury+1","Quick Slash"],"picked":"Leg Sweep","floor":18},{"not_picked":["Caltrops","Bane"],"picked":"Blur","floor":21},{"not_picked":["Night Terror","Cloak And Dagger"],"picked":"Deadly Poison+1","floor":23},{"not_picked":["Bane","Venomology","PiercingWail"],"picked":"SKIP","floor":25},{"not_picked":["StuffTheSpire:Injection","StuffTheSpire:BumpUp+1"],"picked":"Poisoned Stab","floor":28},{"not_picked":["Sucker Punch","Underhanded Strike","Dagger Spray"],"picked":"SKIP","floor":29},{"not_picked":["Poisoned Stab","StuffTheSpire:Sprint+1","Malaise"],"picked":"SKIP","floor":31},{"not_picked":["Wraith Form v2","Storm of Steel"],"picked":"Burst","floor":33},{"not_picked":["StuffTheSpire:Injection+1","StuffTheSpire:ReptileScales"],"picked":"Accuracy+1","floor":35},{"not_picked":["ReplayTheSpireMod:Scrap Shanks+1","Dodge and Roll","Acrobatics+1"],"picked":"SKIP","floor":39},{"not_picked":["hubris:Counter","Flying Knee+1","Underhanded Strike+1"],"picked":"SKIP","floor":40},{"not_picked":["StuffTheSpire:Injection","Deflect+1","hubris:Sniper"],"picked":"SKIP","floor":45},{"not_picked":["Bane","Dodge and Roll+1","PiercingWail+1"],"picked":"SKIP","floor":47}],"player_experience":1049647,"relics_obtained":[{"floor":6,"key":"hubris:BottledRain"},{"floor":8,"key":"jedi:ghostblades"},{"floor":9,"key":"Shuriken"},{"floor":14,"key":"Ring of Greed"},{"floor":14,"key":"Tiny Chest"},{"floor":14,"key":"Smiling Mask"},{"floor":14,"key":"ReplayTheSpireMod:Ring of Addiction"},{"floor":14,"key":"Potion Belt"},{"floor":14,"key":"SacredBark"},{"floor":23,"key":"StuffTheSpire:WitherSkull"},{"floor":25,"key":"Replay:Accelerometer"},{"floor":26,"key":"War Paint"},{"floor":37,"key":"Bottled Tornado"},{"floor":43,"key":"hubris:SlimyHat"},{"floor":45,"key":"ReplayFunnel"},{"floor":48,"key":"Omamori"}],"event_choices":[{"damage_healed":0,"gold_gain":0,"player_choice":"Ignored","damage_taken":0,"max_hp_gain":0,"max_hp_loss":0,"event_name":"Purifier","floor":3,"gold_loss":0},{"damage_healed":0,"gold_gain":0,"player_choice":"Donut","damage_taken":0,"max_hp_gain":5,"max_hp_loss":0,"event_name":"Big Fish","floor":10,"gold_loss":0},{"damage_healed":0,"gold_gain":0,"player_choice":"Inject Mutagens","damage_taken":0,"relics_obtained":["MutagenicStrength"],"max_hp_gain":0,"max_hp_loss":0,"event_name":"Drug Dealer","floor":22,"gold_loss":0},{"damage_healed":0,"gold_gain":0,"player_choice":"Upgraded","damage_taken":0,"max_hp_gain":0,"max_hp_loss":0,"event_name":"Upgrade Shrine","floor":36,"gold_loss":0,"cards_upgraded":["StuffTheSpire:Vigor"]}],"is_beta":false,"boss_relics":[{"not_picked":["Ring of Chaos","jedi:battlestandard","ReplayTheSpireMod:DimensionalGlitch"]},{"not_picked":["hubris:Stopwatch","HoveringKite"],"picked":"ChewingGum"}],"items_purged_floors":[19,30],"is_endless":false,"potions_floor_spawned":[1,4,13,18,21,28,33,35,40,45,47],"ascension_level":0}}