{"host":"opdum64sdiqzxm7l","time":1613551961,"event":{"mods":["Act Like it!","Aspiration","BaseMod","Conspire","Friendly Minions","Jedi Mod","KomeijiMod","Minty Spire (QoL Compilation)","MostiFishMod","Pale of the Ancients","Reliquary","Replay The Spire","RumiaBox-露米娅的神秘盒子","StSLib","Waifu the Spire","【功能Mod】混沌之环修复补丁","【遗物卡牌】REMEMod"],"gold_per_floor":[113,130,130,140,159,159,159],"floor_reached":6,"language":"ZHS","playtime":434,"items_purged":[],"score":38,"play_id":"94f054e3-526d-4e8e-80d0-b1fe315a1156","local_time":"20210217165241","is_ascension_mode":false,"campfire_choices":[],"circlet_count":0,"master_deck":["Strike_Komeiji","Strike_Komeiji","Strike_Komeiji","Strike_Komeiji","Defend_Komeiji","Defend_Komeiji","Defend_Komeiji","Defend_Komeiji","Dash_Komeiji","MostiFishMod:FrostNova","MostiFishMod:WinterMarkForm","ScarletDestiny+1","Agarareta+1","KoKei+1","SatsujinDooru","NingyouSP+1"],"relics":["KomeijisEye","SpellCardsRule","MusicBox","REME_ComplimentaryCards","DaveBox","NeowsBlessing","FrostBlade","AddBug","SecretRecord","Baka2"],"acts_visited":[],"potions_floor_usage":[],"damage_taken":[{"damage":11,"enemies":"Jaw Worm","floor":1,"turns":2},{"damage":0,"enemies":"Cultist","floor":2,"turns":1},{"damage":0,"enemies":"conspire:RoseBush","floor":4,"turns":1},{"damage":10,"enemies":"Looter","floor":5,"turns":2},{"damage":36,"enemies":"3 Sentries","floor":6,"turns":1}],"seed_played":"7960393996309303929","potions_obtained":[{"floor":4,"key":"Swift Potion"}],"is_trial":false,"path_per_floor":["M","M","?","M","M","E"],"character_chosen":"KomeijiSatori","items_purchased":[],"campfire_rested":0,"item_purchase_floors":[],"current_hp_per_floor":[39,39,39,31,26,0,0],"gold":159,"neow_bonus":"THREE_ENEMY_KILL","is_daily":false,"chose_seed":false,"campfire_upgraded":0,"win_rate":0.0,"timestamp":1613551961,"path_taken":["M","M","?","M","M","E"],"items_purchased_type":[],"build_version":"2020-12-22","purchased_purges":0,"victory":false,"max_hp_per_floor":[50,50,50,56,56,56,56],"card_choices":[{"not_picked":["RoshinSou+1","NingyouFukuhei+1"],"picked":"Agarareta+1","floor":1},{"not_picked":["SeekerDolls","KeiseiJin+1"],"picked":"KoKei+1","floor":2},{"not_picked":["DochyakuKami+1","InscribeRedSoul"],"picked":"SatsujinDooru","floor":4},{"not_picked":["LittleLegion","Agarareta+1"],"picked":"NingyouSP+1","floor":5}],"player_experience":37,"relics_obtained":[{"floor":1,"key":"Baka"},{"floor":1,"key":"AddBug"},{"floor":2,"key":"Baka2"}],"event_choices":[{"damage_healed":0,"gold_gain":0,"player_choice":"Forge","damage_taken":0,"max_hp_gain":0,"max_hp_loss":0,"event_name":"Accursed Blacksmith","floor":3,"gold_loss":0,"cards_upgraded":["ScarletDestiny"]}],"is_beta":false,"boss_relics":[],"items_purged_floors":[],"is_endless":false,"potions_floor_spawned":[4],"killed_by":"3 Sentries","ascension_level":0}}