{"host":"0tl58ol8nhobbddc","time":1613537570,"event":{"mods":["AchievementEnabler","BaseMod","Bestiary","Block Reminder","Colored Map","Colored Powertips","Highlight Path","Minty Spire (QoL Compilation)"],"gold_per_floor":[112,131,144,144,2,2,28,42,42,6,16,16,16,28,28,127,127,144,144,0,12,23,23,23],"floor_reached":23,"language":"ENG","playtime":4872,"items_purged":[],"score":193,"play_id":"30d1a572-0796-4858-a877-9fe94395593c","local_time":"20210216205250","is_ascension_mode":false,"campfire_choices":[{"data":"Die Die Die","floor":6.0,"key":"SMITH"},{"data":"Bane","floor":15.0,"key":"SMITH"}],"circlet_count":0,"master_deck":["Strike_G","Strike_G","Strike_G","Defend_G","Defend_G","Defend_G","Defend_G","Defend_G","Survivor","Neutralize","Backflip","Footwork","PiercingWail","Masterful Stab","Die Die Die+1","Bane+1","Noxious Fumes","Bouncing Flask","Burst","Backflip","RitualDagger","Caltrops+1","Caltrops+1"],"relics":["Ring of the Snake","Ninja Scroll","Eternal Feather","Black Star"],"acts_visited":["TheCity"],"potions_floor_usage":[],"damage_taken":[{"damage":0.0,"enemies":"Small Slimes","floor":1.0,"turns":6.0},{"damage":0.0,"enemies":"Jaw Worm","floor":2.0,"turns":8.0},{"damage":0.0,"enemies":"2 Louse","floor":3.0,"turns":5.0},{"damage":1.0,"enemies":"Gremlin Nob","floor":7.0,"turns":5.0},{"damage":0.0,"enemies":"Blue Slaver","floor":8.0,"turns":2.0},{"damage":4.0,"enemies":"Large Slime","floor":11.0,"turns":5.0},{"damage":0.0,"enemies":"Exordium Wildlife","floor":14.0,"turns":2.0},{"damage":32.0,"enemies":"Slime Boss","floor":16.0,"turns":14.0},{"damage":9,"enemies":"Chosen","floor":18,"turns":6},{"damage":17,"enemies":"Spheric Guardian","floor":21,"turns":6},{"damage":12,"enemies":"3 Cultists","floor":22,"turns":6},{"damage":59,"enemies":"Slavers","floor":23,"turns":4}],"seed_played":"-30965619574577211","potions_obtained":[{"floor":1.0,"key":"GhostInAJar"},{"floor":7.0,"key":"Explosive Potion"},{"floor":8.0,"key":"ColorlessPotion"},{"floor":11.0,"key":"ColorlessPotion"},{"floor":18,"key":"ColorlessPotion"},{"floor":21,"key":"FairyPotion"}],"is_trial":false,"path_per_floor":["M","M","M","?","$","R","E","M","T","$","M","?","$","M","R","B",null,"M","?","?","M","M","E"],"character_chosen":"THE_SILENT","items_purchased":["Die Die Die","Noxious Fumes"],"campfire_rested":0,"item_purchase_floors":[5,10],"current_hp_per_floor":[70,70,70,75,75,75,74,74,74,74,70,70,70,70,75,43,75,66,60,60,43,31,0,0],"gold":23,"neow_bonus":"TRANSFORM_CARD","is_daily":false,"chose_seed":false,"campfire_upgraded":2,"win_rate":0.0,"timestamp":1613537570,"path_taken":["M","M","M","?","?","R","E","M","T","$","M","?","$","M","R","BOSS","M","?","?","M","M","E"],"items_purchased_type":["Card","Card"],"build_version":"2020-12-22","purchased_purges":0,"victory":false,"max_hp_per_floor":[70,70,70,75,75,75,75,75,75,75,75,75,75,75,75,75,75,75,75,75,75,75,75,75],"card_choices":[{"not_picked":["Well Laid Plans","Deflect"],"picked":"Footwork","floor":1.0},{"not_picked":["Deadly Poison","Masterful Stab"],"picked":"PiercingWail","floor":2.0},{"not_picked":["Deflect","Prepared"],"picked":"Masterful Stab","floor":3.0},{"not_picked":["Distraction","Bullet Time"],"picked":"Bane","floor":7.0},{"not_picked":["Acrobatics","Outmaneuver","Tactician"],"picked":"SKIP","floor":8.0},{"not_picked":["Outmaneuver","Bane","Escape Plan"],"picked":"SKIP","floor":11.0},{"not_picked":["Deadly Poison","Riddle With Holes"],"picked":"Bouncing Flask","floor":14.0},{"not_picked":["Bullet Time","Corpse Explosion"],"picked":"Burst","floor":16.0},{"not_picked":["Eviscerate+1","Deadly Poison"],"picked":"Backflip","floor":18},{"not_picked":["Deadly Poison","Sucker Punch"],"picked":"Caltrops+1","floor":21},{"not_picked":["Dagger Spray","Quick Slash"],"picked":"Caltrops+1","floor":22}],"player_experience":55888,"relics_obtained":[{"floor":7.0,"key":"Ninja Scroll"},{"floor":9.0,"key":"Eternal Feather"}],"event_choices":[{"damage_healed":0.0,"max_hp_gain":5.0,"max_hp_loss":0.0,"gold_gain":0.0,"event_name":"Big Fish","player_choice":"Donut","floor":4.0,"gold_loss":0.0,"damage_taken":0.0},{"cards_removed":["Strike_G"],"damage_healed":0.0,"max_hp_gain":0.0,"max_hp_loss":0.0,"gold_gain":0.0,"event_name":"Living Wall","player_choice":"Forget","floor":12.0,"gold_loss":0.0,"damage_taken":0.0},{"damage_healed":0,"gold_gain":0,"player_choice":"Joined the Cult","damage_taken":6,"max_hp_gain":0,"max_hp_loss":0,"event_name":"Nest","floor":19,"gold_loss":0,"cards_obtained":["RitualDagger"]},{"damage_healed":0,"gold_gain":0,"player_choice":"Paid Fearfully","damage_taken":0,"max_hp_gain":0,"max_hp_loss":0,"event_name":"Masked Bandits","floor":20,"gold_loss":144}],"is_beta":false,"boss_relics":[{"not_picked":["Fusion Hammer","Tiny House"],"picked":"Black Star"}],"items_purged_floors":[],"is_endless":false,"potions_floor_spawned":[1,7,8,11,18,21],"killed_by":"Slavers","ascension_level":0}}