{"host":"ufl0k2so27eic2iy","time":1613590366,"event":{"mods":["BaseMod","Downfall","Minty Spire (QoL Compilation)","StSLib","The Animator"],"gold_per_floor":[99,118,118,136,7,7,31,58,58,75,75,60,77,105,117,212,262,62,82,97,10,27,27,27,61,78,78,105,5,17,17,33,131,131,131,145,200,200,216,235,303,336,3,31,31,130,130,5,25,25,25,52,4,4,4,4],"floor_reached":57,"language":"ENG","playtime":3135,"items_purged":["champ:Strike","champ:Strike","champ:Strike"],"score":2013,"play_id":"3452054c-af61-4c70-959c-38e1a619477b","local_time":"20210217193246","is_ascension_mode":true,"campfire_choices":[{"data":"champ:Taunt","floor":1,"key":"SMITH"},{"data":"champ:PreciseThrust","floor":6,"key":"SMITH"},{"floor":9,"key":"RECALL"},{"data":"champ:ShieldThrow","floor":18,"key":"SMITH"},{"data":"champ:Circumvent","floor":23,"key":"SMITH"},{"data":"champ:Circumvent","floor":27,"key":"SMITH"},{"data":"champ:Improvising","floor":29,"key":"SMITH"},{"data":"champ:FalseCounter","floor":35,"key":"SMITH"},{"data":"champ:ArenaPreparation","floor":45,"key":"SMITH"},{"data":"champ:Lariat","floor":47,"key":"SMITH"},{"data":"champ:SkillfulDodge","floor":54,"key":"SMITH"}],"circlet_count":0,"master_deck":["champ:Defend","champ:Defend","champ:Defend","champ:Execute","champ:Taunt+1","champ:RageSigil+1","champ:DefensiveStyle","champ:PreciseThrust+1","champ:DefensiveStyle","champ:SkillfulDodge+1","champ:RageSigil","champ:PerfectedStrike","champ:DefensiveShout","champ:ShieldSigil","champ:ShieldThrow+1","champ:Improvising+1","champ:Haymaker","champ:FlashCut","champ:FocusedDefense","champ:FalseCounter+1","champ:Circumvent+1","champ:RageSigil","champ:Circumvent+1","champ:RapidStrikes","champ:ShieldWall+1","CurseOfTheBell","champ:FlashCut+1","champ:DefensiveStyle","champ:Lariat+1","champ:ArenaPreparation+1","champ:ShieldSlam+1","champ:ShieldThrow+1","champ:RageSigil+1"],"relics":["champ:ChampionCrown","Lantern","downfall:ShatteredFragment","hexamod:BolsterEngine","Bag of Preparation","sneckomod:BlankCard","Tiny House","downfall:HeartBlessingRed","downfall:HeartBlessingGreen","Blood Vial","Slimebound:PreparedRelic","downfall:HeartBlessingBlue","Calling Bell","Akabeko","Mummified Hand","Calipers","champ:SignatureFinisher","Singing Bowl","Orichalcum","MealTicket","DollysMirror","FossilizedHelix"],"acts_visited":["Exordium","TheCity","TheBeyond","TheEnding"],"potions_floor_usage":[42,56,56],"damage_taken":[{"damage":20,"enemies":"Jaw Worm","floor":2,"turns":3},{"damage":10,"enemies":"2 Louse","floor":4,"turns":3},{"damage":20,"enemies":"downfall:FleeingMerchant","floor":5,"turns":4},{"damage":21,"enemies":"3 Sentries","floor":8,"turns":4},{"damage":10,"enemies":"Cultist","floor":10,"turns":2},{"damage":20,"enemies":"downfall:FleeingMerchant","floor":12,"turns":4},{"damage":4,"enemies":"Large Slime","floor":13,"turns":4},{"damage":37,"enemies":"Gremlin Nob","floor":14,"turns":4},{"damage":0,"enemies":"Blue Slaver","floor":15,"turns":2},{"damage":1,"enemies":"SI_SHIV_ARCHETYPE","floor":16,"turns":4},{"damage":0,"enemies":"Shell Parasite","floor":19,"turns":2},{"damage":0,"enemies":"Chosen","floor":20,"turns":2},{"damage":10,"enemies":"downfall:FleeingMerchant","floor":21,"turns":4},{"damage":0,"enemies":"Sentry and Sphere","floor":22,"turns":2},{"damage":0,"enemies":"Slavers","floor":25,"turns":4},{"damage":0,"enemies":"Snake Plant","floor":26,"turns":2},{"damage":4,"enemies":"Book of Stabbing","floor":28,"turns":4},{"damage":0,"enemies":"Chosen and Byrds","floor":30,"turns":4},{"damage":0,"enemies":"3 Cultists","floor":32,"turns":3},{"damage":0,"enemies":"WA_ARCHETYPE_CALM","floor":33,"turns":7},{"damage":0,"enemies":"3 Darklings","floor":36,"turns":4},{"damage":7,"enemies":"2 Orb Walkers","floor":37,"turns":5},{"damage":15,"enemies":"3 Shapes","floor":39,"turns":3},{"damage":43,"enemies":"Transient","floor":40,"turns":5},{"damage":0,"enemies":"Reptomancer","floor":42,"turns":5},{"damage":0,"enemies":"Giant Head","floor":44,"turns":5},{"damage":0,"enemies":"downfall:FleeingMerchant","floor":46,"turns":2},{"damage":0,"enemies":"Spire Growth","floor":49,"turns":2},{"damage":0,"enemies":"DF_ARCHETYPE_ORBS","floor":50,"turns":7},{"damage":5,"enemies":"downfall:CharBossMerchant","floor":52,"turns":4},{"damage":0,"enemies":"downfall:NeowBoss","floor":55,"turns":10},{"damage":0,"enemies":"downfall:NeowBossFinal","floor":56,"turns":7}],"seed_played":"-1871182803225119681","potions_obtained":[{"floor":2,"key":"champ:OpenerPotion"},{"floor":10,"key":"SpeedPotion"},{"floor":13,"key":"Swift Potion"},{"floor":14,"key":"Guardian:BlockOnCardUsePotion"},{"floor":17,"key":"DistilledChaos"},{"floor":22,"key":"Regen Potion"},{"floor":42,"key":"Energy Potion"},{"floor":49,"key":"PowerPotion"}],"is_trial":false,"path_per_floor":["R","M","?","M","$","R","T","E","R","M","?","$","M","E","M","B",null,"R","M","M","$","M","R","T","E","M","R","E","R","M","?","M","B",null,"R","M","?","?","M","M","T","E","?","E","R","$","R","$","M","B",null,"E","$","R","B","B",null],"character_chosen":"THE_CHAMP","items_purchased":["champ:DefensiveStyle","champ:FalseCounter","DollysMirror","ColorlessPotion"],"campfire_rested":0,"item_purchase_floors":[5,21,46,53],"current_hp_per_floor":[81,81,54,54,54,54,54,53,53,53,53,53,49,32,32,31,80,80,80,80,70,70,70,70,70,72,72,70,80,82,82,84,86,100,100,102,97,97,94,53,53,69,118,118,118,118,118,118,120,120,120,120,120,120,120,120],"gold":4,"neow_bonus":"RANDOM_COMMON_RELIC","is_daily":false,"chose_seed":false,"campfire_upgraded":10,"win_rate":0.0,"timestamp":1613590366,"path_taken":["R","M","?","M","$","R","T","E","R","M","?","$","?","E","M","BOSS","R","M","M","$","M","R","T","E","M","R","E","R","M","?","M","BOSS","R","M","?","?","M","M","T","E","?","E","R","$","R","$","M","BOSS","E","$","R","BOSS","BOSS"],"items_purchased_type":["Card","Card","Relic","Potion"],"build_version":"2020-12-22","purchased_purges":3,"victory":true,"max_hp_per_floor":[90,90,90,90,90,90,90,90,90,90,90,90,90,90,90,90,95,95,95,95,95,95,95,95,95,95,95,95,105,105,105,105,105,105,105,105,105,105,105,105,105,105,118,118,118,118,118,118,120,120,120,120,120,120,120,120],"card_choices":[{"not_picked":["champ:Shatter","champ:CalledShot"],"picked":"champ:RageSigil","floor":2},{"not_picked":["champ:BringItOn","champ:BladeFlurry"],"picked":"champ:DefensiveStyle","floor":4},{"not_picked":["champ:ShieldSigil","champ:Parry"],"picked":"champ:PreciseThrust","floor":5},{"not_picked":["champ:SetATrap","champ:SwordSigil"],"picked":"champ:SkillfulDodge","floor":8},{"not_picked":["champ:EnGarde","champ:FocusedBerserking"],"picked":"champ:RageSigil","floor":10},{"not_picked":["champ:FanOfKnives","champ:Backstep","champ:RecklessLeap"],"picked":"SKIP","floor":12},{"not_picked":["champ:RecklessLeap","champ:EnGarde"],"picked":"champ:DefensiveShout","floor":13},{"not_picked":["champ:PerfectedStrike","champ:Shatter"],"picked":"champ:ShieldSigil","floor":14},{"not_picked":["champ:Lariat","champ:FancyFootwork"],"picked":"champ:ShieldThrow","floor":15},{"not_picked":["champ:TripleStrike","champ:EnchantShield"],"picked":"champ:Improvising","floor":16},{"not_picked":["champ:StanceDance","champ:EnGarde"],"picked":"champ:Haymaker","floor":17},{"not_picked":["champ:GutPunch+1","champ:AdrenalArmor","champ:BerserkersShout"],"picked":"SKIP","floor":19},{"not_picked":["champ:AdrenalArmor","champ:ViciousMockery"],"picked":"champ:FlashCut","floor":20},{"not_picked":["champ:FlashCut","champ:RisingSlash"],"picked":"champ:FocusedDefense","floor":21},{"not_picked":["champ:PreciseThrust","champ:CrookedStrike+1"],"picked":"champ:Circumvent","floor":22},{"not_picked":["champ:EnGarde+1","champ:FaceSlap"],"picked":"champ:RageSigil","floor":25},{"not_picked":["champ:BringItOn","champ:FaceSlap"],"picked":"champ:Circumvent","floor":26},{"not_picked":["champ:GutPunch","champ:Shatter"],"picked":"champ:RapidStrikes","floor":28},{"not_picked":["champ:Endure","champ:PreciseThrust","champ:AdrenalArmor"],"picked":"SKIP","floor":30},{"not_picked":["champ:Circumvent","champ:Shatter"],"picked":"champ:ShieldWall+1","floor":32},{"not_picked":["champ:Shatter","champ:FaceSlap","champ:PerfectedStrike"],"picked":"SKIP","floor":36},{"not_picked":["champ:BerserkersShout+1","champ:EnragedBash"],"picked":"champ:FlashCut+1","floor":39},{"not_picked":["champ:DeathBlow","champ:FaceSlap"],"picked":"champ:DefensiveStyle","floor":40},{"not_picked":["champ:Encircle","champ:PerfectedStrike"],"picked":"champ:Lariat","floor":42},{"not_picked":["champ:VampiricStrike","champ:TornadoPunch+1"],"picked":"champ:ArenaPreparation","floor":44},{"not_picked":["champ:TornadoPunch+1","champ:Shatter"],"picked":"champ:ShieldSlam+1","floor":46},{"not_picked":["champ:Circumvent","champ:Shatter","champ:BringItOn"],"picked":"Singing Bowl","floor":49},{"not_picked":["champ:EnGarde+1","champ:EnragedBash"],"picked":"champ:RageSigil+1","floor":52}],"player_experience":2821275,"relics_obtained":[{"floor":7,"key":"hexamod:BolsterEngine"},{"floor":8,"key":"Bag of Preparation"},{"floor":14,"key":"sneckomod:BlankCard"},{"floor":25,"key":"Blood Vial"},{"floor":28,"key":"Slimebound:PreparedRelic"},{"floor":34,"key":"Akabeko"},{"floor":34,"key":"Mummified Hand"},{"floor":34,"key":"Calipers"},{"floor":37,"key":"champ:SignatureFinisher"},{"floor":41,"key":"Singing Bowl"},{"floor":42,"key":"Orichalcum"},{"floor":44,"key":"MealTicket"},{"floor":52,"key":"FossilizedHelix"}],"event_choices":[{"damage_healed":0,"gold_gain":0,"player_choice":"Fight","damage_taken":0,"max_hp_gain":0,"max_hp_loss":0,"event_name":"Mysterious Sphere","floor":37,"gold_loss":0},{"cards_removed":["champ:Defend"],"damage_healed":0,"gold_gain":0,"player_choice":"Removed Skill","damage_taken":0,"max_hp_gain":0,"max_hp_loss":0,"event_name":"Falling","floor":38,"gold_loss":0}],"is_beta":false,"boss_relics":[{"not_picked":["champ:PowerArmor","bronze:MakeshiftBattery"],"picked":"Tiny House"},{"not_picked":["Snecko Eye","Black Star"],"picked":"Calling Bell"}],"items_purged_floors":[5,46,48],"is_endless":false,"potions_floor_spawned":[2,10,13,14,22,28,30,32,33,37,39,42,49,52],"ascension_level":6}}