{"host":"ws4mzzemcqsz5e2k","time":1613569297,"event":{"mods":["Act Like it!","BaseMod","Colored Powertips","Energized Spire","Minty Spire (QoL Compilation)","Quick Restart","Relic Filter Mod","StSLib","没有小屋子和绿帽子啦"],"gold_per_floor":[113,123,123,135,135,166,180,214,265,290,290,330,120,133,133,224,224,239,257,257,281,299,335,347,399,437,469,481,46,46,71,71,165,165,188,188,0,75,100,143,168,203,226,241,241,241,281,301,301,394,492,492,512,543,214,227,243,243,277,277,326,407,407,432,432,148,148,246,246,260,278,278,111,136,136,150,193,229,248,288,126,126,126,126,219,219,234,234,250,250,274,274,274],"floor_reached":92,"language":"ZHS","playtime":32730,"items_purged":[],"score":5332,"play_id":"0315fdc8-6904-4df7-87db-1771668a7878","local_time":"20210217214137","daily_mods":["SealedDeck","Heirloom"],"is_ascension_mode":true,"campfire_choices":[{"data":"Defragment","floor":15.0,"key":"SMITH"},{"data":"Barrage","floor":24,"key":"SMITH"},{"data":"Coolheaded","floor":28,"key":"SMITH"},{"data":"Coolheaded","floor":30,"key":"SMITH"},{"data":"Capacitor","floor":32,"key":"SMITH"},{"data":"Turbo","floor":49,"key":"SMITH"},{"data":"Genetic Algorithm","floor":58,"key":"SMITH"},{"data":"Heatsinks","floor":60,"key":"SMITH"},{"data":"Buffer","floor":63,"key":"SMITH"},{"data":"Self Repair","floor":67,"key":"SMITH"},{"data":"RitualDagger","floor":75,"key":"SMITH"},{"data":"Hologram","floor":84,"key":"SMITH"}],"circlet_count":0,"master_deck":["AscendersBane","Barrage+1","Turbo+1","Hologram+1","Beam Cell+1","Cold Snap","Ball Lightning","Defragment+1","Coolheaded+1","Capacitor+1","Coolheaded+1","Hello World","Self Repair+1","White Noise+1","Buffer+1","Heatsinks+1","Buffer+1","Storm+1","Genetic Algorithm+1","Biased Cognition+1","RitualDagger+1","Recycle+1"],"relics":["Cracked Core","TungstenRod","Pen Nib","Sundial","Dream Catcher","Boot","Golden Idol","HornCleat","ClockworkSouvenir","Coffee Dripper","MawBank","White Beast Statue","Happy Flower","Shuriken","HandDrill","Black Star","Red Mask","Pantograph","Letter Opener","PreservedInsect","Bag of Preparation","DataDisk","Whetstone","Frozen Egg 2","Omamori","Lantern","Calipers","Ancient Tea Set","Unceasing Top","Toxic Egg 2","Nuclear Battery","OrangePellets","Bag of Marbles","Empty Cage"],"acts_visited":["Exordium","TheCity","TheBeyond","Exordium","TheCity","TheBeyond"],"potions_floor_usage":[23,33,39,41,42,51],"damage_taken":[{"damage":0.0,"enemies":"Cultist","floor":1.0,"turns":2.0},{"damage":0.0,"enemies":"Small Slimes","floor":2.0,"turns":2.0},{"damage":0.0,"enemies":"Jaw Worm","floor":4.0,"turns":2.0},{"damage":12.0,"enemies":"3 Sentries","floor":6.0,"turns":6.0},{"damage":3.0,"enemies":"Lots of Slimes","floor":7.0,"turns":3.0},{"damage":0.0,"enemies":"Gremlin Nob","floor":8.0,"turns":2.0},{"damage":0.0,"enemies":"Lagavulin","floor":10.0,"turns":5.0},{"damage":3.0,"enemies":"3 Sentries","floor":12.0,"turns":6.0},{"damage":10.0,"enemies":"Red Slaver","floor":14.0,"turns":3.0},{"damage":0.0,"enemies":"Hexaghost","floor":16.0,"turns":9.0},{"damage":12.0,"enemies":"Shell Parasite","floor":18.0,"turns":4.0},{"damage":0.0,"enemies":"Spheric Guardian","floor":19.0,"turns":3.0},{"damage":0,"enemies":"Chosen and Byrds","floor":21,"turns":4},{"damage":0,"enemies":"Snecko","floor":22,"turns":3},{"damage":23,"enemies":"Slavers","floor":23,"turns":6},{"damage":13,"enemies":"Gremlin Leader","floor":25,"turns":5},{"damage":0,"enemies":"3 Cultists","floor":27,"turns":5},{"damage":0,"enemies":"Sentry and Sphere","floor":31,"turns":3},{"damage":0,"enemies":"Collector","floor":33,"turns":5},{"damage":3,"enemies":"Orb Walker","floor":35,"turns":3},{"damage":0,"enemies":"3 Darklings","floor":39,"turns":3},{"damage":8,"enemies":"Giant Head","floor":40,"turns":5},{"damage":16,"enemies":"Transient","floor":41,"turns":6},{"damage":0,"enemies":"Nemesis","floor":42,"turns":7},{"damage":0,"enemies":"Maw","floor":44,"turns":3},{"damage":0,"enemies":"Reptomancer","floor":47,"turns":3},{"damage":0,"enemies":"3 Darklings","floor":48,"turns":3},{"damage":52,"enemies":"Awakened One","floor":50,"turns":7},{"damage":8,"enemies":"Donu and Deca","floor":51,"turns":8},{"damage":0,"enemies":"Cultist","floor":53,"turns":2},{"damage":0,"enemies":"Lagavulin","floor":54,"turns":2},{"damage":0,"enemies":"Jaw Worm","floor":56,"turns":1},{"damage":0,"enemies":"Small Slimes","floor":57,"turns":1},{"damage":0,"enemies":"Gremlin Nob","floor":59,"turns":2},{"damage":0,"enemies":"3 Sentries","floor":62,"turns":2},{"damage":0,"enemies":"Gremlin Gang","floor":64,"turns":2},{"damage":0,"enemies":"Hexaghost","floor":68,"turns":5},{"damage":0,"enemies":"Spheric Guardian","floor":70,"turns":1},{"damage":0,"enemies":"Chosen","floor":71,"turns":3},{"damage":20,"enemies":"Snake Plant","floor":74,"turns":3},{"damage":0,"enemies":"Shelled Parasite and Fungi","floor":76,"turns":2},{"damage":15,"enemies":"Book of Stabbing","floor":77,"turns":3},{"damage":0,"enemies":"Slavers","floor":78,"turns":1},{"damage":12,"enemies":"Centurion and Healer","floor":79,"turns":2},{"damage":0,"enemies":"Book of Stabbing","floor":80,"turns":3},{"damage":0,"enemies":"Automaton","floor":85,"turns":3},{"damage":0,"enemies":"Orb Walker","floor":87,"turns":1},{"damage":0,"enemies":"3 Shapes","floor":89,"turns":1},{"damage":0,"enemies":"Jaw Worm Horde","floor":91,"turns":1},{"damage":0,"enemies":"Reptomancer","floor":92,"turns":2}],"seed_played":"6986551988743862934","potions_obtained":[{"floor":4.0,"key":"Dexterity Potion"},{"floor":6.0,"key":"Dexterity Potion"},{"floor":7.0,"key":"DistilledChaos"},{"floor":8.0,"key":"Block Potion"},{"floor":12.0,"key":"SmokeBomb"},{"floor":21,"key":"Energy Potion"},{"floor":27,"key":"CultistPotion"},{"floor":31,"key":"Swift Potion"},{"floor":33,"key":"SkillPotion"},{"floor":39,"key":"Fire Potion"},{"floor":41,"key":"FocusPotion"},{"floor":42,"key":"Dexterity Potion"},{"floor":48,"key":"Fruit Juice"},{"floor":51,"key":"DuplicationPotion"}],"is_trial":true,"path_per_floor":["M","M","?","M","$","E","M","E","T","E","?","E","$","M","R","B",null,"M","M","?","M","M","E","R","E","T","M","R","$","R","M","R","B",null,"M","?","?","T","M","E","M","E","T","M","?","T","E","M","R","B","B",null,"M","E","$","M","M","R","E","R","T","?","R","M","?","$","R","B",null,"M","M","?","$","M","R","M","E","E","M","E","$","?","$","R","B",null,"M","?","M","$","M","E"],"character_chosen":"DEFECT","items_purchased":["ClockworkSouvenir","Self Repair","Shuriken","HandDrill","Calipers","Toxic Egg 2","OrangePellets","Bag of Marbles"],"campfire_rested":0,"item_purchase_floors":[13,13,29,29,55,66,73,81],"current_hp_per_floor":[64,64,64,64,64,52,49,49,49,49,26,23,23,20,20,27,60,55,62,62,69,71,55,55,49,49,56,56,56,56,63,63,70,71,68,68,68,68,71,70,61,68,68,71,71,71,71,71,71,26,50,66,71,71,71,71,71,71,71,71,71,71,71,71,68,68,68,71,71,71,71,66,66,56,56,66,61,71,69,71,71,71,71,71,71,71,71,71,71,71,71,71,71],"gold":274,"neow_bonus":"","is_daily":false,"chose_seed":false,"campfire_upgraded":12,"win_rate":0.0,"timestamp":1613569297,"path_taken":["M","M","?","M","$","E","M","E","T","E","?","E","$","M","R","BOSS","M","M","?","M","?","E","R","E","T","M","R","$","R","M","R","BOSS","M","?","?","?","M","E","M","E","T","M","?","?","E","M","R","BOSS","BOSS","M","?","$","M","M","R","E","R","T","?","R","M","?","$","R","BOSS","M","M","?","$","M","R","M","E","E","M","E","$","?","$","R","BOSS","M","?","M","$","M","E"],"items_purchased_type":["Relic","Card","Relic","Relic","Relic","Relic","Relic","Relic"],"build_version":"2020-12-22","purchased_purges":0,"victory":false,"max_hp_per_floor":[71,71,71,71,71,71,71,71,71,71,71,71,71,71,71,71,71,71,71,71,71,71,71,71,71,71,71,71,71,71,71,71,71,71,71,71,71,71,71,71,71,71,71,71,71,71,71,71,71,71,71,71,71,71,71,71,71,71,71,71,71,71,71,71,71,71,71,71,71,71,71,71,71,71,71,71,71,71,71,71,71,71,71,71,71,71,71,71,71,71,71,71,71],"card_choices":[{"not_picked":["Barrage","Streamline","FTL"],"picked":"SKIP","floor":1.0},{"not_picked":["Doom and Gloom","Barrage"],"picked":"Coolheaded","floor":2.0},{"not_picked":["Thunder Strike","Compile Driver","Ball Lightning"],"picked":"SKIP","floor":4.0},{"not_picked":["Gash","Conserve Battery"],"picked":"Capacitor","floor":6.0},{"not_picked":["Streamline","Doom and Gloom","Ball Lightning"],"picked":"SKIP","floor":7.0},{"not_picked":["Capacitor","Steam Power"],"picked":"Coolheaded","floor":8.0},{"not_picked":["Cold Snap","Force Field","Undo"],"picked":"SKIP","floor":10.0},{"not_picked":["Double Energy","Lockon"],"picked":"Hello World","floor":12.0},{"not_picked":["Loop","Barrage","Leap"],"picked":"SKIP","floor":14.0},{"not_picked":["BootSequence","Sweeping Beam"],"picked":"White Noise+1","floor":18.0},{"not_picked":["Go for the Eyes","Barrage","Redo"],"picked":"SKIP","floor":19.0},{"not_picked":["Go for the Eyes","Cold Snap","Hologram"],"picked":"SKIP","floor":21},{"not_picked":["Cold Snap","Steam Power","Conserve Battery"],"picked":"SKIP","floor":22},{"not_picked":["Hologram","Rainbow","Sweeping Beam"],"picked":"SKIP","floor":23},{"not_picked":["Doom and Gloom","Hello World","Sweeping Beam"],"picked":"SKIP","floor":25},{"not_picked":["Redo","Turbo","Leap"],"picked":"SKIP","floor":27},{"not_picked":["Barrage","Hello World","Beam Cell"],"picked":"SKIP","floor":31},{"not_picked":["Cold Snap","Go for the Eyes+1","Lockon+1"],"picked":"SKIP","floor":35},{"not_picked":["Reprogram","Glacier"],"picked":"Heatsinks","floor":39},{"not_picked":["Sweeping Beam+1","Glacier","Amplify"],"picked":"SKIP","floor":40},{"not_picked":["Reinforced Body","Compile Driver","Auto Shields"],"picked":"SKIP","floor":41},{"not_picked":["Static Discharge+1","Ball Lightning+1","Coolheaded"],"picked":"SKIP","floor":42},{"not_picked":["Coolheaded","Gash+1","Beam Cell+1"],"picked":"SKIP","floor":44},{"not_picked":["FTL","Sweeping Beam","Steam"],"picked":"SKIP","floor":47},{"not_picked":["Skim","Beam Cell+1","Leap"],"picked":"SKIP","floor":48},{"not_picked":["Core Surge","Amplify"],"picked":"Buffer+1","floor":50},{"not_picked":["Coolheaded","Go for the Eyes","Beam Cell"],"picked":"SKIP","floor":53},{"not_picked":["Coolheaded","Cold Snap"],"picked":"Storm+1","floor":54},{"not_picked":["Rebound","Steam","Sunder"],"picked":"SKIP","floor":56},{"not_picked":["Redo","Compile Driver"],"picked":"Genetic Algorithm","floor":57},{"not_picked":["Ball Lightning","Streamline","Stack"],"picked":"SKIP","floor":59},{"not_picked":["Redo","FTL","Coolheaded"],"picked":"SKIP","floor":64},{"not_picked":["Creative AI+1","Meteor Strike"],"picked":"Biased Cognition+1","floor":68},{"not_picked":["Go for the Eyes","Cold Snap","Rebound"],"picked":"SKIP","floor":70},{"not_picked":["Ball Lightning","Beam Cell","Rebound"],"picked":"SKIP","floor":71},{"not_picked":["Rebound","Streamline"],"picked":"Recycle+1","floor":74},{"not_picked":["Gash","Compile Driver","Hello World+1"],"picked":"SKIP","floor":76},{"not_picked":["Rebound","Steam+1","Cold Snap"],"picked":"SKIP","floor":77},{"not_picked":["Gash","Darkness+1","Fusion+1"],"picked":"SKIP","floor":78},{"not_picked":["Static Discharge+1","Go for the Eyes","Coolheaded+1"],"picked":"SKIP","floor":79},{"not_picked":["Barrage+1","Multi-Cast+1","Sunder"],"picked":"SKIP","floor":80},{"not_picked":["Beam Cell+1","Streamline","Consume+1"],"picked":"SKIP","floor":87},{"not_picked":["Chill+1","Ball Lightning","Steam Power+1"],"picked":"SKIP","floor":89},{"not_picked":["Redo+1","Leap+1","Hologram+1"],"picked":"SKIP","floor":91}],"player_experience":1538983,"relics_obtained":[{"floor":6.0,"key":"Pen Nib"},{"floor":8.0,"key":"Sundial"},{"floor":9.0,"key":"Dream Catcher"},{"floor":10.0,"key":"Boot"},{"floor":12.0,"key":"HornCleat"},{"floor":23,"key":"MawBank"},{"floor":25,"key":"White Beast Statue"},{"floor":26,"key":"Happy Flower"},{"floor":38,"key":"Pantograph"},{"floor":40,"key":"Letter Opener"},{"floor":40,"key":"PreservedInsect"},{"floor":42,"key":"Bag of Preparation"},{"floor":42,"key":"DataDisk"},{"floor":43,"key":"Whetstone"},{"floor":46,"key":"Frozen Egg 2"},{"floor":47,"key":"Omamori"},{"floor":47,"key":"Lantern"},{"floor":61,"key":"Ancient Tea Set"}],"event_choices":[{"damage_healed":0.0,"max_hp_gain":0.0,"max_hp_loss":0.0,"gold_gain":0.0,"event_name":"The Cleric","player_choice":"Leave","floor":3.0,"gold_loss":0.0,"damage_taken":0.0},{"damage_healed":0.0,"max_hp_gain":0.0,"max_hp_loss":0.0,"gold_gain":0.0,"event_name":"Golden Idol","player_choice":"Take Damage","floor":11.0,"gold_loss":0.0,"damage_taken":24.0,"relics_obtained":["Golden Idol"]},{"damage_healed":0,"gold_gain":0,"player_choice":"1 cards matched","damage_taken":0,"max_hp_gain":0,"max_hp_loss":0,"event_name":"Match and Keep!","floor":20,"gold_loss":0,"cards_obtained":["Buffer"]},{"cards_removed":["Gash"],"damage_healed":0,"gold_gain":0,"player_choice":"Removed Attack","damage_taken":0,"max_hp_gain":0,"max_hp_loss":0,"event_name":"Falling","floor":36,"gold_loss":0},{"damage_healed":0,"gold_gain":0,"player_choice":"Paid","damage_taken":0,"relics_obtained":["Red Mask"],"max_hp_gain":0,"max_hp_loss":0,"event_name":"Tomb of Lord Red Mask","floor":37,"gold_loss":188},{"damage_healed":0,"gold_gain":0,"player_choice":"Ignored","damage_taken":0,"max_hp_gain":0,"max_hp_loss":0,"event_name":"The Moai Head","floor":45,"gold_loss":0},{"damage_healed":0,"gold_gain":0,"player_choice":"Searched \u00272\u0027 times","damage_taken":0,"relics_obtained":["Unceasing Top"],"max_hp_gain":0,"max_hp_loss":0,"event_name":"Dead Adventurer","floor":62,"gold_loss":0},{"damage_healed":0,"gold_gain":0,"player_choice":"Bought 0 Potions","damage_taken":0,"max_hp_gain":0,"max_hp_loss":0,"event_name":"The Woman in Blue","floor":65,"gold_loss":0},{"damage_healed":0,"gold_gain":0,"player_choice":"Joined the Cult","damage_taken":6,"max_hp_gain":0,"max_hp_loss":0,"event_name":"Nest","floor":72,"gold_loss":0,"cards_obtained":["RitualDagger"]},{"damage_healed":0,"gold_gain":0,"player_choice":"Ignored","damage_taken":0,"max_hp_gain":0,"max_hp_loss":0,"event_name":"The Mausoleum","floor":82,"gold_loss":0},{"damage_healed":0,"gold_gain":0,"player_choice":"Ignored","damage_taken":0,"max_hp_gain":0,"max_hp_loss":0,"event_name":"SecretPortal","floor":88,"gold_loss":0}],"is_beta":false,"boss_relics":[{"not_picked":["energizedSpire:EnergizedDie","energizedSpire:NeverEndingSparkler"],"picked":"Coffee Dripper"},{"not_picked":["energizedSpire:DeadBattery","Fusion Hammer"],"picked":"Black Star"},{"not_picked":["Cursed Key","Snecko Eye","energizedSpire:UnstableMolecules"]},{"not_picked":["FrozenCore","energizedSpire:UnstableMolecules"],"picked":"Nuclear Battery"},{"not_picked":["SlaversCollar","Snecko Eye"],"picked":"Empty Cage"}],"items_purged_floors":[],"is_endless":true,"potions_floor_spawned":[4,6,7,8,12,16,21,22,27,31,33,35,39,40,41,42,44,47,48,50,51,53,54,56,57,59,62,64,68,70,71,74,76,77,78,79,80,85,87,89,91],"killed_by":"Reptomancer","ascension_level":20}}