{"host":"hl2lcm3kcu0x5jvn","time":1613577092,"event":{"mods":["AchievementEnabler","BaseMod","Bestiary","Conspire","Downfall","Friendly Minions","Highlight Path","Hubris","Infinite Spire","Lobotomy","LobotomyExtend","Minty Spire (QoL Compilation)","Replay The Spire","Shop Mod","StSLib","everything is the same but u backflip on backflip"],"gold_per_floor":[99,114,129,144,159,159,159,159,159,174,174,189,204,219,234,334,334,334,349,349,364,67,82,157,157,157,157],"floor_reached":25,"language":"ENG","playtime":1332,"items_purged":["Regret"],"score":274,"play_id":"dadc5095-02d4-4aea-b9e4-c528d3108065","local_time":"20210217225132","daily_mods":["Insanity","Green Cards","Binary"],"is_ascension_mode":false,"campfire_choices":[{"data":"Deadly Poison","floor":1,"key":"SMITH"},{"data":"Backstab","floor":6,"key":"SMITH"},{"data":"Envenom","floor":18,"key":"SMITH"}],"circlet_count":0,"master_deck":["Slimebound:ProtectTheBoss","Slimebound:Schlurp","Blade Dance","Noxious Fumes","Slimebound:ServeAndProtect","Dagger Throw","Eviscerate","Slimebound:Schlurp","Quick Slash","Dodge and Roll","Slimebound:LeechEnergy","Slimebound:SplitMire","Slimebound:SplitAcid","Dodge and Roll","Slimebound:SlimeSpikes","Terror","Quick Slash","Slimebound:SplitSpecialist","Endless Agony","Slimebound:Schlurp","Slimebound:Repurpose","Reflex","Draining Mist","Deadly Poison+1","Blur","Slimebound:Prepare","Prepared","Fluid Movement","Choke","Underhanded Strike","PiercingWail","Slimebound:GoopSpray","Slimebound:SplitBruiser","Caltrops","Slimebound:RainOfGoop","Slimebound:ComboTackle","Slimebound:Schlurp","ReplayTheSpireMod:Tripwire","Bane","Slimebound:Prepare","Footwork","Slimebound:LivingWall","Slimebound:SlimeBarrage","Dodge and Roll","Hidden Blade","hubris:SlightOfHand","Slimebound:LeechingTouch","Slimebound:SplitAcid","Cloak And Dagger","hubris:SlightOfHand","Slimebound:LeechEnergy","Quick Slash","Cloak And Dagger","Backstab+1","Pain","Flying Knee","Poisoned Stab","Backflip","Slimebound:SlimeBarrage","Envenom+1","Slimebound:MinionMaster","Skewer","Writhe","Slimebound:Repurpose+1","conspire:PoisonWeapons","Infinite Blades+1","Well Laid Plans"],"relics":["Slimebound:AbsorbEndCombat","LetterFromLob","Replay:WaspNest","hubris:Towel","WarpedTongs","Slimebound:StickyStick","SacredBark","hubris:Metronome","Omamori","InkBottle"],"acts_visited":["Exordium","TheCity"],"potions_floor_usage":[16,22,25,25,25],"damage_taken":[{"damage":0,"enemies":"Small Slimes","floor":2,"turns":2},{"damage":0,"enemies":"Cultist","floor":3,"turns":3},{"damage":0,"enemies":"2 Louse","floor":4,"turns":2},{"damage":0,"enemies":"2 Fungi Beasts","floor":5,"turns":2},{"damage":11,"enemies":"conspire:2 RoseBushes","floor":10,"turns":2},{"damage":12,"enemies":"Blue Slaver","floor":12,"turns":2},{"damage":30,"enemies":"Exordium Thugs","floor":13,"turns":3},{"damage":12,"enemies":"Exordium Wildlife","floor":14,"turns":2},{"damage":0,"enemies":"3 Louse","floor":15,"turns":2},{"damage":10,"enemies":"SI_SHIV_ARCHETYPE","floor":16,"turns":6},{"damage":13,"enemies":"Spheric Guardian","floor":19,"turns":5},{"damage":3,"enemies":"conspire:FuzzyDice","floor":21,"turns":5},{"damage":2,"enemies":"downfall:FleeingMerchant","floor":22,"turns":4},{"damage":44,"enemies":"Cultist and Chosen","floor":23,"turns":4},{"damage":21,"enemies":"Snake Plant","floor":25,"turns":2}],"seed_played":"6706742764168558924","potions_obtained":[{"floor":2,"key":"Regen Potion"},{"floor":10,"key":"LiquidMemories"},{"floor":12,"key":"Elixir"},{"floor":13,"key":"EntropicBrew"},{"floor":16,"key":"hexamod:SoulburnPotion"},{"floor":23,"key":"Explosive Potion"}],"is_trial":false,"path_per_floor":["R","M","M","M","M","R","T","?","?","M","?","M","M","M","M","B",null,"R","M","?","M","$","M","T","M"],"character_chosen":"SLIMEBOUND","items_purchased":["Infinite Blades+1","Omamori"],"campfire_rested":0,"item_purchase_floors":[22,22],"current_hp_per_floor":[65,65,65,65,65,65,65,65,65,58,58,48,24,12,18,29,65,65,54,54,55,57,15,15,0,0,0],"gold":157,"neow_bonus":"","is_daily":true,"chose_seed":false,"campfire_upgraded":3,"win_rate":0.0,"timestamp":1613577092,"path_taken":["R","M","M","M","M","R","T","?","?","?","?","M","M","M","M","BOSS","R","M","?","M","$","M","T","M"],"items_purchased_type":["Card","Relic"],"build_version":"2020-12-22","purchased_purges":1,"victory":false,"max_hp_per_floor":[65,65,65,65,65,65,65,65,65,65,65,65,65,65,65,65,65,65,65,65,65,65,65,65,65,65,65],"card_choices":[{"not_picked":["Skewer"],"picked":"Slimebound:LeechEnergy","floor":2},{"not_picked":["Slimebound:ComboTackle"],"picked":"Quick Slash","floor":3},{"not_picked":["Endless Agony"],"picked":"Cloak And Dagger","floor":4},{"not_picked":["Slimebound:SlimeSpikes"],"picked":"Backstab","floor":5},{"not_picked":["Slimebound:Grow"],"picked":"Flying Knee","floor":10},{"not_picked":["Dodge and Roll"],"picked":"Poisoned Stab","floor":12},{"not_picked":["Slimebound:Chomp"],"picked":"Backflip","floor":13},{"not_picked":["ReplayTheSpireMod:Shiv Toss"],"picked":"Slimebound:SlimeBarrage","floor":14},{"not_picked":["hubris:SlightOfHand"],"picked":"Envenom","floor":15},{"not_picked":["Atom Bomb"],"picked":"Slimebound:MinionMaster","floor":16},{"not_picked":["Calculated Gamble"],"picked":"Skewer","floor":19},{"not_picked":["Prepared"],"picked":"Slimebound:Repurpose+1","floor":21},{"not_picked":["Slimebound:SlimeSpikes+1"],"picked":"conspire:PoisonWeapons","floor":22},{"not_picked":["ReplayTheSpireMod:Speed Training+1"],"picked":"Well Laid Plans","floor":23}],"player_experience":123214,"relics_obtained":[{"floor":2,"key":"LetterFromLob"},{"floor":7,"key":"Replay:WaspNest"},{"floor":24,"key":"InkBottle"}],"event_choices":[{"damage_healed":0,"gold_gain":0,"player_choice":"Rummage","damage_taken":0,"relics_obtained":["WarpedTongs"],"max_hp_gain":0,"max_hp_loss":0,"event_name":"Accursed Blacksmith","floor":9,"gold_loss":0,"cards_obtained":["Pain"]},{"damage_healed":0,"gold_gain":0,"player_choice":"Box","damage_taken":0,"relics_obtained":["Slimebound:StickyStick"],"max_hp_gain":0,"max_hp_loss":0,"event_name":"Big Fish","floor":11,"gold_loss":0,"cards_obtained":["Regret"]}],"is_beta":false,"boss_relics":[{"not_picked":["Painkiller Herb","Empty Cage"],"picked":"SacredBark"}],"items_purged_floors":[22],"is_endless":false,"potions_floor_spawned":[2,10,12,13,16,23],"killed_by":"Snake Plant","ascension_level":0}}