{"host":"acw864156wjp8gcv","time":1613597500,"event":{"mods":["2.2 Compatiblity","AchievementEnabler","Ascension Reborn","Aspiration","BaseMod","Beaked The Cultist","Better Altar","Better Match","Better Note","Better Sensory Stone","Better Silent Start","Better Skull","Better Third Choice","Better Vampires","BetterRewards","Challenge The Spire","Colored Map","Colored Powertips","Conspire","Curses Come First","Downfall","Energized Spire","GifTheSpireLib","Halation","Hubris","Infinite Spire","Ironclad Rager","Jedi Mod","Mimic Mod","Minty Spire (QoL Compilation)","Permanent Neow","Relic Sorter","Replay The Spire","Robot Space Explorer","Shop Mod","Spicy Shops","Spikes Relics","StSLib","Stuff the Spire","The Blue Laboratory","The Construct","The Jungle","The Marked","Wandering Minibosses","everything is the same but u backflip on backflip"],"gold_per_floor":[111,133,133,58,58,58,92,105,105,116,116,128,163,173,173,269,269,285,285,303,42,55,85,101,119,142,57,73,89,89,116,116,211,211,231,243,263,314,331,366,366,366,366,366,383,383,394,431,431,431,431,431,78,113,113],"floor_reached":56,"language":"ENG","playtime":2110,"items_purged":["Defend_G+1","Defend_G+1"],"score":1288,"play_id":"9f3b0c05-3bd7-4283-9c92-d77bec5d30dd","local_time":"20210217153140","is_ascension_mode":true,"campfire_choices":[{"data":"jedi:pocketpoison","floor":6,"key":"SMITH"},{"data":"conspire:PoisonWeapons","floor":15,"key":"SMITH"},{"data":"Blade Dance","floor":30,"key":"SMITH"},{"data":"Adrenaline","floor":32,"key":"SMITH"},{"data":"Adrenaline","floor":41,"key":"SMITH"},{"data":"After Image","floor":44,"key":"SMITH"},{"data":"StuffTheSpire:DoubleShiv","floor":46,"key":"SMITH"},{"data":"Expertise","floor":49,"key":"SMITH"},{"data":"Backflip","floor":52,"key":"SMITH"}],"circlet_count":0,"master_deck":["Neutralize+1","jedi:pocketpoison+1","jedi:pocketpoison+1","Backflip+1","conspire:PoisonWeapons+1","StuffTheSpire:DoubleShiv+1","Adrenaline+1","Blade Dance+1","Finisher+1","Finisher+1","Adrenaline+1","StuffTheSpire:DoubleShiv+1","Glass Knife+1","Expertise+1","After Image+1","Blade Dance+1"],"relics":["Ring of the Snake","wanderingMiniBosses:Blackblade","MiniBlackHole","StuffTheSpire:OccultApparatus","aspiration:Nostalgia","SpikesRelics:ToyHorsey","infinitespire:Broken Mirror","RobotSpaceExplorer:RoboCore","Molten Egg 2","ReplayTheSpireMod:Lightbulb","ToxicTincture","Akabeko","StuffTheSpire:PointBlank","conspire:SpecialSausage","Matryoshka","Sozu","aspiration:ChemicalBlood","Blue Candle","ReplayTheSpireMod:TigerMarble","Snake Skull","CeramicFish","halation:Diary","LugNut"],"acts_visited":["Exordium","TheCity","TheBeyond","TheEnding"],"potions_floor_usage":[20],"damage_taken":[{"damage":0.0,"enemies":"Cultist","floor":1.0,"turns":2.0},{"damage":0.0,"enemies":"2 Louse","floor":2.0,"turns":3.0},{"damage":3,"enemies":"3 Sentries","floor":7,"turns":6},{"damage":0,"enemies":"Jaw Worm","floor":8,"turns":2},{"damage":0,"enemies":"Blue Slaver","floor":10,"turns":2},{"damage":0,"enemies":"Exordium Wildlife","floor":12,"turns":2},{"damage":0,"enemies":"Gremlin Nob","floor":13,"turns":2},{"damage":0,"enemies":"2 Fungi Beasts","floor":14,"turns":2},{"damage":4,"enemies":"Slime Boss","floor":16,"turns":7},{"damage":0,"enemies":"Shell Parasite","floor":18,"turns":3},{"damage":0,"enemies":"3 Byrds","floor":20,"turns":7},{"damage":0,"enemies":"Sentry and Sphere","floor":22,"turns":3},{"damage":3,"enemies":"Slavers","floor":23,"turns":2},{"damage":0,"enemies":"Shelled Parasite and Fungi","floor":24,"turns":2},{"damage":0,"enemies":"Snake Plant","floor":25,"turns":1},{"damage":0,"enemies":"3 Cultists","floor":28,"turns":1},{"damage":0,"enemies":"conspire:HollyBat","floor":29,"turns":2},{"damage":0,"enemies":"conspire:SneckoGhost","floor":31,"turns":2},{"damage":0,"enemies":"Champ","floor":33,"turns":1},{"damage":0,"enemies":"3 Shapes","floor":35,"turns":1},{"damage":0,"enemies":"Orb Walker","floor":36,"turns":1},{"damage":0,"enemies":"Transient","floor":37,"turns":3},{"damage":0,"enemies":"Spire Growth","floor":39,"turns":1},{"damage":0,"enemies":"Nightmare","floor":40,"turns":2},{"damage":0,"enemies":"4 Shapes","floor":45,"turns":1},{"damage":0,"enemies":"3 Darklings","floor":47,"turns":2},{"damage":0,"enemies":"Giant Head","floor":48,"turns":1},{"damage":5,"enemies":"Replay:Hell Engine","floor":50,"turns":2},{"damage":0,"enemies":"Shield and Spear","floor":54,"turns":1},{"damage":27,"enemies":"The Heart","floor":55,"turns":3}],"seed_played":"-5092121446615875782","potions_obtained":[{"floor":1.0,"key":"AttackPotion"},{"floor":2.0,"key":"blueLaboratory:LouseDecoction"},{"floor":2.0,"key":"blueLaboratory:HorrorPotion"},{"floor":20,"key":"blueLaboratory:BottledHope"},{"floor":25,"key":"Adrenaline Potion"},{"floor":31,"key":"blueLaboratory:NinjaPotion"}],"is_trial":false,"path_per_floor":["M","M","?","$","?","R","E","M","T","M","?","M","E","M","R","B",null,"M","?","M","$","M","E","M","M","T","$","M","M","R","E","R","B",null,"M","M","M","?","M","NM","R","?","T","R","M","R","M","E","R","B",null,"R","$","E","B",null],"character_chosen":"THE_SILENT","items_purchased":["Adrenaline","ToxicTincture","Akabeko","Bane+1","halation:Diary","LugNut"],"campfire_rested":0,"item_purchase_floors":[21,27,27,27,53,53],"current_hp_per_floor":[74,74,74,74,67,67,64,64,64,64,64,64,64,64,64,60,74,74,74,74,74,74,71,71,71,71,71,71,71,71,71,71,71,74,74,74,74,56,56,56,56,51,51,51,51,51,51,51,51,46,74,74,74,74,47],"gold":113,"neow_bonus":"NOSTALGIA","is_daily":false,"chose_seed":false,"campfire_upgraded":9,"win_rate":0.0,"timestamp":1613597500,"path_taken":["M","M","?","$","?","R","E","M","T","M","?","M","E","M","R","BOSS","M","?","M","?","M","E","?","M","T","$","M","M","R","E","R","BOSS","M","?","M","?","M","NM","R","?","T","R","M","R","M","E","R","BOSS","R","$","E","BOSS"],"items_purchased_type":["Card","Relic","Relic","Card","Relic","Relic"],"build_version":"2020-12-22","purchased_purges":2,"victory":true,"max_hp_per_floor":[74,74,74,74,74,74,74,74,74,74,74,74,74,74,74,74,74,74,74,74,74,74,74,74,74,74,74,74,74,74,74,74,74,74,74,74,74,74,74,74,74,74,74,74,74,74,74,74,74,74,74,74,74,74,74],"card_choices":[{"not_picked":["Predator","StuffTheSpire:Python+1"],"picked":"jedi:pocketpoison","floor":1.0},{"not_picked":["ReplayTheSpireMod:Shiv Toss","Sucker Punch"],"picked":"jedi:pocketpoison+1","floor":2.0},{"not_picked":["Unload","Prepared"],"picked":"Backflip","floor":7},{"not_picked":["jedi:pocketpoison","Backflip","ReplayTheSpireMod:From All Sides"],"picked":"SKIP","floor":8},{"not_picked":["InfectiousVector","Sucker Punch","Flying Knee"],"picked":"SKIP","floor":10},{"not_picked":["Dagger Spray","PiercingWail","Setup"],"picked":"SKIP","floor":12},{"not_picked":["Dagger Throw","Concentrate","Dash"],"picked":"SKIP","floor":13},{"not_picked":["StuffTheSpire:DoubleShiv","Deadly Poison"],"picked":"conspire:PoisonWeapons","floor":14},{"not_picked":["Dagger Spray","Dagger Throw+1"],"picked":"StuffTheSpire:DoubleShiv+1","floor":18},{"not_picked":["wanderingMiniBosses:FinaleOfPromise"],"picked":"SKIP","floor":20},{"not_picked":["hubris:SlightOfHand","Acrobatics","StuffTheSpire:Python"],"picked":"SKIP","floor":20},{"not_picked":["wanderingMiniBosses:FinaleOfPromise"],"picked":"SKIP","floor":20},{"not_picked":["hubris:SlightOfHand","Acrobatics","StuffTheSpire:Python"],"picked":"SKIP","floor":20},{"not_picked":["StuffTheSpire:Shiver","Expertise"],"picked":"Blade Dance","floor":22},{"not_picked":["StuffTheSpire:ClusterCrunch+1","Concentrate","Deadly Poison"],"picked":"SKIP","floor":23},{"not_picked":["InfectiousVector","Sucker Punch+1"],"picked":"Finisher+1","floor":24},{"not_picked":["ReplayTheSpireMod:Scrap Shanks+1","Quick Slash+1","hubris:SlightOfHand"],"picked":"SKIP","floor":25},{"not_picked":["Leg Sweep+1","Flying Knee+1"],"picked":"Finisher+1","floor":28},{"not_picked":["Dagger Spray+1","Footwork"],"picked":"Adrenaline","floor":29},{"not_picked":["Catalyst","Hidden Blade"],"picked":"StuffTheSpire:DoubleShiv","floor":31},{"not_picked":["infinitespire:Neurotoxin","Malaise"],"picked":"Glass Knife+1","floor":33},{"not_picked":["Dagger Throw+1","Outmaneuver+1","Sneak Up"],"picked":"SKIP","floor":35},{"not_picked":["InfectiousVector+1","Bane+1"],"picked":"Expertise","floor":36},{"not_picked":["Calculated Gamble","hubris:SlightOfHand","Cloak And Dagger"],"picked":"SKIP","floor":37},{"not_picked":["Footwork+1","Acrobatics+1"],"picked":"After Image","floor":38},{"not_picked":["Outmaneuver+1","Deadly Poison+1","All Out Attack+1"],"picked":"SKIP","floor":39},{"not_picked":["Hidden Blade+1","Replay:Bag of Tricks","Atom Bomb+1"],"picked":"SKIP","floor":40},{"not_picked":["Backflip","Bane+1","Dagger Throw+1"],"picked":"SKIP","floor":45},{"not_picked":["jedi:pocketpoison","StuffTheSpire:BumpUp+1","Setup"],"picked":"SKIP","floor":47},{"not_picked":["jedi:pocketpoison","StuffTheSpire:BumpUp+1","Setup"],"picked":"SKIP","floor":47},{"not_picked":["hubris:TrickCloak+1","Slice+1"],"picked":"Blade Dance+1","floor":48},{"not_picked":["StuffTheSpire:Sprint","Distraction+1","Calculated Gamble+1"],"picked":"SKIP","floor":54}],"player_experience":181536,"relics_obtained":[{"floor":7,"key":"SpikesRelics:ToyHorsey"},{"floor":9,"key":"infinitespire:Broken Mirror"},{"floor":13,"key":"MiniBlackHole"},{"floor":20,"key":"wanderingMiniBosses:Blackblade"},{"floor":23,"key":"Molten Egg 2"},{"floor":26,"key":"ReplayTheSpireMod:Lightbulb"},{"floor":31,"key":"StuffTheSpire:PointBlank"},{"floor":38,"key":"Matryoshka"},{"floor":40,"key":"aspiration:ChemicalBlood"},{"floor":43,"key":"ReplayTheSpireMod:TigerMarble"},{"floor":43,"key":"Snake Skull"},{"floor":48,"key":"CeramicFish"}],"event_choices":[{"cards_removed":["Strike_G"],"damage_healed":0,"gold_gain":0,"player_choice":"Card Removal","damage_taken":7,"max_hp_gain":0,"max_hp_loss":0,"event_name":"Golden Wing","floor":5,"gold_loss":0},{"damage_healed":0,"gold_gain":0,"player_choice":"Ignored","damage_taken":0,"max_hp_gain":0,"max_hp_loss":0,"event_name":"betterNote:BetterNote","floor":19,"gold_loss":0,"cards_obtained":["construct:SweepLaser"]}],"is_beta":false,"boss_relics":[{"not_picked":["Replay:Bronze Core","halation:LoveArrow"],"picked":"hubris:RunicObelisk"},{"not_picked":["Kintsugi","StuffTheSpire:Kangaroo"],"picked":"conspire:SpecialSausage"}],"items_purged_floors":[4,21],"is_endless":false,"potions_floor_spawned":[2,7,8,14,20,22,25,29,31,40,45,48],"ascension_level":0}}