{"host":"dztixnx9b0gu6w9i","time":1613587626,"event":{"mods":["BaseMod","Bestiary","Minty Spire (QoL Compilation)","Relic Stats","SpireBot","ojb\u0027s Better Paths Mod","ojb\u0027s Info Mod"],"gold_per_floor":[20,20,20,33,52,93,93,114,114,152,165,206,231,252,252,342,342,357,395,310,310,310,310,344,360,441,482,407,407,52,86,86,184,184,204,218,440,86,101,136,151,151,151,151,187,252,283,283,283,283,283,283,283,46,81,81],"floor_reached":57,"language":"ENG","playtime":9191,"items_purged":["Hyperbeam"],"score":3022,"play_id":"95942a90-1bbf-419f-884f-ac9060ef4598","local_time":"20210217134706","is_ascension_mode":true,"campfire_choices":[{"data":"Streamline","floor":7.0,"key":"SMITH"},{"data":"Go for the Eyes","floor":15,"key":"SMITH"},{"data":"Seek","floor":23,"key":"SMITH"},{"data":"Defragment","floor":32,"key":"SMITH"},{"data":"Loop","floor":42,"key":"SMITH"},{"data":"Fission","floor":44,"key":"SMITH"},{"floor":49,"key":"RECALL"},{"data":"Machine Learning","floor":53,"key":"SMITH"}],"circlet_count":0,"master_deck":["AscendersBane","Zap","Dualcast","Conserve Battery","Streamline+1","Compile Driver","Reinforced Body","Go for the Eyes+1","Rebound","Self Repair","Ball Lightning","Cold Snap","Leap","Coolheaded","Echo Form","Cold Snap","Ghostly","Ghostly","Ghostly","Seek+1","Buffer","Machine Learning+1","Defragment+1","Lockon","Fission+1","Aggregate+1","Reboot","Consume+1","Turbo+1","Hello World+1","Steam Power+1","Capacitor+1","Compile Driver","Loop+1","Steam Power","Heatsinks+1","Undo","Stack","Defragment+1","Loop","Compile Driver+1"],"relics":["Cracked Core","Golden Idol","Dream Catcher","Bag of Preparation","Sundial","Eternal Feather","Philosopher\u0027s Stone","Red Mask","Ice Cream","Juzu Bracelet","Kunai","Blood Vial","Astrolabe","DataDisk","Omamori","Boot","Calipers","TungstenRod","Art of War","Letter Opener"],"acts_visited":["Exordium","TheCity","TheBeyond","TheEnding"],"potions_floor_usage":[19,19,35,55,56],"damage_taken":[{"damage":1.0,"enemies":"2 Louse","floor":1.0,"turns":2.0},{"damage":0.0,"enemies":"Jaw Worm","floor":4.0,"turns":3.0},{"damage":0.0,"enemies":"Cultist","floor":5.0,"turns":3.0},{"damage":14.0,"enemies":"Lagavulin","floor":6.0,"turns":5.0},{"damage":0,"enemies":"2 Fungi Beasts","floor":8,"turns":2},{"damage":13,"enemies":"3 Sentries","floor":10,"turns":4},{"damage":1,"enemies":"Looter","floor":11,"turns":2},{"damage":8,"enemies":"Lagavulin","floor":12,"turns":6},{"damage":0,"enemies":"3 Louse","floor":13,"turns":1},{"damage":1,"enemies":"2 Fungi Beasts","floor":14,"turns":3},{"damage":15,"enemies":"The Guardian","floor":16,"turns":13},{"damage":0,"enemies":"Chosen","floor":18,"turns":3},{"damage":37,"enemies":"Masked Bandits","floor":19,"turns":4},{"damage":1,"enemies":"Slavers","floor":24,"turns":5},{"damage":4,"enemies":"2 Thieves","floor":25,"turns":5},{"damage":2,"enemies":"Gremlin Leader","floor":27,"turns":8},{"damage":5,"enemies":"Slavers","floor":31,"turns":5},{"damage":3,"enemies":"Automaton","floor":33,"turns":11},{"damage":14,"enemies":"3 Darklings","floor":35,"turns":8},{"damage":10,"enemies":"3 Shapes","floor":36,"turns":10},{"damage":0,"enemies":"Sphere and 2 Shapes","floor":39,"turns":4},{"damage":0,"enemies":"Giant Head","floor":40,"turns":14},{"damage":0,"enemies":"4 Shapes","floor":41,"turns":7},{"damage":0,"enemies":"Nemesis","floor":45,"turns":7},{"damage":2,"enemies":"2 Orb Walkers","floor":46,"turns":4},{"damage":0,"enemies":"Mind Bloom Boss Battle","floor":47,"turns":9},{"damage":0,"enemies":"Time Eater","floor":50,"turns":18},{"damage":0,"enemies":"Donu and Deca","floor":51,"turns":12},{"damage":5,"enemies":"Shield and Spear","floor":55,"turns":23},{"damage":2,"enemies":"The Heart","floor":56,"turns":10}],"seed_played":"5672524718243699524","potions_obtained":[{"floor":1.0,"key":"SteroidPotion"},{"floor":6.0,"key":"SteroidPotion"},{"floor":10,"key":"SkillPotion"},{"floor":13,"key":"Block Potion"},{"floor":19,"key":"SpeedPotion"},{"floor":25,"key":"SkillPotion"},{"floor":35,"key":"AttackPotion"},{"floor":40,"key":"GamblersBrew"},{"floor":41,"key":"Block Potion"}],"is_trial":false,"path_per_floor":["M","?","?","M","M","E","R","M","T","E","M","E","M","M","R","B",null,"M","?","?","?","?","R","E","M","T","E","?","?","$","E","R","B",null,"M","M","?","$","M","E","M","R","T","R","E","?","?","?","R","B","B",null,"R","$","E","B",null],"character_chosen":"DEFECT","items_purchased":["Defragment","Lockon","Fission","Compile Driver","DataDisk","Loop","Steam Power","Art of War","Loop"],"campfire_rested":0,"item_purchase_floors":[30,30,30,38,38,38,38,54,54],"current_hp_per_floor":[63,63,63,63,63,49,49,49,49,36,35,27,27,33,45,37,57,57,27,27,27,27,32,32,32,32,32,32,32,32,27,32,32,32,32,32,32,32,32,32,32,32,32,32,32,32,32,42,42,42,42,42,42,42,42,40],"gold":81,"neow_bonus":"TRANSFORM_TWO_CARDS","is_daily":false,"chose_seed":false,"campfire_upgraded":7,"win_rate":0.0,"timestamp":1613587626,"path_taken":["M","?","?","?","M","E","R","M","T","E","M","E","M","M","R","BOSS","M","?","?","?","?","R","E","M","T","E","?","?","$","E","R","BOSS","M","M","?","$","M","E","M","R","T","R","E","?","?","?","R","BOSS","BOSS","R","$","E","BOSS"],"items_purchased_type":["Card","Card","Card","Card","Relic","Card","Card","Relic","Card"],"build_version":"2020-12-22","purchased_purges":1,"victory":true,"max_hp_per_floor":[71,64,64,64,64,64,64,64,64,64,64,64,64,64,64,64,64,64,64,64,32,32,32,32,32,32,32,32,32,32,32,32,32,32,32,32,32,32,32,32,32,32,32,32,32,32,32,42,42,42,42,42,42,42,42,42],"relic_stats":{"counters":[30,210],"Golden Idol":230,"Astrolabe":["Consume","Turbo","Hello World"],"Eternal Feather":22,"Bag of Preparation":[50],"Juzu Bracelet":0,"Letter Opener":[35],"Boot":[71],"Blood Vial":0,"Dream Catcher":0,"Sundial":[32],"Art of War":[12],"Kunai":[66],"obtain_stats":[{"Ice Cream":20,"Calipers":46,"Golden Idol":2,"Astrolabe":34,"Eternal Feather":12,"Bag of Preparation":9,"Juzu Bracelet":24,"Omamori":43,"Letter Opener":55,"Boot":45,"Blood Vial":31,"Dream Catcher":6,"DataDisk":38,"Sundial":10,"Philosopher\u0027s Stone":17,"Red Mask":19,"Art of War":54,"Kunai":27,"Cracked Core":0,"TungstenRod":47},{"Ice Cream":13,"Calipers":25,"Golden Idol":1,"Astrolabe":18,"Eternal Feather":8,"Bag of Preparation":5,"Juzu Bracelet":14,"Omamori":23,"Letter Opener":29,"Boot":24,"Blood Vial":17,"Dream Catcher":4,"DataDisk":20,"Sundial":6,"Philosopher\u0027s Stone":11,"Red Mask":13,"Art of War":28,"Kunai":16,"Cracked Core":0,"TungstenRod":26},{"Ice Cream":51,"Calipers":138,"Golden Idol":2,"Astrolabe":85,"Eternal Feather":27,"Bag of Preparation":15,"Juzu Bracelet":56,"Omamori":127,"Letter Opener":200,"Boot":134,"Blood Vial":74,"Dream Catcher":13,"DataDisk":103,"Sundial":19,"Philosopher\u0027s Stone":44,"Red Mask":51,"Art of War":177,"Kunai":69,"Cracked Core":0,"TungstenRod":147}],"TungstenRod":16},"card_choices":[{"not_picked":["Capacitor","Hologram"],"picked":"Compile Driver","floor":1.0},{"not_picked":["Skim","Redo"],"picked":"Reinforced Body","floor":4.0},{"not_picked":["Skim","Consume"],"picked":"Go for the Eyes","floor":5.0},{"not_picked":["Consume","Barrage"],"picked":"Rebound","floor":6.0},{"not_picked":["Gash","Sunder"],"picked":"Self Repair","floor":8},{"not_picked":["Steam","Gash"],"picked":"Ball Lightning","floor":10},{"not_picked":["Gash","Tempest"],"picked":"Cold Snap","floor":11},{"not_picked":["Chill","Hello World"],"picked":"Electrodynamics","floor":12},{"not_picked":["Rebound","Redo"],"picked":"Leap","floor":13},{"not_picked":["Ball Lightning","Consume"],"picked":"Coolheaded","floor":14},{"not_picked":["Buffer","Core Surge"],"picked":"Echo Form","floor":16},{"not_picked":["Stack","Streamline+1"],"picked":"Cold Snap","floor":18},{"not_picked":["Hello World","Steam"],"picked":"Buffer","floor":24},{"not_picked":["Streamline","Cold Snap","Hello World+1"],"picked":"SKIP","floor":25},{"not_picked":["Barrage","Beam Cell","Redo"],"picked":"SKIP","floor":27},{"not_picked":["Barrage","Beam Cell","Redo"],"picked":"SKIP","floor":27},{"not_picked":["Darkness","BootSequence"],"picked":"Aggregate+1","floor":31},{"not_picked":["Machine Learning","Electrodynamics"],"picked":"Reboot","floor":33},{"not_picked":["Steam","Redo+1"],"picked":"Steam Power+1","floor":35},{"not_picked":["Conserve Battery+1","Fusion"],"picked":"Capacitor+1","floor":36},{"not_picked":["Beam Cell","Melter","Steam+1"],"picked":"SKIP","floor":39},{"not_picked":["Sunder","Conserve Battery"],"picked":"Heatsinks+1","floor":40},{"not_picked":["Sunder","Fusion","Rebound+1"],"picked":"SKIP","floor":41},{"not_picked":["Ball Lightning+1","Leap"],"picked":"Undo","floor":45},{"not_picked":["Turbo","Reprogram"],"picked":"Stack","floor":46},{"not_picked":["Hologram+1","Skim"],"picked":"Defragment+1","floor":47},{"not_picked":["Gash","Storm"],"picked":"Compile Driver+1","floor":55}],"player_experience":8683538,"relics_obtained":[{"floor":6.0,"key":"Dream Catcher"},{"floor":9,"key":"Bag of Preparation"},{"floor":10,"key":"Sundial"},{"floor":12,"key":"Eternal Feather"},{"floor":19,"key":"Red Mask"},{"floor":24,"key":"Juzu Bracelet"},{"floor":27,"key":"Kunai"},{"floor":31,"key":"Blood Vial"},{"floor":43,"key":"Omamori"},{"floor":45,"key":"Boot"},{"floor":46,"key":"Calipers"},{"floor":47,"key":"TungstenRod"},{"floor":55,"key":"Letter Opener"}],"event_choices":[{"damage_healed":0.0,"max_hp_gain":0.0,"max_hp_loss":7.0,"gold_gain":0.0,"event_name":"Golden Idol","player_choice":"Lose Max HP","floor":2.0,"gold_loss":0.0,"damage_taken":0.0,"relics_obtained":["Golden Idol"]},{"damage_healed":0.0,"max_hp_gain":0.0,"max_hp_loss":0.0,"gold_gain":0.0,"event_name":"FaceTrader","player_choice":"Leave","floor":3.0,"gold_loss":0.0,"damage_taken":0.0},{"damage_healed":0,"gold_gain":0,"player_choice":"Fought Bandits","damage_taken":0,"max_hp_gain":0,"max_hp_loss":0,"event_name":"Masked Bandits","floor":19,"gold_loss":0},{"damage_healed":0,"gold_gain":0,"player_choice":"Obtained Relic","damage_taken":0,"relics_obtained":["Ice Cream"],"max_hp_gain":0,"max_hp_loss":0,"event_name":"Addict","floor":20,"gold_loss":85},{"damage_healed":0,"gold_gain":0,"player_choice":"Became a Ghost","damage_taken":0,"max_hp_gain":0,"max_hp_loss":32,"event_name":"Ghosts","floor":21,"gold_loss":0,"cards_obtained":["Ghostly","Ghostly","Ghostly"]},{"damage_healed":0,"gold_gain":0,"player_choice":"Read","damage_taken":0,"max_hp_gain":0,"max_hp_loss":0,"event_name":"The Library","floor":22,"gold_loss":0,"cards_obtained":["Seek"]},{"cards_removed":["Strike_B"],"damage_healed":0,"gold_gain":0,"player_choice":"Gave Gold","damage_taken":0,"max_hp_gain":0,"max_hp_loss":0,"event_name":"Beggar","floor":28,"gold_loss":75},{"damage_healed":0,"gold_gain":0,"cards_transformed":["Strike_B","Strike_B"],"player_choice":"Became Test Subject","damage_taken":0,"max_hp_gain":0,"max_hp_loss":0,"event_name":"Drug Dealer","floor":29,"gold_loss":0,"cards_obtained":["Machine Learning","Hyperbeam"]},{"damage_healed":0,"gold_gain":222,"player_choice":"Wore Mask","damage_taken":0,"max_hp_gain":0,"max_hp_loss":0,"event_name":"Tomb of Lord Red Mask","floor":37,"gold_loss":0},{"damage_healed":0,"gold_gain":0,"player_choice":"Fight","damage_taken":0,"max_hp_gain":0,"max_hp_loss":0,"event_name":"Mysterious Sphere","floor":46,"gold_loss":0},{"damage_healed":0,"gold_gain":0,"player_choice":"Fight","damage_taken":0,"max_hp_gain":0,"max_hp_loss":0,"event_name":"MindBloom","floor":47,"gold_loss":0},{"cards_removed":["Electrodynamics"],"damage_healed":0,"gold_gain":0,"player_choice":"Offered Rare","damage_taken":0,"max_hp_gain":10,"max_hp_loss":0,"event_name":"Bonfire Elementals","floor":48,"gold_loss":0}],"is_beta":false,"boss_relics":[{"not_picked":["FrozenCore","Nuclear Battery"],"picked":"Philosopher\u0027s Stone"},{"not_picked":["Runic Dome","Sozu"],"picked":"Astrolabe"}],"items_purged_floors":[30],"is_endless":false,"potions_floor_spawned":[1,6,10,13,14,19,25,35,40,41,45],"ascension_level":20}}