{"host":"q6l9o5ad25lrm2yj","time":1613570047,"event":{"mods":["BaseMod","BetterRewards","Colored Powertips","Minty Spire (QoL Compilation)","Replay The Spire","StSLib","The Construct","[IsaacMod]ÒÔÈö¼âËþ"],"gold_per_floor":[116,116,132,144,164,164,181,181,250,250,260,275,291,301,301,405,405,415,432,446,371,371,371],"floor_reached":22,"language":"ZHS","playtime":1985,"items_purged":[],"score":184,"play_id":"bf6617db-62ea-4213-926d-de8c1a1ca988","local_time":"20210217215407","is_ascension_mode":false,"campfire_choices":[{"data":"DoctorFetus","floor":6,"key":"SMITH"},{"data":"construct:ElectricArmor","floor":8,"key":"SMITH"},{"floor":10,"key":"REST"},{"floor":15,"key":"REST"}],"circlet_count":0,"master_deck":["construct:Strike_Gold","construct:Strike_Gold","construct:Strike_Gold","construct:Strike_Gold","construct:Strike_Gold","construct:Defend_Gold","construct:Defend_Gold","construct:Defend_Gold","construct:Defend_Gold","construct:Defend_Gold","construct:AttackMode","construct:DefenseMode","DoctorFetus+1","construct:ElectricArmor+1","construct:ChargeShot","construct:UnbalancingBlast","construct:Hazardproof","construct:SaveState","construct:SuppressiveFire","construct:Forcefield","construct:ForceCore","construct:Bunker","construct:Analyze","construct:Bunker","Panacea","construct:FocusedBeam+1","construct:Construct_Overclock+1","construct:Antimatter"],"relics":["construct:Cogwheel","HushsDoor","YumHeart","Simple Rune","Question Card","TungstenRod","Void","Ring of Chaos"],"acts_visited":["Exordium","TheCity"],"potions_floor_usage":[16,16,16,22],"damage_taken":[{"damage":11,"enemies":"Small Slimes","floor":1,"turns":4},{"damage":6,"enemies":"2 Louse","floor":3,"turns":3},{"damage":0,"enemies":"Cultist","floor":4,"turns":3},{"damage":20,"enemies":"3 Louse","floor":5,"turns":4},{"damage":5,"enemies":"Exordium Wildlife","floor":7,"turns":3},{"damage":0,"enemies":"Gremlin Gang","floor":11,"turns":3},{"damage":10,"enemies":"Lots of Slimes","floor":12,"turns":4},{"damage":5,"enemies":"Red Slaver","floor":13,"turns":3},{"damage":16,"enemies":"Exordium Thugs","floor":14,"turns":7},{"damage":16,"enemies":"The Guardian","floor":16,"turns":10},{"damage":40,"enemies":"2 Thieves","floor":18,"turns":4},{"damage":25,"enemies":"Spheric Guardian","floor":19,"turns":5},{"damage":29,"enemies":"3 Cultists","floor":20,"turns":6},{"damage":20,"enemies":"Hiden Room Battle","floor":22,"turns":3}],"seed_played":"-9211933073621946738","potions_obtained":[{"floor":3,"key":"SneckoOil"},{"floor":5,"key":"Block Potion"},{"floor":12,"key":"ColorlessPotion"},{"floor":18,"key":"Milkshake"},{"floor":19,"key":"Death Potion"}],"is_trial":false,"path_per_floor":["M","?","M","M","M","R","M","R","T","R","M","M","M","M","R","B",null,"M","M","M","?","?"],"character_chosen":"THE_CONSTRUCT_MOD","items_purchased":["construct:ElectricArmor","Lee\u0027s Waffle","Simple Rune","Question Card","Panacea"],"campfire_rested":2,"item_purchase_floors":[0,0,0,0,17],"current_hp_per_floor":[81,78,72,72,77,77,72,72,72,92,92,82,77,61,88,72,90,68,43,14,14,0,0],"gold":371,"neow_bonus":"","is_daily":false,"chose_seed":false,"campfire_upgraded":2,"win_rate":0.0,"timestamp":1613570047,"path_taken":["M","?","M","M","M","R","M","R","T","R","M","M","M","M","R","BOSS","M","?","M","?","?"],"items_purchased_type":["Card","Relic","Relic","Relic","Card"],"build_version":"2020-12-22","purchased_purges":0,"victory":false,"max_hp_per_floor":[92,92,92,92,92,92,92,92,92,92,92,92,92,92,92,92,90,90,90,90,90,90,90],"card_choices":[{"not_picked":[],"picked":"DoctorFetus","floor":0},{"not_picked":["construct:HeavyBolt","construct:ScrapCannon","construct:Bunker"],"picked":"construct:ChargeShot","floor":1},{"not_picked":["construct:FlameCore","construct:ScopeCore","construct:Stasis"],"picked":"construct:UnbalancingBlast","floor":3},{"not_picked":["construct:Analyze","construct:FocusedBeam","construct:Chainstrike"],"picked":"construct:Hazardproof","floor":4},{"not_picked":["construct:Anticipate","construct:Reinforce","construct:VentSteam"],"picked":"construct:SaveState","floor":5},{"not_picked":["construct:Zapper","construct:Boost","construct:ModeShift"],"picked":"construct:SuppressiveFire","floor":7},{"not_picked":["construct:PowerUp","construct:ElectricArmor","construct:Autoturret"],"picked":"construct:Forcefield","floor":11},{"not_picked":["construct:VentSteam","construct:ScopeCore","construct:HeavyBolt"],"picked":"construct:ForceCore","floor":12},{"not_picked":["construct:FierceBash","construct:HeavyBolt","construct:Electrocute"],"picked":"construct:Bunker","floor":13},{"not_picked":["construct:PowerUp","construct:Stasis","construct:Chainstrike"],"picked":"construct:Analyze","floor":14},{"not_picked":["construct:ShieldBurst","construct:HyperBeam","construct:GatlingGun"],"picked":"construct:Bunker","floor":16},{"not_picked":["construct:ScrapCannon+1","construct:Boost+1","construct:FlameCore"],"picked":"construct:FocusedBeam+1","floor":18},{"not_picked":["construct:SweepLaser","construct:SaveState","construct:SuppressiveFire"],"picked":"construct:Construct_Overclock+1","floor":19},{"not_picked":["construct:FocusedBeam","construct:Synchronize","construct:Boost"],"picked":"construct:Antimatter","floor":20}],"player_experience":7683,"relics_obtained":[{"floor":9,"key":"Void"}],"event_choices":[{"damage_healed":0,"gold_gain":0,"player_choice":"Success","damage_taken":3,"relics_obtained":["TungstenRod"],"max_hp_gain":0,"max_hp_loss":0,"event_name":"Scrap Ooze","floor":2,"gold_loss":0},{"cards_removed":["construct:ElectricArmor"],"damage_healed":0,"gold_gain":0,"player_choice":"Gave Gold","damage_taken":0,"max_hp_gain":0,"max_hp_loss":0,"event_name":"Beggar","floor":21,"gold_loss":75},{"damage_healed":0,"gold_gain":0,"player_choice":"Fight","damage_taken":0,"max_hp_gain":0,"max_hp_loss":0,"event_name":"HidenRoomEvent","floor":22,"gold_loss":0}],"is_beta":false,"boss_relics":[{"not_picked":["Replay:Bronze Core","Tiny House"],"picked":"Ring of Chaos"},{"not_picked":[]}],"items_purged_floors":[],"is_endless":false,"potions_floor_spawned":[3,5,12,18,19],"killed_by":"Hiden Room Battle","ascension_level":0}}