{"host":"dlqyscxstsnu98l1","time":1613546158,"event":{"mods":["AchievementEnabler","BaseMod","Colored Map","Colored Powertips","GifTheSpireLib","Highlight Path","Minty Spire (QoL Compilation)","Random Character Button","SacredBarkPlus","StSLib","everything is the same but u backflip on backflip"],"gold_per_floor":[218,233,78,91,91,123,123,151,151,151,175,218,243,296,308,446,458,494,506,62,75,100,100,143,143,143,143,177,193,153,178,178,298,298,322,655,671,671,682,713,31,45,45,45,45,71,71,104,104,104,104,104,23,55,55],"floor_reached":56,"language":"ENG","playtime":2427,"items_purged":[],"score":1681,"play_id":"616027da-80f6-4af8-a02a-757c3d288aaf","local_time":"20210217011558","is_ascension_mode":true,"campfire_choices":[{"floor":7,"key":"REST"},{"data":"Streamline","floor":15,"key":"SMITH"},{"data":"Genetic Algorithm","floor":23,"key":"SMITH"},{"data":"Genetic Algorithm","floor":25,"key":"SMITH"},{"floor":27,"key":"DIG"},{"floor":32,"key":"RECALL"},{"data":"Seek","floor":45,"key":"SMITH"},{"floor":49,"key":"DIG"},{"floor":52,"key":"DIG"}],"circlet_count":0,"master_deck":["Strike_B","Strike_B","Strike_B","Strike_B","Defend_B","Defend_B","Defend_B","Defend_B","Zap+1","Dualcast","Ball Lightning","Sweeping Beam","Streamline+1","Self Repair+1","Defragment+1","Steam","Defragment+1","Genetic Algorithm+1","Ball Lightning","Biased Cognition+1","CurseOfTheBell","Steam","Leap","Heatsinks+1","Cold Snap","Genetic Algorithm+1","Leap","Seek+1","Seek","Stack+1","Storm+1","Parasite","Conserve Battery+1","Barrage+1","Creative AI+1"],"relics":["Cracked Core","Oddly Smooth Stone","Frozen Egg 2","Meat on the Bone","Centennial Puzzle","Eternal Feather","MawBank","Peace Pipe","Calling Bell","Boot","Matryoshka","Shovel","Enchiridion","PreservedInsect","OrangePellets","Bronze Scales","Singing Bowl","Art of War","Incense Burner","SlaversCollar","Nunchaku","Ice Cream","Runic Capacitor","Toy Ornithopter","Pen Nib","Kunai","Darkstone Periapt","Dream Catcher","Orichalcum","Ornamental Fan","Pear"],"acts_visited":["Exordium","TheCity","TheBeyond","TheEnding"],"potions_floor_usage":[6,12,14,14,22,39,44,44,50,55,55],"damage_taken":[{"damage":1,"enemies":"Cultist","floor":1,"turns":4},{"damage":0,"enemies":"2 Louse","floor":2,"turns":1},{"damage":6,"enemies":"Jaw Worm","floor":4,"turns":2},{"damage":12,"enemies":"3 Sentries","floor":6,"turns":5},{"damage":20,"enemies":"Gremlin Nob","floor":8,"turns":4},{"damage":6,"enemies":"2 Fungi Beasts","floor":11,"turns":3},{"damage":23,"enemies":"3 Sentries","floor":12,"turns":5},{"damage":8,"enemies":"Exordium Wildlife","floor":13,"turns":3},{"damage":26,"enemies":"Lagavulin","floor":14,"turns":6},{"damage":34,"enemies":"Hexaghost","floor":16,"turns":8},{"damage":29,"enemies":"Shell Parasite","floor":18,"turns":6},{"damage":13,"enemies":"Spheric Guardian","floor":21,"turns":4},{"damage":31,"enemies":"Centurion and Healer","floor":22,"turns":7},{"damage":40,"enemies":"Book of Stabbing","floor":24,"turns":7},{"damage":18,"enemies":"Gremlin Leader","floor":28,"turns":5},{"damage":2,"enemies":"3 Cultists","floor":29,"turns":3},{"damage":0,"enemies":"Shelled Parasite and Fungi","floor":31,"turns":5},{"damage":26,"enemies":"Collector","floor":33,"turns":12},{"damage":12,"enemies":"3 Darklings","floor":35,"turns":5},{"damage":0,"enemies":"3 Shapes","floor":37,"turns":6},{"damage":45,"enemies":"Transient","floor":39,"turns":5},{"damage":28,"enemies":"Nemesis","floor":40,"turns":5},{"damage":0,"enemies":"Writhing Mass","floor":42,"turns":4},{"damage":1,"enemies":"Jaw Worm Horde","floor":44,"turns":2},{"damage":0,"enemies":"Reptomancer","floor":46,"turns":4},{"damage":10,"enemies":"Nemesis","floor":48,"turns":3},{"damage":18,"enemies":"Time Eater","floor":50,"turns":6},{"damage":40,"enemies":"Shield and Spear","floor":54,"turns":5},{"damage":44,"enemies":"The Heart","floor":55,"turns":8}],"seed_played":"-3891792510927182212","potions_obtained":[{"floor":2,"key":"DistilledChaos"},{"floor":6,"key":"SpeedPotion"},{"floor":8,"key":"Block Potion"},{"floor":11,"key":"Weak Potion"},{"floor":13,"key":"ColorlessPotion"},{"floor":16,"key":"FearPotion"},{"floor":24,"key":"FearPotion"},{"floor":28,"key":"Energy Potion"},{"floor":37,"key":"Block Potion"},{"floor":38,"key":"EntropicBrew"},{"floor":38,"key":"PotionOfCapacity"},{"floor":54,"key":"Dexterity Potion"}],"is_trial":false,"path_per_floor":["M","M","$","M","?","E","R","E","T","?","M","E","M","E","R","B",null,"M","?","$","M","M","R","E","R","T","R","E","M","?","M","R","B",null,"M","?","M","?","M","E","$","M","T","M","R","E","$","E","R","B",null,"R","$","E","B",null],"character_chosen":"DEFECT","items_purchased":["Oddly Smooth Stone","PreservedInsect","OrangePellets","Leap","Heatsinks+1","Cold Snap","Ice Cream","Runic Capacitor","Toy Ornithopter","Storm+1","Creative AI+1"],"campfire_rested":1,"item_purchase_floors":[3,20,20,20,20,20,41,41,41,41,53],"current_hp_per_floor":[74,74,74,68,35,23,45,47,47,47,51,50,52,48,57,45,63,56,40,40,49,40,55,37,52,52,67,59,59,59,71,73,57,69,59,59,71,71,48,42,42,52,52,61,77,77,77,79,79,61,75,79,79,63,51],"gold":55,"neow_bonus":"HUNDRED_GOLD","is_daily":false,"chose_seed":false,"campfire_upgraded":4,"win_rate":0.0,"timestamp":1613546158,"path_taken":["M","M","$","M","?","E","R","E","T","?","?","E","M","E","R","BOSS","M","?","$","M","M","R","E","R","T","R","E","M","?","M","R","BOSS","M","?","M","?","?","E","$","M","T","M","R","E","$","E","R","BOSS","R","$","E","BOSS"],"items_purchased_type":["Relic","Relic","Relic","Card","Card","Card","Relic","Relic","Relic","Card","Card"],"build_version":"2020-12-22","purchased_purges":0,"victory":true,"max_hp_per_floor":[75,75,75,75,75,75,75,75,75,69,69,69,69,69,69,69,69,69,69,69,69,69,69,69,69,69,69,69,71,71,73,73,73,73,75,75,77,77,77,77,77,77,77,77,77,77,77,79,79,79,79,79,79,91,91],"card_choices":[{"not_picked":["Go for the Eyes","Coolheaded"],"picked":"Ball Lightning","floor":1},{"not_picked":["Go for the Eyes","All For One"],"picked":"Sweeping Beam","floor":2},{"not_picked":["Gash","Defragment"],"picked":"Streamline","floor":4},{"not_picked":["Turbo","Aggregate"],"picked":"Self Repair+1","floor":6},{"not_picked":["Barrage","Steam"],"picked":"Defragment+1","floor":8},{"not_picked":["Reboot","Streamline"],"picked":"Steam","floor":11},{"not_picked":["Coolheaded","Ball Lightning"],"picked":"Defragment+1","floor":12},{"not_picked":["Coolheaded","Conserve Battery"],"picked":"Genetic Algorithm","floor":13},{"not_picked":["Go for the Eyes","Steam"],"picked":"Ball Lightning","floor":14},{"not_picked":["Fission","Meteor Strike"],"picked":"Biased Cognition+1","floor":16},{"not_picked":["Barrage","Reprogram+1"],"picked":"Steam","floor":18},{"not_picked":["Rebound","Barrage"],"picked":"Genetic Algorithm","floor":21},{"not_picked":["Recycle","Beam Cell","Rebound"],"picked":"SKIP","floor":22},{"not_picked":["Turbo","Streamline+1","Rainbow"],"picked":"SKIP","floor":24},{"not_picked":["Undo","Doom and Gloom"],"picked":"Leap","floor":28},{"not_picked":["Compile Driver","Turbo","Gash"],"picked":"Singing Bowl","floor":29},{"not_picked":["Steam+1","Sweeping Beam","Sunder+1"],"picked":"Singing Bowl","floor":31},{"not_picked":["Meteor Strike","Multi-Cast"],"picked":"Seek","floor":33},{"not_picked":["Gash+1","Streamline","Conserve Battery"],"picked":"Singing Bowl","floor":35},{"not_picked":["Compile Driver","FTL","Genetic Algorithm"],"picked":"Singing Bowl","floor":37},{"not_picked":["Beam Cell","Heatsinks+1"],"picked":"Seek","floor":39},{"not_picked":["Melter+1","Redo"],"picked":"Stack+1","floor":40},{"not_picked":["Streamline+1","Ball Lightning+1"],"picked":"Conserve Battery+1","floor":42},{"not_picked":["Heatsinks+1","Double Energy"],"picked":"Barrage+1","floor":46},{"not_picked":["Go for the Eyes","Hologram","Double Energy+1"],"picked":"Singing Bowl","floor":48},{"not_picked":["Double Energy","Blizzard+1","Ball Lightning"],"picked":"Singing Bowl","floor":54}],"player_experience":225304,"relics_obtained":[{"floor":6,"key":"Meat on the Bone"},{"floor":8,"key":"Centennial Puzzle"},{"floor":9,"key":"Eternal Feather"},{"floor":12,"key":"MawBank"},{"floor":14,"key":"Peace Pipe"},{"floor":17,"key":"Boot"},{"floor":17,"key":"Matryoshka"},{"floor":17,"key":"Shovel"},{"floor":19,"key":"Enchiridion"},{"floor":24,"key":"Bronze Scales"},{"floor":26,"key":"Singing Bowl"},{"floor":27,"key":"Art of War"},{"floor":28,"key":"Incense Burner"},{"floor":40,"key":"Nunchaku"},{"floor":43,"key":"Pen Nib"},{"floor":43,"key":"Kunai"},{"floor":46,"key":"Darkstone Periapt"},{"floor":48,"key":"Dream Catcher"},{"floor":49,"key":"Orichalcum"},{"floor":52,"key":"Ornamental Fan"},{"floor":54,"key":"Pear"}],"event_choices":[{"damage_healed":0,"gold_gain":0,"player_choice":"Success","damage_taken":33,"relics_obtained":["Frozen Egg 2"],"max_hp_gain":0,"max_hp_loss":0,"event_name":"Scrap Ooze","floor":5,"gold_loss":0},{"damage_healed":0,"gold_gain":0,"player_choice":"Lose Max HP","damage_taken":0,"relics_obtained":["Golden Idol"],"max_hp_gain":0,"max_hp_loss":6,"event_name":"Golden Idol","floor":10,"gold_loss":0},{"damage_healed":0,"gold_gain":0,"player_choice":"Obtained Book","damage_taken":16,"max_hp_gain":0,"max_hp_loss":0,"event_name":"Cursed Tome","floor":19,"gold_loss":0},{"damage_healed":0,"gold_gain":0,"player_choice":"Upgrade","damage_taken":0,"max_hp_gain":0,"max_hp_loss":0,"event_name":"Designer","floor":30,"gold_loss":40,"cards_upgraded":["Zap"]},{"damage_healed":0,"gold_gain":333,"player_choice":"Gave Idol","damage_taken":0,"max_hp_gain":0,"max_hp_loss":0,"event_name":"The Moai Head","floor":36,"relics_lost":["Golden Idol"],"gold_loss":0},{"damage_healed":0,"gold_gain":0,"player_choice":"Got Potions","damage_taken":0,"max_hp_gain":0,"max_hp_loss":0,"event_name":"Lab","floor":38,"gold_loss":0}],"is_beta":false,"boss_relics":[{"not_picked":["Sozu","Runic Pyramid"],"picked":"Calling Bell"},{"not_picked":["Tiny House","Busted Crown"],"picked":"SlaversCollar"}],"items_purged_floors":[],"is_endless":false,"potions_floor_spawned":[2,6,8,11,13,16,24,28,29,31,37,44,54],"ascension_level":5}}