{"host":"qksa0nge77ubun9a","time":1613524427,"event":{"mods":["AchievementEnabler","BaseMod","Colored Map","Colored Powertips","Googly Eyes","Highlight Path","Minty Spire (QoL Compilation)","Quick Restart","StSLib"],"gold_per_floor":[119,194,212,212,212,212,225,150,173,200,200,228,239,250,250,327,327,307,307,156,167,167,167,185,185,185],"floor_reached":25,"language":"ENG","playtime":1814,"items_purged":["Regret","Strike_R"],"score":406,"play_id":"2626f8a7-7745-4286-a2e3-ee2d22cd24bd","local_time":"20210216171347","is_ascension_mode":true,"campfire_choices":[{"data":"Armaments","floor":6.0,"key":"SMITH"},{"floor":11.0,"key":"REST"},{"data":"True Grit","floor":15.0,"key":"SMITH"},{"data":"Brutality","floor":23.0,"key":"SMITH"}],"circlet_count":0,"master_deck":["AscendersBane","Defend_R","Defend_R+1","Defend_R+1","Bash","Rampage","Armaments+1","Shrug It Off","Sentinel","True Grit+1","Sword Boomerang","Pummel","Brutality+1","CurseOfTheBell","Spot Weakness","Pommel Strike","Bite","Bite","Bite","Bite","Bite","Barricade"],"relics":["Burning Blood","Toy Ornithopter","Unceasing Top","War Paint","Ancient Tea Set","Red Skull","Lizard Tail","Calling Bell","Regal Pillow","Pear","Thread and Needle"],"acts_visited":["TheCity"],"potions_floor_usage":[25],"damage_taken":[{"damage":6.0,"enemies":"2 Louse","floor":1.0,"turns":3.0},{"damage":2.0,"enemies":"Small Slimes","floor":3.0,"turns":4.0},{"damage":2.0,"enemies":"Jaw Worm","floor":7.0,"turns":2.0},{"damage":35.0,"enemies":"Gremlin Nob","floor":10.0,"turns":5.0},{"damage":21.0,"enemies":"3 Sentries","floor":12.0,"turns":10.0},{"damage":1.0,"enemies":"2 Fungi Beasts","floor":13.0,"turns":5.0},{"damage":11.0,"enemies":"Red Slaver","floor":14.0,"turns":5.0},{"damage":69.0,"enemies":"Hexaghost","floor":16.0,"turns":15.0},{"damage":21.0,"enemies":"2 Thieves","floor":18.0,"turns":4.0},{"damage":15.0,"enemies":"Shell Parasite","floor":21.0,"turns":5.0},{"damage":19.0,"enemies":"Snecko","floor":24.0,"turns":5.0},{"damage":0,"enemies":"Slavers","floor":25,"turns":1},{"damage":0,"enemies":"Slavers","floor":25,"turns":1}],"seed_played":"5005065887614089592","potions_obtained":[{"floor":1.0,"key":"DistilledChaos"},{"floor":3.0,"key":"SkillPotion"},{"floor":7.0,"key":"ElixirPotion"},{"floor":24.0,"key":"SmokeBomb"}],"is_trial":false,"path_per_floor":["M","?","M","?","?","R","M","$","T","E","R","E","M","M","R","B",null,"M","?","$","M","?","R","M","E"],"character_chosen":"IRONCLAD","items_purchased":["Pommel Strike"],"campfire_rested":1,"item_purchase_floors":[20],"current_hp_per_floor":[72,61,65,47,47,47,56,56,56,32,56,46,51,46,46,26,77,62,62,62,53,53,53,53,62,62],"gold":185,"neow_bonus":"RANDOM_COMMON_RELIC","is_daily":false,"chose_seed":false,"campfire_upgraded":3,"win_rate":0.0,"timestamp":1613524427,"path_taken":["M","?","M","?","?","R","M","?","T","E","R","E","M","M","R","BOSS","M","?","$","?","?","R","M","E"],"items_purchased_type":["Card"],"build_version":"2020-12-22","purchased_purges":2,"victory":false,"max_hp_per_floor":[80,80,80,80,80,80,80,80,80,80,80,80,80,80,80,80,90,90,90,90,90,62,62,62,62,62],"card_choices":[{"not_picked":["Infernal Blade","Pommel Strike"],"picked":"Rampage","floor":1.0},{"not_picked":["Anger","Iron Wave"],"picked":"Armaments","floor":3.0},{"not_picked":["Clash","Iron Wave"],"picked":"Shrug It Off","floor":7.0},{"not_picked":["Twin Strike","Power Through"],"picked":"Sentinel","floor":10.0},{"not_picked":["Fire Breathing","Offering"],"picked":"True Grit","floor":12.0},{"not_picked":["Thunderclap","Wild Strike"],"picked":"Sword Boomerang","floor":13.0},{"not_picked":["True Grit","Heavy Blade"],"picked":"Pummel","floor":14.0},{"not_picked":["Barricade","Bludgeon"],"picked":"Brutality","floor":16.0},{"not_picked":["Warcry","Thunderclap"],"picked":"Spot Weakness","floor":18.0},{"not_picked":["Rampage","Thunderclap","Clothesline"],"picked":"SKIP","floor":21.0},{"not_picked":["Thunderclap","Shrug It Off+1"],"picked":"Barricade","floor":24.0}],"player_experience":1422079,"relics_obtained":[{"floor":9.0,"key":"Ancient Tea Set"},{"floor":10.0,"key":"Red Skull"},{"floor":12.0,"key":"Lizard Tail"},{"floor":17.0,"key":"Regal Pillow"},{"floor":17.0,"key":"Pear"},{"floor":17.0,"key":"Thread and Needle"}],"event_choices":[{"damage_healed":0.0,"max_hp_gain":0.0,"max_hp_loss":0.0,"gold_gain":75.0,"event_name":"World of Goop","player_choice":"Gather Gold","floor":2.0,"gold_loss":0.0,"damage_taken":11.0},{"damage_healed":0.0,"max_hp_gain":0.0,"max_hp_loss":0.0,"gold_gain":0.0,"event_name":"Scrap Ooze","player_choice":"Success","floor":4.0,"gold_loss":0.0,"damage_taken":18.0,"relics_obtained":["Unceasing Top"]},{"damage_healed":0.0,"max_hp_gain":0.0,"max_hp_loss":0.0,"gold_gain":0.0,"event_name":"Big Fish","player_choice":"Box","floor":5.0,"gold_loss":0.0,"damage_taken":0.0,"relics_obtained":["War Paint"],"cards_obtained":["Regret"]},{"cards_removed":["Defend_R"],"damage_healed":0.0,"max_hp_gain":0.0,"max_hp_loss":0.0,"gold_gain":0.0,"event_name":"Bonfire Elementals","player_choice":"Offered Basic","floor":19.0,"gold_loss":0.0,"damage_taken":0.0},{"damage_healed":0.0,"max_hp_gain":0.0,"max_hp_loss":28.0,"gold_gain":0.0,"event_name":"Vampires","player_choice":"Became a vampire","floor":22.0,"gold_loss":0.0,"damage_taken":0.0,"cards_obtained":["Bite","Bite","Bite","Bite","Bite"]}],"is_beta":false,"boss_relics":[{"not_picked":["Cursed Key","Runic Cube"],"picked":"Calling Bell"}],"items_purged_floors":[8,20],"is_endless":false,"potions_floor_spawned":[1,3,7,24],"killed_by":"Slavers","ascension_level":13}}