{"host":"ftf7rwqr5w72pdsx","time":1613526597,"event":{"mods":["BaseMod","Bestiary","Minty Spire (QoL Compilation)","Relic Stats","Slay the Relics Exporter"],"gold_per_floor":[18,38,52,15,28,28,54,66,66,66,80,80,98,108,108,213,213,231,220,41,60,60,60],"floor_reached":22,"language":"ENG","playtime":1678,"items_purged":[],"score":298,"play_id":"12a99b23-9a7e-403d-8e63-7880bbf229b7","local_time":"20210216194957","is_ascension_mode":true,"campfire_choices":[{"data":"Armaments","floor":6.0,"key":"SMITH"},{"floor":10.0,"key":"REST"},{"data":"Strike_R","floor":12.0,"key":"PURGE"},{"data":"Strike_R","floor":15.0,"key":"PURGE"}],"circlet_count":0,"master_deck":["AscendersBane","Strike_R","Strike_R","Defend_R","Defend_R","Defend_R","Bash","Shrug It Off","Armaments+1","Hemokinesis","Hemokinesis","Reckless Charge","Rage","Combust","Disarm","Shrug It Off","Demon Form","Shockwave","Fire Breathing"],"relics":["Burning Blood","Peace Pipe","Mango","Fusion Hammer","Medical Kit"],"acts_visited":["Exordium","TheCity"],"potions_floor_usage":[19,22],"damage_taken":[{"damage":5.0,"enemies":"Jaw Worm","floor":1.0,"turns":7.0},{"damage":7.0,"enemies":"2 Louse","floor":2.0,"turns":3.0},{"damage":6.0,"enemies":"Cultist","floor":3.0,"turns":4.0},{"damage":10.0,"enemies":"Blue Slaver","floor":5.0,"turns":4.0},{"damage":41.0,"enemies":"3 Sentries","floor":7.0,"turns":10.0},{"damage":21.0,"enemies":"Exordium Wildlife","floor":8.0,"turns":4.0},{"damage":4.0,"enemies":"Looter","floor":11.0,"turns":3.0},{"damage":20.0,"enemies":"Large Slime","floor":13.0,"turns":3.0},{"damage":12.0,"enemies":"3 Louse","floor":14.0,"turns":3.0},{"damage":23,"enemies":"The Guardian","floor":16,"turns":14},{"damage":21,"enemies":"Spheric Guardian","floor":18,"turns":4},{"damage":19,"enemies":"2 Thieves","floor":19,"turns":4},{"damage":39,"enemies":"Snake Plant","floor":21,"turns":5},{"damage":20,"enemies":"Cultist and Chosen","floor":22,"turns":4}],"seed_played":"8371067599819142745","potions_obtained":[{"floor":3.0,"key":"ElixirPotion"},{"floor":5.0,"key":"FearPotion"},{"floor":8.0,"key":"GamblersBrew"},{"floor":16,"key":"SkillPotion"},{"floor":18,"key":"Weak Potion"}],"is_trial":false,"path_per_floor":["M","M","M","$","M","R","E","M","T","R","M","R","M","M","R","B",null,"M","M","$","M","M"],"character_chosen":"IRONCLAD","items_purchased":["Hemokinesis","Fire Breathing","Medical Kit"],"campfire_rested":1,"item_purchase_floors":[4,20,20],"current_hp_per_floor":[73,72,72,72,68,68,33,18,32,60,62,62,48,42,42,25,77,62,49,49,16,0,0],"gold":60,"neow_bonus":"REMOVE_TWO","is_daily":false,"chose_seed":false,"campfire_upgraded":1,"win_rate":0.0,"timestamp":1613526597,"path_taken":["M","M","M","$","M","R","E","M","T","R","M","R","M","M","R","BOSS","M","M","$","M","M"],"items_purchased_type":["Card","Card","Relic"],"build_version":"2020-12-22","purchased_purges":0,"victory":false,"max_hp_per_floor":[80,80,80,80,80,80,80,80,94,94,94,94,94,94,94,94,94,94,94,94,94,94,94],"relic_stats":{"Peace Pipe":2,"counters":[14,72],"Medical Kit":[4],"obtain_stats":[{"Peace Pipe":7,"Mango":9,"Fusion Hammer":17,"Medical Kit":20,"Burning Blood":0},{"Peace Pipe":5,"Mango":6,"Fusion Hammer":10,"Medical Kit":12,"Burning Blood":0},{"Peace Pipe":28,"Mango":32,"Fusion Hammer":55,"Medical Kit":63,"Burning Blood":0}],"Burning Blood":78},"card_choices":[{"not_picked":["Headbutt","Metallicize"],"picked":"Shrug It Off","floor":1.0},{"not_picked":["True Grit","Searing Blow"],"picked":"Armaments","floor":2.0},{"not_picked":["Havoc","Iron Wave"],"picked":"Hemokinesis","floor":3.0},{"not_picked":["Havoc","Headbutt"],"picked":"Reckless Charge","floor":5.0},{"not_picked":["Twin Strike","Headbutt"],"picked":"Rage","floor":7.0},{"not_picked":["Warcry","Sword Boomerang"],"picked":"Combust","floor":8.0},{"not_picked":["Carnage","True Grit"],"picked":"Disarm","floor":11.0},{"not_picked":["Seeing Red","Warcry"],"picked":"Shrug It Off","floor":13.0},{"not_picked":["Flex","Headbutt","Dropkick"],"picked":"SKIP","floor":14.0},{"not_picked":["Exhume","Brutality"],"picked":"Demon Form","floor":16},{"not_picked":["Headbutt","Cleave+1","Clash"],"picked":"SKIP","floor":18},{"not_picked":["Sever Soul","Bloodletting+1"],"picked":"Shockwave","floor":19},{"not_picked":["Headbutt","Thunderclap","Sever Soul"],"picked":"SKIP","floor":21}],"player_experience":827359,"relics_obtained":[{"floor":7.0,"key":"Peace Pipe"},{"floor":9.0,"key":"Mango"}],"event_choices":[],"is_beta":false,"boss_relics":[{"not_picked":["Velvet Choker","Runic Dome"],"picked":"Fusion Hammer"}],"items_purged_floors":[],"is_endless":false,"potions_floor_spawned":[3,5,8,11,16,18],"killed_by":"Cultist and Chosen","ascension_level":11}}