{"host":"ELF","time":1613567280,"event":{"mods":["BaseMod","Bestiary","Minty Spire (QoL Compilation)","Relic Stats","Slay the Relics Exporter"],"gold_per_floor":[111,111,111,129,53,53,86,86,86,86,104,104,115,131,131,203,203,222,222,222,222,237,237,237],"floor_reached":23,"language":"ENG","playtime":982,"items_purged":[],"score":453,"play_id":"b51f2fc8-751c-4c91-bdfe-5f8a2739cfb1","local_time":"20210217070800","is_ascension_mode":true,"campfire_choices":[{"data":"True Grit","floor":6.0,"key":"SMITH"},{"data":"Twin Strike","floor":8.0,"key":"SMITH"},{"data":"Metallicize","floor":12.0,"key":"SMITH"},{"data":"Feed","floor":15.0,"key":"SMITH"}],"circlet_count":0,"master_deck":["AscendersBane","Strike_R","Strike_R+1","Strike_R","Strike_R","Defend_R","Defend_R","Defend_R+1","Defend_R","Bash","True Grit+1","Battle Trance","Metallicize+1","Twin Strike+1","Rampage","Feed+1","Barricade","Writhe","Feed+1"],"relics":["Burning Blood","NeowsBlessing","Happy Flower","Singing Bowl","Runic Pyramid","PreservedInsect"],"acts_visited":["Exordium","TheCity"],"potions_floor_usage":[16,16,23],"damage_taken":[{"damage":0.0,"enemies":"Jaw Worm","floor":1.0,"turns":1.0},{"damage":0.0,"enemies":"Cultist","floor":4.0,"turns":1.0},{"damage":0.0,"enemies":"3 Sentries","floor":7.0,"turns":2.0},{"damage":7.0,"enemies":"Small Slimes","floor":11.0,"turns":3.0},{"damage":3.0,"enemies":"Red Slaver","floor":13.0,"turns":4.0},{"damage":0.0,"enemies":"Looter","floor":14.0,"turns":3.0},{"damage":25,"enemies":"The Guardian","floor":16,"turns":12},{"damage":39,"enemies":"2 Thieves","floor":18,"turns":4},{"damage":31,"enemies":"Shell Parasite","floor":22,"turns":13},{"damage":34,"enemies":"Slavers","floor":23,"turns":2}],"seed_played":"7650316379081349244","potions_obtained":[{"floor":4.0,"key":"Explosive Potion"},{"floor":7.0,"key":"BlessingOfTheForge"},{"floor":10.0,"key":"LiquidBronze"},{"floor":11.0,"key":"ColorlessPotion"},{"floor":18,"key":"LiquidMemories"}],"is_trial":false,"path_per_floor":["M","?","?","M","$","R","E","R","T","?","M","R","M","M","R","B",null,"M","?","?","?","M","E"],"character_chosen":"IRONCLAD","items_purchased":["Metallicize"],"campfire_rested":0,"item_purchase_floors":[5],"current_hp_per_floor":[74,51,51,57,57,57,63,63,63,63,64,64,67,73,73,58,75,48,48,48,48,29,0,0],"gold":237,"neow_bonus":"THREE_ENEMY_KILL","is_daily":false,"chose_seed":false,"campfire_upgraded":4,"win_rate":0.0,"timestamp":1613567280,"path_taken":["M","?","?","?","$","R","E","R","T","?","M","R","M","?","R","BOSS","M","?","?","?","M","E"],"items_purchased_type":["Card"],"build_version":"2020-12-18","purchased_purges":0,"victory":false,"max_hp_per_floor":[75,75,75,75,75,75,75,75,75,75,77,77,77,77,77,81,81,87,87,87,87,93,97,97],"relic_stats":{"Happy Flower":[13],"Singing Bowl":6,"counters":[10,45],"PreservedInsect":42,"obtain_stats":[{"NeowsBlessing":0,"Happy Flower":7,"Singing Bowl":9,"PreservedInsect":20,"Burning Blood":0,"Runic Pyramid":17},{"NeowsBlessing":0,"Happy Flower":3,"Singing Bowl":3,"PreservedInsect":8,"Burning Blood":0,"Runic Pyramid":7},{"NeowsBlessing":0,"Happy Flower":4,"Singing Bowl":4,"PreservedInsect":30,"Burning Blood":0,"Runic Pyramid":26}],"Burning Blood":54},"card_choices":[{"not_picked":["Iron Wave","Second Wind"],"picked":"True Grit","floor":1.0},{"not_picked":["Thunderclap","Intimidate"],"picked":"Battle Trance","floor":4.0},{"not_picked":["Armaments","Havoc"],"picked":"Twin Strike","floor":7.0},{"not_picked":["Heavy Blade","Dark Embrace","Body Slam"],"picked":"Singing Bowl","floor":11.0},{"not_picked":["Disarm","Havoc"],"picked":"Rampage","floor":13.0},{"not_picked":["Reckless Charge","Ghostly Armor"],"picked":"Feed","floor":14.0},{"not_picked":["Corruption","Demon Form"],"picked":"Barricade","floor":16},{"not_picked":["Havoc","Twin Strike","Sever Soul"],"picked":"Singing Bowl","floor":18},{"not_picked":["Whirlwind","Flex","Iron Wave"],"picked":"Singing Bowl","floor":22}],"player_experience":3469025,"relics_obtained":[{"floor":7.0,"key":"Happy Flower"},{"floor":9.0,"key":"Singing Bowl"}],"event_choices":[{"damage_healed":0.0,"max_hp_gain":0.0,"max_hp_loss":0.0,"gold_gain":0.0,"event_name":"Shining Light","player_choice":"Entered Light","floor":2.0,"gold_loss":0.0,"damage_taken":23.0,"cards_upgraded":["Strike_R","Defend_R"]},{"cards_removed":["Strike_R"],"damage_healed":0.0,"max_hp_gain":0.0,"max_hp_loss":0.0,"gold_gain":0.0,"event_name":"Purifier","player_choice":"Purged","floor":3.0,"gold_loss":0.0,"damage_taken":0.0},{"damage_healed":0.0,"max_hp_gain":0.0,"max_hp_loss":0.0,"gold_gain":0.0,"event_name":"Lab","player_choice":"Got Potions","floor":10.0,"gold_loss":0.0,"damage_taken":0.0},{"damage_healed":0,"gold_gain":0,"player_choice":"Ignored","damage_taken":0,"max_hp_gain":0,"max_hp_loss":0,"event_name":"Beggar","floor":19,"gold_loss":0},{"damage_healed":0,"gold_gain":0,"player_choice":"Opened","damage_taken":0,"relics_obtained":["PreservedInsect"],"max_hp_gain":0,"max_hp_loss":0,"event_name":"The Mausoleum","floor":20,"gold_loss":0,"cards_obtained":["Writhe"]},{"damage_healed":0,"gold_gain":0,"player_choice":"Copied","damage_taken":0,"max_hp_gain":0,"max_hp_loss":0,"event_name":"Duplicator","floor":21,"gold_loss":0,"cards_obtained":["Feed"]}],"is_beta":true,"boss_relics":[{"not_picked":["Pandora\u0027s Box","SacredBark"],"picked":"Runic Pyramid"}],"items_purged_floors":[],"is_endless":false,"potions_floor_spawned":[4,7,11,13,18],"killed_by":"Slavers","ascension_level":20}}