{"host":"u94fg4idz1cgcmzu","time":1613551301,"event":{"mods":["BaseMod","Colored Powertips","Downfall","GifTheSpireLib","Minty Spire (QoL Compilation)","Quick Restart","StSLib"],"gold_per_floor":[99,199,214,233,92,92,119,4,4,38,56,56,86,97,108,213,213,213,228,245,245,255,255,281,281,291,291,316,140,151,151,211,356,356,356,412,472,528,587,658,658,658,486,544,544,602,742,5,21,21],"floor_reached":51,"language":"ZHS","playtime":41813,"items_purged":["Slimebound:Strike_Slimebound","Slimebound:Strike_Slimebound","Slimebound:Strike_Slimebound","Slimebound:Tackle","Slimebound:Defend_Slimebound"],"score":711,"play_id":"5b42bd55-7c8d-4081-93eb-f7e9b16823b9","local_time":"20210217164141","is_ascension_mode":false,"campfire_choices":[{"data":"Slimebound:CorrosiveSpit","floor":1.0,"key":"SMITH"},{"data":"Slimebound:SlimeSlap","floor":6.0,"key":"SMITH"},{"data":"Slimebound:Split","floor":9.0,"key":"SMITH"},{"data":"Slimebound:GoopSpray","floor":12.0,"key":"SMITH"},{"data":"Slimebound:RainOfGoop","floor":18.0,"key":"SMITH"},{"data":"Slimebound:Teamwork","floor":25.0,"key":"SMITH"},{"data":"Slimebound:SpikyOuterGoop","floor":27.0,"key":"SMITH"},{"data":"Slimebound:ComboTackle","floor":35.0,"key":"SMITH"},{"floor":45,"key":"RECALL"}],"circlet_count":0,"master_deck":["Slimebound:Defend_Slimebound+1","Slimebound:Defend_Slimebound","Slimebound:Defend_Slimebound","Slimebound:Split+1","Slimebound:CorrosiveSpit+1","Slimebound:Dissolve+1","Slimebound:SlimeSlap+1","Slimebound:RainOfGoop+1","Slimebound:SplitLeeching","Slimebound:GoopSpray+1","Slimebound:SpikyOuterGoop+1","Slimebound:Dissolve","Slimebound:Teamwork+1","Slimebound:Prepare+1","Slimebound:LevelUp+1","Slimebound:LeechingTouch","Slimebound:Gluttony","expansioncontent:Chronoboost","Slimebound:ComboTackle+1","Slimebound:MinionMaster","Slimebound:GrowthPunch","Slimebound:Prepare+1","Slimebound:SamplingLick+1","Slimebound:LeechEnergy+1","Slimebound:DuplicatedForm","Slimebound:RallyTheTroops","Slimebound:LeechLife","Enlightenment"],"relics":["Slimebound:AbsorbEndCombat","War Paint","Dream Catcher","PreservedInsect","Coffee Dripper","Smiling Mask","Slimebound:MaxSlimesRelic","downfall:KnowingSkull","Black Star","Akabeko","Bottled Lightning","TheAbacus","OrangePellets","Thread and Needle","Omamori"],"acts_visited":["Exordium","TheCity","TheBeyond"],"potions_floor_usage":[50],"damage_taken":[{"damage":0.0,"enemies":"Small Slimes","floor":3.0,"turns":4.0},{"damage":3.0,"enemies":"Cultist","floor":4.0,"turns":4.0},{"damage":0.0,"enemies":"downfall:FleeingMerchant","floor":5.0,"turns":4.0},{"damage":5.0,"enemies":"downfall:FleeingMerchant","floor":8.0,"turns":4.0},{"damage":0.0,"enemies":"Lagavulin","floor":10.0,"turns":4.0},{"damage":0.0,"enemies":"2 Louse","floor":11.0,"turns":2.0},{"damage":1.0,"enemies":"3 Sentries","floor":13.0,"turns":6.0},{"damage":1.0,"enemies":"Exordium Thugs","floor":14.0,"turns":3.0},{"damage":0.0,"enemies":"Large Slime","floor":15.0,"turns":5.0},{"damage":9.0,"enemies":"SI_SHIV_ARCHETYPE","floor":16.0,"turns":5.0},{"damage":10.0,"enemies":"3 Byrds","floor":19.0,"turns":5.0},{"damage":0.0,"enemies":"Chosen","floor":20.0,"turns":5.0},{"damage":6.0,"enemies":"Snake Plant","floor":22.0,"turns":3.0},{"damage":3.0,"enemies":"Centurion and Healer","floor":26.0,"turns":6.0},{"damage":18.0,"enemies":"Gremlin Leader","floor":28.0,"turns":5.0},{"damage":0.0,"enemies":"downfall:FleeingMerchant","floor":29.0,"turns":4.0},{"damage":22.0,"enemies":"Shelled Parasite and Fungi","floor":30.0,"turns":4.0},{"damage":3.0,"enemies":"Snake Plant","floor":32.0,"turns":4.0},{"damage":9.0,"enemies":"WA_ARCHETYPE_CALM","floor":33.0,"turns":7.0},{"damage":13.0,"enemies":"Orb Walker","floor":36.0,"turns":5.0},{"damage":16.0,"enemies":"3 Darklings","floor":37.0,"turns":6.0},{"damage":12.0,"enemies":"Jaw Worm Horde","floor":38.0,"turns":5.0},{"damage":17.0,"enemies":"Transient","floor":39.0,"turns":5.0},{"damage":10.0,"enemies":"Nemesis","floor":40.0,"turns":7.0},{"damage":15,"enemies":"downfall:FleeingMerchant","floor":43,"turns":4},{"damage":11,"enemies":"Writhing Mass","floor":44,"turns":5},{"damage":4,"enemies":"Jaw Worm Horde","floor":46,"turns":6},{"damage":3,"enemies":"Jaw Worm Horde","floor":47,"turns":5},{"damage":6,"enemies":"downfall:FleeingMerchant","floor":48,"turns":3},{"damage":16,"enemies":"3 Darklings","floor":49,"turns":6},{"damage":54,"enemies":"DF_ARCHETYPE_ORBS","floor":50,"turns":13}],"seed_played":"-6861539430255848141","potions_obtained":[{"floor":10.0,"key":"DuplicationPotion"},{"floor":11.0,"key":"Energy Potion"},{"floor":14.0,"key":"Dexterity Potion"},{"floor":46,"key":"Weak Potion"},{"floor":49,"key":"Dexterity Potion"}],"is_trial":false,"path_per_floor":["R","?","M","M","$","R","T","$","R","E","M","R","E","M","M","B",null,"R","M","M","?","M","?","T","R","M","R","E","$","M","?","M","B",null,"R","M","M","M","M","E","T","?","$","M","R","M","?","$","M","B",null],"character_chosen":"SLIMEBOUND","items_purchased":["Slimebound:SplitLeeching","expansioncontent:Chronoboost","Slimebound:ComboTackle","TheAbacus","OrangePellets","Slimebound:DuplicatedForm","Slimebound:RallyTheTroops","Thread and Needle","Slimebound:LeechLife","Enlightenment","Omamori"],"campfire_rested":0,"item_purchase_floors":[5,29,29,43,48,48,48,48,48,48,48],"current_hp_per_floor":[71,71,71,70,71,71,71,71,71,71,71,71,71,71,71,66,71,71,67,71,58,56,56,56,56,61,61,51,57,43,37,42,41,76,76,67,59,55,46,44,44,44,35,32,32,36,37,35,62,37],"gold":21,"neow_bonus":"TEN_PERCENT_HP_BONUS","is_daily":false,"chose_seed":false,"campfire_upgraded":8,"win_rate":0.0,"timestamp":1613551301,"path_taken":["R","?","?","M","$","R","T","?","R","E","M","R","E","M","M","BOSS","R","M","M","?","M","?","T","R","M","R","E","$","M","?","M","BOSS","R","M","M","M","M","E","T","?","$","M","R","M","?","$","M","BOSS"],"items_purchased_type":["Card","Card","Card","Relic","Relic","Card","Card","Relic","Card","Card","Relic"],"build_version":"2020-12-22","purchased_purges":5,"victory":true,"max_hp_per_floor":[71,71,71,71,71,71,71,71,71,71,71,71,71,71,71,71,71,71,71,71,76,76,76,76,76,76,76,76,76,76,76,76,76,76,76,76,76,76,76,76,76,76,76,76,76,76,76,76,76,76],"card_choices":[{"not_picked":["Slimebound:HauntingLick","Slimebound:ItLooksTasty"],"picked":"Slimebound:Dissolve","floor":3.0},{"not_picked":["Slimebound:SplitBruiser","Slimebound:RollThrough"],"picked":"Slimebound:SlimeSlap","floor":4.0},{"not_picked":["Slimebound:SplitBruiser","Slimebound:RallyTheTroops"],"picked":"Slimebound:RainOfGoop","floor":5.0},{"not_picked":["Slimebound:ForwardTackle","Slimebound:Equalize","Slimebound:Prepare"],"picked":"SKIP","floor":8.0},{"not_picked":["Slimebound:PressTheAttack","Slimebound:TongueLash","Slimebound:OneTwoCombo"],"picked":"SKIP","floor":10.0},{"not_picked":["Slimebound:LeechEnergy","Slimebound:Equalize"],"picked":"Slimebound:GoopSpray","floor":11.0},{"not_picked":["Slimebound:Replication","Slimebound:MassRepurpose"],"picked":"Slimebound:SpikyOuterGoop","floor":13.0},{"not_picked":["Slimebound:GoopSpray","Slimebound:HauntingLick","Slimebound:RollThrough"],"picked":"SKIP","floor":14.0},{"not_picked":["Slimebound:SplitMire","Slimebound:LivingWall"],"picked":"Slimebound:Dissolve","floor":15.0},{"not_picked":["Slimebound:MassRepurpose","Slimebound:Overexert"],"picked":"Slimebound:Teamwork","floor":16.0},{"not_picked":["Slimebound:MegaLick","Slimebound:Schlurp","Slimebound:RejuvenatingLick"],"picked":"SKIP","floor":19.0},{"not_picked":["Slimebound:FinishingTackle","Slimebound:DisruptingSlam"],"picked":"Slimebound:Prepare+1","floor":20.0},{"not_picked":["Slimebound:GoopTackle","Slimebound:GoopSpray+1"],"picked":"Slimebound:LevelUp+1","floor":22.0},{"not_picked":["Slimebound:SamplingLick","Slimebound:SplitAcid","Slimebound:Repurpose+1"],"picked":"SKIP","floor":26.0},{"not_picked":["Slimebound:DisruptingSlam","Slimebound:Gluttony"],"picked":"Slimebound:LeechingTouch","floor":28.0},{"not_picked":["Slimebound:SlimeSlap","Slimebound:Teamwork"],"picked":"Slimebound:Gluttony","floor":29.0},{"not_picked":["Slimebound:DivideAndConquer","Slimebound:Equalize","Slimebound:SplitAcid"],"picked":"SKIP","floor":30.0},{"not_picked":["Slimebound:Equalize","Slimebound:SlimeSpikes","Slimebound:ComboTackle"],"picked":"SKIP","floor":32.0},{"not_picked":["Slimebound:FirmFortitude","Slimebound:OneTwoCombo"],"picked":"Slimebound:MinionMaster","floor":33.0},{"not_picked":["Slimebound:LivingWall","Slimebound:SplitMire+1"],"picked":"Slimebound:GrowthPunch","floor":36.0},{"not_picked":["Slimebound:RainOfGoop","Slimebound:FinishingTackle","Slimebound:DisruptingSlam+1"],"picked":"SKIP","floor":37.0},{"not_picked":["Slimebound:Replication","Slimebound:PressTheAttack+1","Slimebound:Schlurp+1"],"picked":"SKIP","floor":38.0},{"not_picked":["Slimebound:ItLooksTasty","Slimebound:ViciousTackle","Slimebound:SplitAcid"],"picked":"SKIP","floor":39.0},{"not_picked":["Slimebound:SlimeSpikes","Slimebound:LeechEnergy"],"picked":"Slimebound:Prepare+1","floor":40.0},{"not_picked":["Slimebound:MegaLick","Slimebound:SplitBruiser","Slimebound:FinishingTackle+1"],"picked":"SKIP","floor":43},{"not_picked":["Slimebound:GoopTackle+1","Slimebound:Prepare+1"],"picked":"Slimebound:SamplingLick+1","floor":44},{"not_picked":["Slimebound:SlimeSpikes","Slimebound:ItLooksTasty","Slimebound:DivideAndConquer+1"],"picked":"SKIP","floor":46},{"not_picked":["Slimebound:SlimeTap","Slimebound:DisruptingSlam"],"picked":"Slimebound:LeechEnergy+1","floor":48},{"not_picked":["Slimebound:PrepareCrush","Slimebound:SplitMire","Slimebound:ViciousTackle"],"picked":"SKIP","floor":49}],"player_experience":1767384,"relics_obtained":[{"floor":7.0,"key":"War Paint"},{"floor":10.0,"key":"Dream Catcher"},{"floor":13.0,"key":"PreservedInsect"},{"floor":24.0,"key":"Smiling Mask"},{"floor":28.0,"key":"Slimebound:MaxSlimesRelic"},{"floor":40.0,"key":"Akabeko"},{"floor":40.0,"key":"Bottled Lightning"}],"event_choices":[{"damage_healed":0,"gold_gain":0,"player_choice":"Ignored","damage_taken":0,"max_hp_gain":0,"max_hp_loss":0,"event_name":"Mysterious Sphere","floor":42,"gold_loss":0}],"is_beta":false,"boss_relics":[{"not_picked":["Empty Cage","Fusion Hammer"],"picked":"Coffee Dripper"},{"not_picked":["Snecko Eye","Pandora\u0027s Box"],"picked":"Black Star"}],"items_purged_floors":[5,8,29,43,48],"is_endless":false,"potions_floor_spawned":[10,11,14,19,22,26,32,33,38,46,47,49],"ascension_level":0}}