{"host":"sav7uxregyirlf69","time":1613571144,"event":{"mods":["AchievementEnabler","BaseMod","Colored Map","DeckTracker","Keyboard Shortcuts","Minty Spire (QoL Compilation)","READ ME - Guardian Mod","StSLib","SuperFastMode"],"gold_per_floor":[110,110,127,52,64,64,74,149,230,230,264,281,281,300,300,372,372,386,130,130,180,180,211,211,221,267,278,296,296,312,327,327,327,327],"floor_reached":33,"language":"KOR","playtime":597,"items_purged":["Pain","Strike_G"],"score":538,"play_id":"d1e7911b-1002-4c2e-b9e4-3894a6dfb653","local_time":"20210217231224","is_ascension_mode":true,"campfire_choices":[{"data":"Cloak And Dagger","floor":6,"key":"SMITH"},{"data":"Dash","floor":13,"key":"SMITH"},{"data":"Neutralize","floor":15,"key":"SMITH"},{"floor":32,"key":"REST"}],"circlet_count":0,"master_deck":["AscendersBane","Strike_G+1","Strike_G+1","Strike_G+1","Strike_G+1","Defend_G+1","Defend_G+1","Defend_G+1","Defend_G+1","Defend_G+1","Survivor","Neutralize+1","Dagger Spray","Dagger Throw","Cloak And Dagger+1","Backflip","Dash+1","Finisher","Burst","Dagger Throw","Noxious Fumes","Die Die Die","PiercingWail","Blade Dance","Accuracy","Adrenaline","Acrobatics"],"relics":["Ring of the Snake","NeowsBlessing","WarpedTongs","Ninja Scroll","Oddly Smooth Stone","HoveringKite","FossilizedHelix","Ice Cream","Potion Belt"],"acts_visited":["Exordium","TheCity"],"potions_floor_usage":[18,33,33],"damage_taken":[{"damage":0,"enemies":"Small Slimes","floor":1,"turns":1},{"damage":1,"enemies":"Cultist","floor":3,"turns":1},{"damage":0,"enemies":"2 Louse","floor":5,"turns":1},{"damage":0,"enemies":"Looter","floor":7,"turns":3},{"damage":20,"enemies":"3 Sentries","floor":11,"turns":6},{"damage":0,"enemies":"3 Louse","floor":12,"turns":3},{"damage":0,"enemies":"2 Fungi Beasts","floor":14,"turns":2},{"damage":10,"enemies":"The Guardian","floor":16,"turns":16},{"damage":0,"enemies":"Spheric Guardian","floor":18,"turns":3},{"damage":26,"enemies":"Gremlin Leader","floor":23,"turns":6},{"damage":0,"enemies":"Shell Parasite","floor":25,"turns":5},{"damage":0,"enemies":"3 Cultists","floor":27,"turns":5},{"damage":0,"enemies":"Cultist and Chosen","floor":28,"turns":6},{"damage":6,"enemies":"Shelled Parasite and Fungi","floor":30,"turns":4},{"damage":0,"enemies":"Snecko","floor":31,"turns":4},{"damage":37,"enemies":"Collector","floor":33,"turns":7}],"seed_played":"-4119069382696845241","potions_obtained":[{"floor":1,"key":"DuplicationPotion"},{"floor":3,"key":"SmokeBomb"},{"floor":12,"key":"LiquidMemories"},{"floor":23,"key":"Poison Potion"},{"floor":28,"key":"Dexterity Potion"}],"is_trial":false,"path_per_floor":["M","?","M","$","M","R","M","?","T","?","E","M","R","M","R","B",null,"M","$","?","?","?","E","T","M","T","M","M","?","M","M","R","B"],"character_chosen":"THE_SILENT","items_purchased":["Noxious Fumes","Die Die Die"],"campfire_rested":1,"item_purchase_floors":[19,19],"current_hp_per_floor":[59,59,58,58,58,58,58,47,47,47,27,27,27,27,27,17,54,54,54,54,54,36,10,10,10,10,10,10,10,4,4,25,0,0],"gold":327,"neow_bonus":"THREE_ENEMY_KILL","is_daily":false,"chose_seed":false,"campfire_upgraded":3,"win_rate":0.0,"timestamp":1613571144,"path_taken":["M","?","M","?","?","R","M","?","T","?","E","M","R","M","R","BOSS","M","$","?","?","?","E","?","M","T","M","?","?","M","M","R","BOSS"],"items_purchased_type":["Card","Card"],"build_version":"2020-12-22","purchased_purges":2,"victory":false,"max_hp_per_floor":[66,66,66,66,66,66,66,66,66,66,66,66,66,66,66,66,66,66,66,66,66,71,71,71,71,71,71,71,71,71,71,71,71,71],"card_choices":[{"not_picked":["Blur","Dodge and Roll"],"picked":"Dagger Spray","floor":1},{"not_picked":["Well Laid Plans","Prepared"],"picked":"Dagger Throw","floor":3},{"not_picked":["Underhanded Strike","Dagger Throw"],"picked":"Cloak And Dagger","floor":5},{"not_picked":["Dagger Throw","Dodge and Roll"],"picked":"Backflip","floor":7},{"not_picked":["Grand Finale","Endless Agony","Dagger Spray"],"picked":"SKIP","floor":11},{"not_picked":["Flying Knee","Dagger Throw"],"picked":"Dash","floor":12},{"not_picked":["Acrobatics","Masterful Stab"],"picked":"Finisher","floor":14},{"not_picked":["Envenom","Unload"],"picked":"Burst","floor":16},{"not_picked":["Setup","Flying Knee"],"picked":"Dagger Throw","floor":18},{"not_picked":["PiercingWail","All Out Attack","Dash+1"],"picked":"SKIP","floor":23},{"not_picked":["All Out Attack","Dash+1"],"picked":"PiercingWail","floor":23},{"not_picked":["Prepared","Well Laid Plans"],"picked":"Blade Dance","floor":25},{"not_picked":["PiercingWail","Deflect"],"picked":"Accuracy","floor":27},{"not_picked":["PiercingWail","Backflip"],"picked":"Adrenaline","floor":28},{"not_picked":["Dagger Throw","Setup","Deadly Poison"],"picked":"SKIP","floor":30},{"not_picked":["Dodge and Roll","Bane"],"picked":"Acrobatics","floor":31}],"player_experience":1597950,"relics_obtained":[{"floor":9,"key":"Ninja Scroll"},{"floor":11,"key":"Oddly Smooth Stone"},{"floor":23,"key":"FossilizedHelix"},{"floor":24,"key":"Ice Cream"},{"floor":26,"key":"Potion Belt"}],"event_choices":[{"damage_healed":0,"gold_gain":0,"player_choice":"Rummage","damage_taken":0,"relics_obtained":["WarpedTongs"],"max_hp_gain":0,"max_hp_loss":0,"event_name":"Accursed Blacksmith","floor":2,"gold_loss":0,"cards_obtained":["Pain"]},{"damage_healed":0,"gold_gain":75,"player_choice":"Gather Gold","damage_taken":11,"max_hp_gain":0,"max_hp_loss":0,"event_name":"World of Goop","floor":8,"gold_loss":0},{"damage_healed":0,"gold_gain":0,"player_choice":"Ignored","damage_taken":0,"max_hp_gain":0,"max_hp_loss":0,"event_name":"Liars Game","floor":10,"gold_loss":0},{"damage_healed":0,"gold_gain":0,"player_choice":"Ignored","damage_taken":0,"max_hp_gain":0,"max_hp_loss":0,"event_name":"Ghosts","floor":20,"gold_loss":0},{"damage_healed":0,"gold_gain":50,"player_choice":"Stole From Cult","damage_taken":0,"max_hp_gain":0,"max_hp_loss":0,"event_name":"Nest","floor":21,"gold_loss":0},{"damage_healed":0,"gold_gain":0,"player_choice":"Shed Blood","damage_taken":23,"max_hp_gain":5,"max_hp_loss":0,"event_name":"Forgotten Altar","floor":22,"gold_loss":0},{"damage_healed":0,"gold_gain":0,"player_choice":"Simplicity","damage_taken":0,"max_hp_gain":0,"max_hp_loss":0,"event_name":"Back to Basics","floor":29,"gold_loss":0,"cards_upgraded":["Strike_G","Strike_G","Strike_G","Strike_G","Defend_G","Defend_G","Defend_G","Defend_G","Defend_G"]}],"is_beta":false,"boss_relics":[{"not_picked":["Empty Cage","Ring of the Serpent"],"picked":"HoveringKite"}],"items_purged_floors":[4,19],"is_endless":false,"potions_floor_spawned":[1,3,11,12,23,25,28],"killed_by":"Collector","ascension_level":20}}