{"host":"aaist0epu260r53e","time":1613565569,"event":{"mods":["BaseMod","Colored Map","Colored Powertips","Minty Spire (QoL Compilation)","Quick Restart"],"gold_per_floor":[19,119,138,151,164,191,191,206,251,251,261,2,20,38,38,137,137,155,155,166,212,225,225,251,251,276,290,309,66,66,76,76,76,76],"floor_reached":33,"language":"ZHS","playtime":2029,"items_purged":["Strike_R","Strike_R"],"score":273,"play_id":"1ae18e53-d6fe-4944-a579-b687c480c36a","local_time":"20210217203929","is_ascension_mode":false,"campfire_choices":[{"data":"Sword Boomerang","floor":7,"key":"SMITH"},{"data":"Seeing Red","floor":15,"key":"SMITH"},{"data":"Spot Weakness","floor":23,"key":"SMITH"},{"floor":25,"key":"REST"},{"data":"Brutality","floor":32,"key":"SMITH"}],"circlet_count":0,"master_deck":["Strike_R","Strike_R","Defend_R","Defend_R","Bash","Sword Boomerang+1","Seeing Red+1","Metallicize","Pommel Strike","Brutality+1","Necronomicurse","Shrug It Off+1","Spot Weakness+1","Warcry+1","Warcry+1"],"relics":["Burning Blood","Lantern","Bag of Preparation","White Beast Statue","Sling","Runic Cube","Necronomicon","Strawberry","Regal Pillow","PreservedInsect","Nunchaku"],"acts_visited":["Exordium","TheCity"],"potions_floor_usage":[7,13,16,18,20,24,24,28,33,33],"damage_taken":[{"damage":7,"enemies":"2 Louse","floor":1,"turns":3},{"damage":1,"enemies":"Cultist","floor":3,"turns":4},{"damage":11,"enemies":"Jaw Worm","floor":4,"turns":5},{"damage":9,"enemies":"2 Fungi Beasts","floor":5,"turns":5},{"damage":54,"enemies":"Lagavulin","floor":6,"turns":8},{"damage":13,"enemies":"Exordium Wildlife","floor":8,"turns":3},{"damage":0,"enemies":"3 Louse","floor":11,"turns":2},{"damage":3,"enemies":"Lots of Slimes","floor":13,"turns":4},{"damage":0,"enemies":"2 Fungi Beasts","floor":14,"turns":4},{"damage":43,"enemies":"Hexaghost","floor":16,"turns":8},{"damage":6,"enemies":"Chosen","floor":18,"turns":4},{"damage":13,"enemies":"3 Byrds","floor":20,"turns":5},{"damage":27,"enemies":"Centurion and Healer","floor":22,"turns":5},{"damage":47,"enemies":"Slavers","floor":24,"turns":5},{"damage":8,"enemies":"Snecko","floor":27,"turns":4},{"damage":16,"enemies":"Shelled Parasite and Fungi","floor":28,"turns":5},{"damage":5,"enemies":"Snake Plant","floor":31,"turns":2},{"damage":67,"enemies":"Collector","floor":33,"turns":6}],"seed_played":"1606696635702618585","potions_obtained":[{"floor":1,"key":"CultistPotion"},{"floor":4,"key":"BloodPotion"},{"floor":6,"key":"AttackPotion"},{"floor":11,"key":"AttackPotion"},{"floor":13,"key":"HeartOfIron"},{"floor":14,"key":"BloodPotion"},{"floor":16,"key":"ColorlessPotion"},{"floor":18,"key":"SpeedPotion"},{"floor":20,"key":"Regen Potion"},{"floor":24,"key":"Strength Potion"},{"floor":27,"key":"PowerPotion"},{"floor":28,"key":"Ancient Potion"},{"floor":31,"key":"Swift Potion"}],"is_trial":false,"path_per_floor":["M","?","M","M","M","E","R","M","T","?","M","$","M","M","R","B",null,"M","?","M","T","M","R","E","R","T","M","M","$","?","M","R","B"],"character_chosen":"IRONCLAD","items_purchased":["Sling","Metallicize","Nunchaku"],"campfire_rested":1,"item_purchase_floors":[12,12,29],"current_hp_per_floor":[79,79,80,75,72,24,40,33,33,33,39,39,42,48,48,11,80,80,64,73,80,59,59,32,73,73,71,61,61,61,62,62,0,0],"gold":76,"neow_bonus":"REMOVE_TWO","is_daily":false,"chose_seed":false,"campfire_upgraded":4,"win_rate":0.0,"timestamp":1613565569,"path_taken":["M","?","M","M","?","E","R","M","T","?","M","$","M","M","R","BOSS","M","?","M","?","M","R","E","R","T","M","M","$","?","?","R","BOSS"],"items_purchased_type":["Relic","Card","Relic"],"build_version":"2020-12-22","purchased_purges":2,"victory":false,"max_hp_per_floor":[80,80,80,80,80,80,80,80,80,80,80,80,80,80,80,80,80,80,80,80,87,87,87,87,87,87,87,87,87,87,87,87,87,87],"card_choices":[{"not_picked":["Pummel","Thunderclap"],"picked":"Sword Boomerang","floor":1},{"not_picked":["Reckless Charge","Burning Pact","Perfected Strike"],"picked":"SKIP","floor":3},{"not_picked":["Dual Wield","Dark Embrace","True Grit"],"picked":"SKIP","floor":4},{"not_picked":["Headbutt","Armaments","Reckless Charge"],"picked":"SKIP","floor":5},{"not_picked":["Armaments","Headbutt","Impervious"],"picked":"SKIP","floor":6},{"not_picked":["Wild Strike","Fire Breathing"],"picked":"Seeing Red","floor":8},{"not_picked":["Searing Blow","Headbutt","Wild Strike"],"picked":"SKIP","floor":11},{"not_picked":["Warcry","Sever Soul","Rampage"],"picked":"SKIP","floor":13},{"not_picked":["Havoc","Shrug It Off"],"picked":"Pommel Strike","floor":14},{"not_picked":["Berserk","Bludgeon"],"picked":"Brutality","floor":16},{"not_picked":["Headbutt","Shrug It Off","Burning Pact"],"picked":"SKIP","floor":18},{"not_picked":["Inflame","Cleave+1"],"picked":"Shrug It Off+1","floor":20},{"not_picked":["Havoc","Ghostly Armor"],"picked":"Spot Weakness","floor":22},{"not_picked":["Immolate","Disarm","Warcry"],"picked":"SKIP","floor":24},{"not_picked":["Blood for Blood","Armaments"],"picked":"Warcry+1","floor":27},{"not_picked":["Headbutt","Inflame","Thunderclap"],"picked":"SKIP","floor":28},{"not_picked":["Rupture","Armaments"],"picked":"Warcry+1","floor":31}],"player_experience":62694,"relics_obtained":[{"floor":6,"key":"Lantern"},{"floor":9,"key":"Bag of Preparation"},{"floor":19,"key":"Necronomicon"},{"floor":21,"key":"Strawberry"},{"floor":24,"key":"Regal Pillow"},{"floor":26,"key":"PreservedInsect"}],"event_choices":[{"damage_healed":0,"gold_gain":100,"player_choice":"Pray","damage_taken":0,"max_hp_gain":0,"max_hp_loss":0,"event_name":"Golden Shrine","floor":2,"gold_loss":0},{"damage_healed":0,"gold_gain":0,"player_choice":"Searched \u00272\u0027 times","damage_taken":0,"relics_obtained":["White Beast Statue"],"max_hp_gain":0,"max_hp_loss":0,"event_name":"Dead Adventurer","floor":10,"gold_loss":0},{"damage_healed":0,"gold_gain":0,"player_choice":"Obtained Book","damage_taken":16,"max_hp_gain":0,"max_hp_loss":0,"event_name":"Cursed Tome","floor":19,"gold_loss":0},{"cards_removed":["Defend_R"],"damage_healed":0,"gold_gain":0,"player_choice":"Offered Basic","damage_taken":0,"max_hp_gain":0,"max_hp_loss":0,"event_name":"Bonfire Elementals","floor":30,"gold_loss":0}],"is_beta":false,"boss_relics":[{"not_picked":["Sozu","Runic Pyramid"],"picked":"Runic Cube"}],"items_purged_floors":[12,29],"is_endless":false,"potions_floor_spawned":[1,4,6,11,13,14,16,18,20,22,24,27,28,31],"killed_by":"Collector","ascension_level":0}}