{"host":"5h6e4l6hpn0p5lap","time":1613580709,"event":{"mods":["AchievementEnabler","BaseMod","Better Altar","Better Match","Better Sensory Stone","Better Skull","Better Third Choice","Colored Map","Filter the Spire","Minty Spire (QoL Compilation)","StSLib"],"gold_per_floor":[112,129,144,162,172,172,19,52,101,113,130,130,143,108,108,232,232,252,263,263,107,117,148,148,168,219,231,231,231,231,251,251,346,346,357,45,58,68,68,68,68,68,92,107,118,118,136,36,36,36],"floor_reached":51,"language":"ENG","playtime":2566,"items_purged":["Neutralize","Prepared"],"score":1018,"play_id":"9e4c6a22-63c5-4d8d-9a98-38f50a3f9f7e","local_time":"20210217115149","is_ascension_mode":true,"campfire_choices":[{"data":"Underhanded Strike","floor":6,"key":"SMITH"},{"floor":12,"key":"REST"},{"data":"Riddle With Holes","floor":15,"key":"SMITH"},{"floor":24,"key":"REST"},{"floor":30,"key":"REST"},{"floor":32,"key":"REST"},{"floor":40,"key":"REST"},{"data":"Predator","floor":42,"key":"SMITH"},{"floor":46,"key":"REST"},{"floor":49,"key":"REST"}],"circlet_count":0,"master_deck":["Survivor","Sucker Punch","Underhanded Strike+1","Leg Sweep","Flechettes","Eviscerate","Riddle With Holes+1","Corpse Explosion","Backflip+1","Predator","Dodge and Roll+1","Dash","Riddle With Holes","Dark Shackles","Predator+1","Bouncing Flask","Phantasmal Killer","Burst","Accuracy","Venomology","Distraction","Unload","Caltrops","Blur","Flying Knee","Well Laid Plans","Calculated Gamble","Apotheosis","Prepared+1","Footwork","Bullet Time","Riddle With Holes+1"],"relics":["Snecko Eye","Toolbox","Mummified Hand","Dream Catcher","Velvet Choker","Kunai","Nunchaku","Pandora\u0027s Box","Lee\u0027s Waffle","Orichalcum"],"acts_visited":["Exordium","TheCity","TheBeyond"],"potions_floor_usage":[10,16,19,19,19,25,25,25,38,45,47,50,50,50],"damage_taken":[{"damage":0,"enemies":"Cultist","floor":1,"turns":4},{"damage":0,"enemies":"Small Slimes","floor":2,"turns":3},{"damage":0,"enemies":"2 Louse","floor":3,"turns":2},{"damage":3,"enemies":"Looter","floor":4,"turns":3},{"damage":0,"enemies":"2 Fungi Beasts","floor":5,"turns":5},{"damage":16,"enemies":"3 Sentries","floor":8,"turns":9},{"damage":4,"enemies":"Lots of Slimes","floor":10,"turns":3},{"damage":11,"enemies":"3 Louse","floor":11,"turns":5},{"damage":7,"enemies":"Exordium Wildlife","floor":13,"turns":3},{"damage":30,"enemies":"Hexaghost","floor":16,"turns":9},{"damage":0,"enemies":"2 Thieves","floor":18,"turns":3},{"damage":28,"enemies":"Shell Parasite","floor":19,"turns":7},{"damage":4,"enemies":"Centurion and Healer","floor":22,"turns":4},{"damage":12,"enemies":"Gremlin Leader","floor":23,"turns":6},{"damage":5,"enemies":"Snake Plant","floor":25,"turns":3},{"damage":1,"enemies":"Shelled Parasite and Fungi","floor":27,"turns":6},{"damage":0,"enemies":"Cultist and Chosen","floor":31,"turns":4},{"damage":65,"enemies":"Champ","floor":33,"turns":14},{"damage":10,"enemies":"3 Shapes","floor":35,"turns":5},{"damage":11,"enemies":"Orb Walker","floor":37,"turns":2},{"damage":28,"enemies":"Sphere and 2 Shapes","floor":38,"turns":4},{"damage":26,"enemies":"4 Shapes","floor":44,"turns":6},{"damage":21,"enemies":"3 Darklings","floor":45,"turns":3},{"damage":6,"enemies":"Spire Growth","floor":47,"turns":6},{"damage":52,"enemies":"Donu and Deca","floor":50,"turns":8}],"seed_played":"-7129883775038081309","potions_obtained":[{"floor":4,"key":"Block Potion"},{"floor":5,"key":"EntropicBrew"},{"floor":8,"key":"BlessingOfTheForge"},{"floor":11,"key":"SteroidPotion"},{"floor":18,"key":"GamblersBrew"},{"floor":19,"key":"BlessingOfTheForge"},{"floor":35,"key":"SteroidPotion"},{"floor":37,"key":"Ancient Potion"},{"floor":44,"key":"GamblersBrew"},{"floor":47,"key":"DuplicationPotion"}],"is_trial":false,"path_per_floor":["M","M","M","M","M","R","$","E","T","M","M","R","M","?","R","B",null,"M","M","?","$","M","E","R","M","T","M","?","?","R","M","R","B",null,"M","$","M","M","?","R","?","R","T","M","M","R","M","$","R","B",null],"character_chosen":"THE_SILENT","items_purchased":["Toolbox","Predator","Lee\u0027s Waffle","Apotheosis"],"campfire_rested":7,"item_purchase_floors":[7,21,36,36],"current_hp_per_floor":[63,63,63,60,60,60,60,44,44,40,29,50,43,60,60,30,60,60,32,32,32,28,16,37,32,32,31,31,31,52,52,70,5,54,44,77,66,38,38,61,87,87,87,61,40,66,60,60,86,34],"gold":36,"neow_bonus":"BOSS_RELIC","is_daily":false,"chose_seed":false,"campfire_upgraded":3,"win_rate":0.0,"timestamp":1613580709,"path_taken":["M","M","?","M","?","R","$","E","T","M","M","R","M","?","R","BOSS","M","M","?","$","M","E","R","M","T","M","?","?","R","M","R","BOSS","M","$","M","?","?","R","?","R","T","M","?","R","?","$","R","BOSS"],"items_purchased_type":["Relic","Card","Relic","Card"],"build_version":"2020-12-22","purchased_purges":2,"victory":true,"max_hp_per_floor":[70,70,70,70,70,70,70,70,70,70,70,70,70,70,70,70,70,70,70,70,70,70,70,70,70,70,70,70,70,70,70,70,70,70,70,77,77,77,77,77,87,87,87,87,87,87,87,87,87,87],"card_choices":[{"not_picked":["Backflip","Blade Dance"],"picked":"Sucker Punch","floor":1},{"not_picked":["Deflect","Quick Slash"],"picked":"Night Terror","floor":2},{"not_picked":["PiercingWail","Bouncing Flask"],"picked":"Underhanded Strike","floor":3},{"not_picked":["Backflip","Flying Knee"],"picked":"Leg Sweep","floor":4},{"not_picked":["Prepared","Poisoned Stab","Infinite Blades"],"picked":"SKIP","floor":5},{"not_picked":["Heel Hook","Quick Slash"],"picked":"Flechettes","floor":8},{"not_picked":["Tools of the Trade","Prepared","Underhanded Strike"],"picked":"SKIP","floor":10},{"not_picked":["Dodge and Roll","Outmaneuver"],"picked":"Eviscerate","floor":11},{"not_picked":["Doppelganger","Outmaneuver"],"picked":"Riddle With Holes","floor":13},{"not_picked":["Adrenaline","Night Terror"],"picked":"Corpse Explosion","floor":16},{"not_picked":["Bane","Acrobatics"],"picked":"Backflip+1","floor":18},{"not_picked":["Quick Slash","Bane","Flying Knee"],"picked":"SKIP","floor":19},{"not_picked":["Endless Agony","Dagger Throw"],"picked":"Dodge and Roll+1","floor":22},{"not_picked":["Leg Sweep","Backflip","Poisoned Stab"],"picked":"SKIP","floor":23},{"not_picked":["Infinite Blades","Eviscerate"],"picked":"Dash","floor":24},{"not_picked":["Bane","Doppelganger","Backflip"],"picked":"SKIP","floor":25},{"not_picked":["Dodge and Roll","Crippling Poison"],"picked":"Riddle With Holes","floor":27},{"not_picked":["Trip","Violence"],"picked":"Dark Shackles","floor":28},{"not_picked":["Dodge and Roll","Slice"],"picked":"Bouncing Flask","floor":30},{"not_picked":["Slice","Sucker Punch+1","Outmaneuver+1"],"picked":"SKIP","floor":31},{"not_picked":["Venomology","Adrenaline"],"picked":"Phantasmal Killer","floor":33},{"not_picked":["Sucker Punch+1","Backstab+1"],"picked":"Calculated Gamble","floor":35},{"not_picked":["Dagger Spray+1","Deadly Poison+1","Endless Agony"],"picked":"SKIP","floor":37},{"not_picked":["Dagger Throw+1","Deflect"],"picked":"Prepared+1","floor":38},{"not_picked":["Dash","Deflect"],"picked":"Footwork","floor":44},{"not_picked":["Tactician","Expertise+1"],"picked":"Bullet Time","floor":45},{"not_picked":["Underhanded Strike","Prepared+1"],"picked":"Riddle With Holes+1","floor":46},{"not_picked":["Noxious Fumes+1","Outmaneuver","Dodge and Roll+1"],"picked":"SKIP","floor":47}],"player_experience":1131816,"relics_obtained":[{"floor":8,"key":"Mummified Hand"},{"floor":9,"key":"Dream Catcher"},{"floor":23,"key":"Kunai"},{"floor":26,"key":"Nunchaku"},{"floor":43,"key":"Orichalcum"}],"event_choices":[{"damage_healed":17,"gold_gain":0,"player_choice":"Healed","damage_taken":0,"max_hp_gain":0,"max_hp_loss":0,"event_name":"The Cleric","floor":14,"gold_loss":35},{"damage_healed":0,"gold_gain":0,"player_choice":"Simplicity","damage_taken":0,"max_hp_gain":0,"max_hp_loss":10,"event_name":"betterThird:BetterWriting","floor":20,"gold_loss":0},{"damage_healed":0,"gold_gain":2,"player_choice":"1","damage_taken":0,"max_hp_gain":0,"max_hp_loss":0,"event_name":"betterStone:BetterStone","floor":28,"gold_loss":0},{"damage_healed":0,"gold_gain":0,"player_choice":"Copied","damage_taken":0,"max_hp_gain":0,"max_hp_loss":0,"event_name":"Duplicator","floor":29,"gold_loss":0,"cards_obtained":["Predator"]},{"damage_healed":0,"gold_gain":0,"player_choice":"Ignored","damage_taken":0,"max_hp_gain":0,"max_hp_loss":0,"event_name":"Tomb of Lord Red Mask","floor":39,"gold_loss":0},{"cards_removed":["Night Terror"],"damage_healed":16,"gold_gain":0,"player_choice":"Offered Rare","damage_taken":0,"max_hp_gain":10,"max_hp_loss":0,"event_name":"Bonfire Elementals","floor":41,"gold_loss":0}],"is_beta":false,"boss_relics":[{"not_picked":["Runic Pyramid","Astrolabe"],"picked":"Velvet Choker"},{"not_picked":["Coffee Dripper","Empty Cage"],"picked":"Pandora\u0027s Box"}],"items_purged_floors":[21,48],"is_endless":false,"potions_floor_spawned":[4,5,8,11,18,19,35,37,44,47],"ascension_level":9}}