{"host":"lsq35p0sdkx2xifo","time":1613557966,"event":{"mods":["AchievementEnabler","BaseMod","Highlight Path","Minty Spire (QoL Compilation)","StSLib"],"gold_per_floor":[117,117,117,78,78,78,103,119,142,181,161,192,207,43,43,137,137,131,152,171,44,67,67,67,67,67],"floor_reached":25,"language":"ENG","playtime":1537,"items_purged":[],"score":380,"play_id":"bcc33f23-18cd-4e1e-9bab-d85241cfdc64","local_time":"20210217023246","is_ascension_mode":true,"campfire_choices":[{"floor":6,"key":"REST"},{"floor":15,"key":"REST"},{"data":"Bullet Time","floor":23,"key":"SMITH"}],"circlet_count":0,"master_deck":["AscendersBane","Strike_G","Strike_G","Strike_G","Strike_G","Strike_G","Defend_G","Defend_G+1","Defend_G+1","Defend_G","Defend_G","Survivor","Neutralize","Footwork","Blade Dance","Dagger Throw","Caltrops","Poisoned Stab","Quick Slash","Bullet Time+1","CurseOfTheBell","Blade Dance","Footwork","Cloak And Dagger","Caltrops","Terror","Footwork","Writhe"],"relics":["Ring of the Snake","NeowsBlessing","Golden Idol","Bag of Preparation","CaptainsWheel","Bronze Scales","Blood Vial","Calling Bell","Happy Flower","Paper Crane","Gambling Chip","Darkstone Periapt"],"acts_visited":["Exordium","TheCity"],"potions_floor_usage":[10,12,12,16,20],"damage_taken":[{"damage":0,"enemies":"Small Slimes","floor":1,"turns":1},{"damage":0,"enemies":"2 Louse","floor":7,"turns":1},{"damage":0,"enemies":"Cultist","floor":8,"turns":1},{"damage":9,"enemies":"3 Sentries","floor":10,"turns":10},{"damage":21,"enemies":"Lagavulin","floor":12,"turns":8},{"damage":12,"enemies":"Lots of Slimes","floor":13,"turns":4},{"damage":29,"enemies":"The Guardian","floor":16,"turns":12},{"damage":7,"enemies":"2 Thieves","floor":18,"turns":4},{"damage":1,"enemies":"Spheric Guardian","floor":19,"turns":3},{"damage":4,"enemies":"3 Cultists","floor":20,"turns":6},{"damage":0,"enemies":"Centurion and Healer","floor":22,"turns":10},{"damage":53,"enemies":"Gremlin Leader","floor":25,"turns":8}],"seed_played":"-5507158996427659450","potions_obtained":[{"floor":8,"key":"ColorlessPotion"},{"floor":10,"key":"Fire Potion"},{"floor":11,"key":"Energy Potion"},{"floor":13,"key":"PowerPotion"},{"floor":18,"key":"Poison Potion"}],"is_trial":false,"path_per_floor":["M","?","?","?","?","R","M","M","T","E","?","E","M","$","R","B",null,"M","M","M","$","M","R","?","E"],"character_chosen":"THE_SILENT","items_purchased":["Blood Vial","Caltrops","Terror"],"campfire_rested":2,"item_purchase_floors":[14,21,21],"current_hp_per_floor":[59,39,39,39,39,57,57,57,57,48,48,27,15,15,33,6,47,42,43,41,41,43,43,49,0,0],"gold":67,"neow_bonus":"THREE_ENEMY_KILL","is_daily":false,"chose_seed":false,"campfire_upgraded":1,"win_rate":0.0,"timestamp":1613557966,"path_taken":["M","?","?","?","?","R","M","M","T","E","?","E","?","$","R","BOSS","M","?","M","$","M","R","?","E"],"items_purchased_type":["Relic","Card","Card"],"build_version":"2020-12-22","purchased_purges":0,"victory":false,"max_hp_per_floor":[66,66,60,60,60,60,60,60,60,60,60,60,60,60,60,60,60,60,60,60,60,60,60,66,66,66],"card_choices":[{"not_picked":["Flying Knee","Well Laid Plans"],"picked":"Footwork","floor":1},{"not_picked":["Bane","Reflex"],"picked":"Blade Dance","floor":7},{"not_picked":["Sucker Punch","Deflect"],"picked":"Dagger Throw","floor":8},{"not_picked":["Acrobatics","Bouncing Flask"],"picked":"Caltrops","floor":10},{"not_picked":["Dagger Spray","Quick Slash"],"picked":"Poisoned Stab","floor":12},{"not_picked":["Dagger Spray","Outmaneuver"],"picked":"Quick Slash","floor":13},{"not_picked":["Unload","Burst"],"picked":"Bullet Time","floor":16},{"not_picked":["Slice","Sucker Punch+1"],"picked":"Blade Dance","floor":18},{"not_picked":["Flying Knee","Reflex"],"picked":"Footwork","floor":19},{"not_picked":["Dagger Spray","All Out Attack"],"picked":"Cloak And Dagger","floor":20},{"not_picked":["Poisoned Stab","Acrobatics"],"picked":"Footwork","floor":22}],"player_experience":1285033,"relics_obtained":[{"floor":9,"key":"Bag of Preparation"},{"floor":10,"key":"CaptainsWheel"},{"floor":12,"key":"Bronze Scales"},{"floor":17,"key":"Happy Flower"},{"floor":17,"key":"Paper Crane"},{"floor":17,"key":"Gambling Chip"}],"event_choices":[{"damage_healed":0,"gold_gain":0,"player_choice":"Entered Light","damage_taken":20,"max_hp_gain":0,"max_hp_loss":0,"event_name":"Shining Light","floor":2,"gold_loss":0,"cards_upgraded":["Defend_G","Defend_G"]},{"damage_healed":0,"gold_gain":0,"player_choice":"Lose Max HP","damage_taken":0,"relics_obtained":["Golden Idol"],"max_hp_gain":0,"max_hp_loss":6,"event_name":"Golden Idol","floor":3,"gold_loss":0},{"damage_healed":0,"gold_gain":0,"player_choice":"Left Gold","damage_taken":0,"max_hp_gain":0,"max_hp_loss":0,"event_name":"World of Goop","floor":4,"gold_loss":39},{"damage_healed":0,"gold_gain":0,"player_choice":"Ignored","damage_taken":0,"max_hp_gain":0,"max_hp_loss":0,"event_name":"Liars Game","floor":5,"gold_loss":0},{"damage_healed":0,"gold_gain":0,"player_choice":"Bought 1 Potion","damage_taken":0,"max_hp_gain":0,"max_hp_loss":0,"event_name":"The Woman in Blue","floor":11,"gold_loss":0},{"damage_healed":0,"gold_gain":0,"player_choice":"Opened","damage_taken":0,"relics_obtained":["Darkstone Periapt"],"max_hp_gain":0,"max_hp_loss":0,"event_name":"The Mausoleum","floor":24,"gold_loss":0,"cards_obtained":["Writhe"]}],"is_beta":false,"boss_relics":[{"not_picked":["Philosopher\u0027s Stone","Black Star"],"picked":"Calling Bell"}],"items_purged_floors":[],"is_endless":false,"potions_floor_spawned":[8,10,13,18],"killed_by":"Gremlin Leader","ascension_level":16}}