{"host":"gqehuxj7tnuuocki","time":1613591784,"event":{"mods":["2.2 Compatiblity","Act Like it!","Aspiration","BaseMod","Bestiary","Card Filter","DeckTracker","Downfall","Energized Spire","Highlight Path","Minty Spire (QoL Compilation)","Relic Filter","Reliquary","Shade Mod","StSLib","The Elementalist","The Poker Player","UnlockEverythingMod","Waifu the Spire","Yakumo Yukari mod"],"gold_per_floor":[99,119,198,212,24,36,36,48,78,63,63,77,77,95,108,208,208,208,223,238,238,238,258,303,314,55,55,155,155,170,180,193,193,193,193],"floor_reached":33,"language":"ENG","playtime":2895,"items_purged":[],"score":253,"play_id":"486db54e-7509-4ded-8043-a6c6db9a78a7","local_time":"20210217205624","is_ascension_mode":false,"campfire_choices":[{"data":"Slimebound:DuplicatedForm","floor":1,"key":"SMITH"},{"data":"Apotheosis","floor":11,"key":"SMITH"},{"data":"Slimebound:OozeBath","floor":13,"key":"SMITH"},{"data":"Slimebound:DouseInSlime","floor":18,"key":"SMITH"},{"floor":29,"key":"REST"}],"circlet_count":0,"master_deck":["Slimebound:Tackle","Slimebound:Defend_Slimebound","Slimebound:Defend_Slimebound","Slimebound:Defend_Slimebound","Slimebound:Defend_Slimebound","Slimebound:Split","Slimebound:CorrosiveSpit","Slimebound:DuplicatedForm+1","Slimebound:SpikyOuterGoop","Slimebound:ItLooksTasty","Slimebound:SplitLeeching","Apotheosis+1","Slimebound:FinishingTackle","Slimebound:AcidTongue","Slimebound:Schlurp","Slimebound:OozeBath+1","Slimebound:PressTheAttack","Slimebound:GrowthPunch","Slimebound:DouseInSlime+1","Slimebound:SplitBruiser+1","Slimebound:Gluttony+1","Slimebound:Tackle+1","Slimebound:Tackle+1","Slimebound:Tackle+1","Slimebound:MassFeed","Slimebound:GoopSpray+1"],"relics":["Slimebound:AbsorbEndCombat","Letter Opener","reliquary:Spinner","Orichalcum","bronze:MakeshiftBattery","reliquary:RosewoodLute","aspiration:SeaSaltIceCream","aspiration:Nostalgia","elementalistmod:MagusStaff"],"acts_visited":["Exordium","TheCity"],"potions_floor_usage":[16,16,23,31,33],"damage_taken":[{"damage":22,"enemies":"Cultist","floor":2,"turns":4},{"damage":22,"enemies":"2 Louse","floor":4,"turns":3},{"damage":23,"enemies":"downfall:FleeingMerchant","floor":5,"turns":4},{"damage":0,"enemies":"Small Slimes","floor":6,"turns":4},{"damage":7,"enemies":"Blue Slaver","floor":8,"turns":3},{"damage":20,"enemies":"Lagavulin","floor":9,"turns":5},{"damage":2,"enemies":"downfall:FleeingMerchant","floor":10,"turns":4},{"damage":0,"enemies":"3 Louse","floor":12,"turns":2},{"damage":14,"enemies":"Gremlin Gang","floor":14,"turns":5},{"damage":3,"enemies":"downfall:LooterAlt","floor":15,"turns":3},{"damage":35,"enemies":"WA_ARCHETYPE_RETAIN","floor":16,"turns":5},{"damage":28,"enemies":"Chosen","floor":19,"turns":5},{"damage":5,"enemies":"downfall:LooterAlt2","floor":20,"turns":3},{"damage":26,"enemies":"Shelled Parasite and Fungi","floor":23,"turns":3},{"damage":28,"enemies":"Snake Plant","floor":25,"turns":3},{"damage":5,"enemies":"downfall:FleeingMerchant","floor":26,"turns":4},{"damage":16,"enemies":"Centurion and Healer","floor":30,"turns":4},{"damage":32,"enemies":"Snecko","floor":31,"turns":4},{"damage":10,"enemies":"3 Cultists","floor":32,"turns":7},{"damage":44,"enemies":"IC_MUSHROOM_ARCHETYPE","floor":33,"turns":4}],"seed_played":"-8376998898676786814","potions_obtained":[{"floor":6,"key":"PowerPotion"},{"floor":12,"key":"Energy Potion"},{"floor":14,"key":"BlessingOfTheForge"},{"floor":15,"key":"SkillPotion"},{"floor":19,"key":"Strength Potion"},{"floor":27,"key":"CultistPotion"},{"floor":30,"key":"FearPotion"},{"floor":32,"key":"Slimebound:SlimedPotion"}],"is_trial":false,"path_per_floor":["R","M","T","M","$","M","T","M","E","$","R","M","R","M","M","B",null,"R","M","M","?","?","M","T","M","$","?","?","R","M","M","M","B"],"character_chosen":"SLIMEBOUND","items_purchased":["Apotheosis","aspiration:SeaSaltIceCream"],"campfire_rested":1,"item_purchase_floors":[5,26],"current_hp_per_floor":[65,62,62,55,53,55,55,50,47,49,49,55,55,43,42,26,65,65,56,59,59,59,37,37,15,18,18,18,37,43,34,32,0,0,0],"gold":193,"neow_bonus":"ONE_RANDOM_RARE_CARD","is_daily":false,"chose_seed":false,"campfire_upgraded":4,"win_rate":0.0,"timestamp":1613591784,"path_taken":["R","M","?","M","?","M","T","M","E","$","R","M","R","M","M","BOSS","R","M","M","?","?","M","T","M","$","?","?","R","?","M","M","BOSS"],"items_purchased_type":["Card","Relic"],"build_version":"2020-12-22","purchased_purges":0,"victory":false,"max_hp_per_floor":[65,65,65,65,65,65,65,65,65,65,65,65,65,65,65,65,65,65,65,65,65,65,65,65,65,65,65,65,65,68,72,72,72,72,72],"card_choices":[{"not_picked":["Slimebound:GoopTackle","Slimebound:SlimeTap"],"picked":"Slimebound:SpikyOuterGoop","floor":2},{"not_picked":["Slimebound:HauntingLick","Slimebound:ForwardTackle"],"picked":"Slimebound:ItLooksTasty","floor":4},{"not_picked":["Slimebound:HauntingLick","Slimebound:GoopSpray"],"picked":"Slimebound:SplitLeeching","floor":5},{"not_picked":["Slimebound:SlimeSpikes","Slimebound:SlimeBrawl"],"picked":"Slimebound:FinishingTackle","floor":6},{"not_picked":["Slimebound:LeechingTouch","Slimebound:LivingWall"],"picked":"Slimebound:AcidTongue","floor":8},{"not_picked":["Slimebound:SlimeSpikes","Slimebound:Prepare"],"picked":"Slimebound:Schlurp","floor":9},{"not_picked":["Slimebound:GoopTackle","Slimebound:Prepare"],"picked":"Slimebound:OozeBath","floor":10},{"not_picked":["Slimebound:FormOfPuddle","Slimebound:ComboTackle"],"picked":"Slimebound:PressTheAttack","floor":12},{"not_picked":["Slimebound:LivingWall","Slimebound:SlimeSpikes","Slimebound:RollThrough"],"picked":"SKIP","floor":14},{"not_picked":["Slimebound:SamplingLick","Slimebound:RollThrough"],"picked":"Slimebound:GrowthPunch","floor":15},{"not_picked":["Slimebound:SlimeSlap","Slimebound:DuplicatedForm"],"picked":"Slimebound:DouseInSlime","floor":16},{"not_picked":["Slimebound:ComboTackle","Slimebound:GoopTackle"],"picked":"Slimebound:SplitBruiser+1","floor":19},{"not_picked":["Slimebound:HauntingLick","Slimebound:ItLooksTasty"],"picked":"Slimebound:Gluttony+1","floor":20},{"not_picked":["Slimebound:PressTheAttack","Slimebound:ItLooksTasty"],"picked":"Slimebound:MassFeed","floor":23},{"not_picked":["Slimebound:LevelUp","Slimebound:RollThrough+1","Slimebound:SplitBruiser"],"picked":"SKIP","floor":25},{"not_picked":["Slimebound:Nibble","Slimebound:SplitMire","Slimebound:DivideAndConquer+1"],"picked":"SKIP","floor":26},{"not_picked":["Slimebound:ForwardTackle","Slimebound:DivideAndConquer","Slimebound:SlimeSpikes"],"picked":"SKIP","floor":30},{"not_picked":["Slimebound:ComboTackle+1","Slimebound:PressTheAttack+1"],"picked":"Slimebound:GoopSpray+1","floor":31},{"not_picked":["Slimebound:AcidTongue","Slimebound:FormOfPuddle","Slimebound:Dissolve"],"picked":"SKIP","floor":32}],"player_experience":77963,"relics_obtained":[{"floor":3,"key":"Letter Opener"},{"floor":7,"key":"reliquary:Spinner"},{"floor":9,"key":"Orichalcum"},{"floor":24,"key":"reliquary:RosewoodLute"}],"event_choices":[{"damage_healed":0,"gold_gain":0,"player_choice":"Ignored","damage_taken":0,"max_hp_gain":0,"max_hp_loss":0,"event_name":"Ghosts","floor":22,"gold_loss":0}],"is_beta":false,"boss_relics":[{"not_picked":["aspiration:PoetsPen_weak","aspiration:WatcherSkillbook"],"picked":"bronze:MakeshiftBattery"}],"items_purged_floors":[],"is_endless":false,"potions_floor_spawned":[6,12,14,15,19,30,32],"killed_by":"IC_MUSHROOM_ARCHETYPE","ascension_level":0}}