{"host":"ippeulvg90hectqg","time":1613529653,"event":{"mods":["BaseMod","Downfall","Hermit","Infinite Spire","Lobotomy","Minty Spire (QoL Compilation)","Replay The Spire","StSLib","The Animator","The Cursed","The Saiyan"],"gold_per_floor":[109,121,121,141,156,156,156],"floor_reached":6,"language":"ZHS","playtime":363,"items_purged":[],"score":40,"play_id":"ec579e16-8da6-46d5-a3dc-7cfe0ada7d21","local_time":"20210217104053","is_ascension_mode":true,"campfire_choices":[],"circlet_count":0,"master_deck":["hermit:Strike_Hermit","hermit:Strike_Hermit","hermit:Strike_Hermit","hermit:Strike_Hermit","hermit:Defend_Hermit","hermit:Defend_Hermit","hermit:Defend_Hermit","hermit:Snapshot","hermit:Covet","hermit:SprayPray","hermit:PistolWhip","hermit:BodyArmor","hermit:EyeOfTheStorm"],"relics":["hermit:Momento"],"acts_visited":[],"potions_floor_usage":[6,6],"damage_taken":[{"damage":2,"enemies":"Jaw Worm","floor":1,"turns":4},{"damage":11,"enemies":"infinitespire:Voidling","floor":2,"turns":3},{"damage":0,"enemies":"2 Louse","floor":4,"turns":2},{"damage":7,"enemies":"2 Fungi Beasts","floor":5,"turns":3},{"damage":67,"enemies":"Nightmare","floor":6,"turns":9}],"seed_played":"3726420677008593325","potions_obtained":[{"floor":1,"key":"DuplicationPotion"},{"floor":2,"key":"ColorlessPotion"},{"floor":5,"key":"Energy Potion"}],"is_trial":false,"path_per_floor":["M","M","?","M","M","NM"],"character_chosen":"HERMIT","items_purchased":[],"campfire_rested":0,"item_purchase_floors":[],"current_hp_per_floor":[73,62,62,62,55,0,0],"gold":156,"neow_bonus":"RANDOM_EVENT","is_daily":false,"chose_seed":false,"campfire_upgraded":0,"win_rate":0.0,"timestamp":1613529653,"path_taken":["M","M","?","M","M","NM"],"items_purchased_type":[],"build_version":"2020-12-22","purchased_purges":0,"victory":false,"max_hp_per_floor":[75,75,75,75,75,75,75],"card_choices":[{"not_picked":["hermit:Glare","hermit:LowProfile"],"picked":"hermit:SprayPray","floor":1},{"not_picked":["hermit:CalledShot","hermit:Coalescence"],"picked":"hermit:PistolWhip","floor":2},{"not_picked":["hermit:Headshot","hermit:ShadowCloak"],"picked":"hermit:BodyArmor","floor":4},{"not_picked":["hermit:CalledShot","hermit:Vantage"],"picked":"hermit:EyeOfTheStorm","floor":5}],"player_experience":597895,"relics_obtained":[],"event_choices":[{"cards_removed":["hermit:Defend_Hermit"],"damage_healed":0,"gold_gain":0,"player_choice":"Forget","damage_taken":0,"max_hp_gain":0,"max_hp_loss":0,"event_name":"Living Wall","floor":0,"gold_loss":0},{"damage_healed":0,"gold_gain":0,"player_choice":"Bought 0 Potions","damage_taken":0,"max_hp_gain":0,"max_hp_loss":0,"event_name":"The Woman in Blue","floor":3,"gold_loss":0}],"is_beta":false,"boss_relics":[],"items_purged_floors":[],"is_endless":false,"potions_floor_spawned":[1,2,5],"killed_by":"Nightmare","ascension_level":1}}