{"host":"Cenci","time":1613568293,"event":{"mods":["BaseMod","Bestiary","Downfall","Highlight Path","Minty Spire (QoL Compilation)","StSLib"],"gold_per_floor":[99,117,129,141,141,159,231,241,276,288,70,100,100,129,146,243,243,143,243,243,257,257,285,339,354,154,165,175,60,60,95,107,208,208,208,220,230,60,60,75,126,146,146,146,178,195,195,220,231,231,231,262,38,38,38,38],"floor_reached":57,"language":"ENG","playtime":3792,"items_purged":["champ:Taunt","champ:Strike","champ:Strike"],"score":1821,"play_id":"56993d42-b4d5-4a72-9ed6-5ee98485ae03","local_time":"20210217142453","is_ascension_mode":true,"campfire_choices":[{"data":"champ:ShieldThrow","floor":1.0,"key":"SMITH"},{"data":"champ:TornadoPunch","floor":13.0,"key":"SMITH"},{"floor":18.0,"key":"RECALL"},{"data":"champ:Endure","floor":26.0,"key":"SMITH"},{"data":"champ:TornadoPunch","floor":30.0,"key":"SMITH"},{"data":"champ:Lariat","floor":35.0,"key":"SMITH"},{"data":"champ:HoldFirm","floor":44.0,"key":"SMITH"},{"data":"champ:DefensiveShout","floor":47.0,"key":"SMITH"},{"data":"champ:Lariat","floor":54.0,"key":"SMITH"}],"circlet_count":0,"master_deck":["champ:Strike","champ:Strike","champ:Defend+1","champ:Defend","champ:Defend","champ:Defend","champ:Execute","champ:ShieldThrow+1","champ:StanceDance","champ:DefensiveShout+1","champ:FlashCut","champ:DefensiveShout","champ:FlashCut","champ:Endure+1","champ:TornadoPunch+1","champ:Lariat+1","champ:EnGarde+1","champ:FlashCut","champ:HoldFirm+1","champ:EnGarde+1","champ:TornadoPunch+1","champ:FlashCut","champ:Circumvent","champ:Endure+1","champ:EnGarde+1","champ:ShieldThrow+1","champ:DefensiveStyle+1","champ:Lariat+1"],"relics":["champ:ChampionCrown","Slimebound:PreparedRelic","Happy Flower","Mercury Hourglass","Oddly Smooth Stone","Black Star","downfall:HeartBlessingGreen","champ:BlackKnightHelmet","Frozen Egg 2","Unceasing Top","TungstenRod","downfall:HeartBlessingRed","downfall:HeartBlessingBlue","Lantern","Bottled Flame","Coffee Dripper","DollysMirror","Bag of Marbles","Question Card","Blood Vial","Mummified Hand","Eternal Feather","White Beast Statue","War Paint","hexamod:Sixitude"],"acts_visited":["Exordium","TheCity","TheBeyond","TheEnding"],"potions_floor_usage":[55,56,56],"damage_taken":[{"damage":10.0,"enemies":"Jaw Worm","floor":2.0,"turns":2.0},{"damage":10.0,"enemies":"Small Slimes","floor":3.0,"turns":2.0},{"damage":0.0,"enemies":"2 Louse","floor":4.0,"turns":2.0},{"damage":20.0,"enemies":"Gremlin Gang","floor":6.0,"turns":4.0},{"damage":0.0,"enemies":"3 Louse","floor":8.0,"turns":2.0},{"damage":20.0,"enemies":"Gremlin Nob","floor":9.0,"turns":4.0},{"damage":11.0,"enemies":"Exordium Wildlife","floor":10.0,"turns":4.0},{"damage":20.0,"enemies":"downfall:FleeingMerchant","floor":11.0,"turns":4.0},{"damage":10.0,"enemies":"3 Sentries","floor":12.0,"turns":5.0},{"damage":0.0,"enemies":"Gremlin Nob","floor":14.0,"turns":3.0},{"damage":0.0,"enemies":"Gremlin Gang","floor":15.0,"turns":2.0},{"damage":21.0,"enemies":"IC_STATUS_ARCHETYPE","floor":16.0,"turns":7.0},{"damage":25.0,"floor":19.0,"turns":8.0},{"damage":10.0,"enemies":"Chosen","floor":21.0,"turns":3.0},{"damage":22.0,"enemies":"Slavers","floor":23.0,"turns":5.0},{"damage":0.0,"enemies":"3 Byrds","floor":25.0,"turns":4.0},{"damage":0.0,"enemies":"Cultist and Chosen","floor":27.0,"turns":3.0},{"damage":6.0,"enemies":"Snake Plant","floor":28.0,"turns":3.0},{"damage":9.0,"enemies":"downfall:FleeingMerchant","floor":29.0,"turns":4.0},{"damage":0.0,"enemies":"Book of Stabbing","floor":31.0,"turns":5.0},{"damage":5.0,"enemies":"Centurion and Healer","floor":32.0,"turns":6.0},{"damage":16.0,"enemies":"SI_MIRROR_ARCHETYPE","floor":33.0,"turns":15.0},{"damage":0.0,"enemies":"3 Darklings","floor":36.0,"turns":3.0},{"damage":0.0,"enemies":"Orb Walker","floor":37.0,"turns":4.0},{"damage":0.0,"enemies":"downfall:FleeingMerchant","floor":38.0,"turns":4.0},{"damage":9.0,"enemies":"Spire Growth","floor":40.0,"turns":3.0},{"damage":3.0,"enemies":"4 Shapes","floor":42.0,"turns":2.0},{"damage":0.0,"enemies":"Reptomancer","floor":45.0,"turns":7.0},{"damage":30.0,"enemies":"Maw","floor":46.0,"turns":7.0},{"damage":0.0,"enemies":"Nemesis","floor":48.0,"turns":3.0},{"damage":2.0,"enemies":"Transient","floor":49.0,"turns":5.0},{"damage":15.0,"enemies":"WA_ARCHETYPE_DIVINITY","floor":50.0,"turns":13.0},{"damage":0.0,"enemies":"downfall:CharBossMerchant","floor":52.0,"turns":8.0},{"damage":26,"enemies":"downfall:NeowBoss","floor":55,"turns":16},{"damage":66,"enemies":"downfall:NeowBossFinal","floor":56,"turns":12}],"seed_played":"4180223093869838789","potions_obtained":[{"floor":2.0,"key":"champ:OpenerPotion"},{"floor":6.0,"key":"EssenceOfSteel"},{"floor":8.0,"key":"Strength Potion"},{"floor":14.0,"key":"Block Potion"},{"floor":21.0,"key":"Fruit Juice"},{"floor":22.0,"key":"Guardian:BlockOnCardUsePotion"},{"floor":25.0,"key":"champ:CounterPotion"},{"floor":33.0,"key":"Swift Potion"},{"floor":40.0,"key":"FearPotion"},{"floor":45.0,"key":"SkillPotion"},{"floor":46.0,"key":"SmokeBomb"},{"floor":48.0,"key":"CultistPotion"}],"is_trial":false,"path_per_floor":["R","M","M","M","?","M","T","M","E","M","$","E","R","E","M","B",null,"R","?","?","M","?","E","T","M","R","M","M","$","R","E","M","B",null,"R","M","M","$","?","M","T","M","T","R","E","M","R","E","M","B",null,"E","$","R","B","B",null],"character_chosen":"THE_CHAMP","items_purchased":["champ:TornadoPunch","champ:Lariat","DollysMirror","CultistPotion"],"campfire_rested":0,"item_purchase_floors":[11,11,38,53],"current_hp_per_floor":[81,81,81,81,86,76,76,76,76,70,70,70,70,70,70,59,79,79,64,64,64,64,57,57,57,67,67,61,62,62,62,57,41,86,86,86,86,86,86,87,87,84,84,84,84,66,66,68,68,55,90,92,92,101,85,31],"gold":38,"neow_bonus":"THREE_RARE_CARDS","is_daily":false,"chose_seed":false,"campfire_upgraded":8,"win_rate":0.0,"timestamp":1613568293,"path_taken":["R","M","M","M","?","M","T","M","E","M","$","E","R","E","M","BOSS","R","?","?","M","?","E","T","M","R","?","M","$","R","E","M","BOSS","R","M","M","$","?","M","T","M","?","R","E","M","R","E","M","BOSS","E","$","R","BOSS","BOSS"],"items_purchased_type":["Card","Card","Relic","Potion"],"build_version":"2020-11-17","purchased_purges":3,"victory":true,"max_hp_per_floor":[81,81,81,81,86,86,86,86,86,86,86,86,86,86,86,86,86,86,86,86,86,86,91,91,91,101,101,101,101,101,101,101,101,101,101,101,101,101,101,101,101,101,101,101,101,101,101,101,101,101,101,101,101,101,101,101],"card_choices":[{"not_picked":["champ:VampiricStrike","champ:Devastate"],"picked":"champ:ShieldThrow","floor":0.0},{"not_picked":["champ:ShieldSlam","champ:Backstep"],"picked":"champ:StanceDance","floor":2.0},{"not_picked":["champ:EnragedBash","champ:Backstep","champ:CrookedStrike"],"picked":"SKIP","floor":3.0},{"not_picked":["champ:FaceSlap","champ:Lariat"],"picked":"champ:DefensiveShout","floor":4.0},{"not_picked":["champ:Backstep","champ:ViciousMockery"],"picked":"champ:FlashCut","floor":6.0},{"not_picked":["champ:EndlessRage","champ:CalledShot","champ:BladeFlurry"],"picked":"SKIP","floor":8.0},{"not_picked":["champ:PerfectedStrike","champ:MurderStrike"],"picked":"champ:DefensiveShout","floor":9.0},{"not_picked":["champ:CrownThrow","champ:RapidStrikes"],"picked":"champ:FlashCut","floor":10.0},{"not_picked":["champ:Parry","champ:ShieldSlam"],"picked":"champ:Endure","floor":11.0},{"not_picked":["champ:Circumvent","champ:StanceDance"],"picked":"champ:EnGarde","floor":12.0},{"not_picked":["champ:RapidStrikes","champ:RageSigil","champ:Haymaker"],"picked":"SKIP","floor":14.0},{"not_picked":["champ:RapidStrikes","champ:RageSigil","champ:Haymaker"],"picked":"SKIP","floor":14.0},{"not_picked":["champ:Encircle","champ:PreciseThrust"],"picked":"champ:FlashCut","floor":15.0},{"not_picked":["champ:LastStand","champ:UltimateStance"],"picked":"champ:HoldFirm","floor":16.0},{"not_picked":["champ:FocusedBerserking+1","champ:FaceSlap"],"picked":"champ:EnGarde+1","floor":21.0},{"not_picked":["champ:Lariat","champ:ShieldSigil+1"],"picked":"champ:TornadoPunch","floor":23.0},{"not_picked":["champ:PerfectedStrike","champ:ViciousMockery"],"picked":"champ:FlashCut","floor":25.0},{"not_picked":["champ:DefensiveShout","champ:ShieldSlam"],"picked":"champ:Circumvent","floor":27.0},{"not_picked":["champ:FocusedBerserking+1","champ:EnragedBash"],"picked":"champ:Endure+1","floor":28.0},{"not_picked":["champ:CalledShot+1","champ:BladeFlurry+1","champ:StanceDance+1"],"picked":"SKIP","floor":29.0},{"not_picked":["champ:RageSigil","champ:EnragedBash","champ:CrownThrow"],"picked":"SKIP","floor":31.0},{"not_picked":["champ:Shatter","champ:GladiatorStyle+1","champ:Haymaker"],"picked":"SKIP","floor":32.0},{"not_picked":["champ:Shatter+1","champ:CrownThrow+1"],"picked":"champ:EnGarde+1","floor":36.0},{"not_picked":["champ:EndlessRage+1","champ:Backstep","champ:FanOfKnives"],"picked":"SKIP","floor":37.0},{"not_picked":["champ:Backstep+1","champ:BringItOn+1","champ:AdrenalArmor+1"],"picked":"SKIP","floor":38.0},{"not_picked":["champ:EnragedBash","champ:RapidStrikes+1","champ:Parry+1"],"picked":"SKIP","floor":40.0},{"not_picked":["champ:CrownThrow+1","champ:SkillfulDodge+1","champ:FancyFootwork"],"picked":"SKIP","floor":42.0},{"not_picked":["champ:SteelEdge","champ:PerfectedStrike","champ:DefensiveShout","champ:PreciseThrust"],"picked":"SKIP","floor":45.0},{"not_picked":["champ:BringItOn+1","champ:BerserkersShout+1","champ:Backstep"],"picked":"champ:DefensiveStyle+1","floor":46.0},{"not_picked":["champ:PerfectedStrike+1","champ:BerserkerStyle+1","champ:BladeFlurry","champ:RapidStrikes+1"],"picked":"SKIP","floor":48.0},{"not_picked":["champ:FocusedDefense","champ:FaceSlap+1","champ:BringItOn+1","champ:FocusedBerserking+1"],"picked":"SKIP","floor":49.0},{"not_picked":["champ:PerfectedStrike+1","champ:GladiatorForm+1","champ:BringItOn"],"picked":"champ:Lariat","floor":52.0}],"player_experience":353963,"relics_obtained":[{"floor":7.0,"key":"Slimebound:PreparedRelic"},{"floor":9.0,"key":"Happy Flower"},{"floor":12.0,"key":"Mercury Hourglass"},{"floor":14.0,"key":"Oddly Smooth Stone"},{"floor":19.0,"key":"champ:BlackKnightHelmet"},{"floor":19.0,"key":"Frozen Egg 2"},{"floor":23.0,"key":"Unceasing Top"},{"floor":23.0,"key":"TungstenRod"},{"floor":31.0,"key":"Lantern"},{"floor":31.0,"key":"Bottled Flame"},{"floor":41.0,"key":"Bag of Marbles"},{"floor":43.0,"key":"Question Card"},{"floor":45.0,"key":"Blood Vial"},{"floor":45.0,"key":"Mummified Hand"},{"floor":48.0,"key":"Eternal Feather"},{"floor":48.0,"key":"White Beast Statue"},{"floor":52.0,"key":"War Paint"},{"floor":52.0,"key":"hexamod:Sixitude"}],"event_choices":[{"damage_healed":0.0,"max_hp_gain":5.0,"max_hp_loss":0.0,"gold_gain":0.0,"event_name":"Big Fish","player_choice":"Donut","floor":5.0,"gold_loss":0.0,"damage_taken":0.0},{"damage_healed":0.0,"max_hp_gain":0.0,"max_hp_loss":0.0,"gold_gain":0.0,"event_name":"Ghosts","player_choice":"Ignored","floor":20.0,"gold_loss":0.0,"damage_taken":0.0},{"damage_healed":0.0,"max_hp_gain":0.0,"max_hp_loss":0.0,"gold_gain":0.0,"event_name":"Lab","player_choice":"Got Potions","floor":22.0,"gold_loss":0.0,"damage_taken":0.0}],"is_beta":true,"boss_relics":[{"not_picked":["Snecko Eye","SacredBark"],"picked":"Black Star"},{"not_picked":["champ:PowerArmor","Cursed Key"],"picked":"Coffee Dripper"}],"items_purged_floors":[11,29,53],"is_endless":false,"potions_floor_spawned":[2,6,8,10,14,21,25,31,32,33,40,45,46,48,49,52],"ascension_level":6}}