{"host":"hrvs05np4ys7itky","time":1613538467,"event":{"mods":["BaseMod","Colored Map","Colored Powertips","Downfall","Emptier Cage","Hermit","Highlight Path","Minty Spire (QoL Compilation)","Permanent Neow","Rare Cards Sparkle","Relic Stats","StSLib","everything is the same but u backflip on backflip"],"gold_per_floor":[363,54,54,68,82,82,115,115,164,17,40,40,60,79,79,170,170,189,41,41,54,54,54,4,23,49,49,64,107,3,22,22,116,116,136,61,61,77,98,98,98,113,113,127,127,147,0,16,16,16],"floor_reached":51,"language":"ENG","playtime":3032,"items_purged":["downfall:Icky","Strike_R","Strike_R","Strike_R"],"score":1123,"play_id":"7a0e4e80-3672-4b9d-8e08-daa2ac7e628d","local_time":"20210217000747","is_ascension_mode":true,"campfire_choices":[{"data":"Sword Boomerang","floor":6.0,"key":"SMITH"},{"data":"True Grit","floor":12.0,"key":"SMITH"},{"data":"Sword Boomerang","floor":15.0,"key":"SMITH"},{"data":"Limit Break","floor":23.0,"key":"SMITH"},{"data":"Inflame","floor":27.0,"key":"SMITH"},{"data":"Power Through","floor":32.0,"key":"SMITH"},{"data":"Fire Breathing","floor":40.0,"key":"SMITH"},{"data":"Disarm","floor":45.0,"key":"SMITH"},{"data":"Spot Weakness","floor":49,"key":"SMITH"}],"circlet_count":0,"master_deck":["AscendersBane","Strike_R","Defend_R","Defend_R","Defend_R+1","Defend_R+1","Bash","Thunderclap","Fire Breathing+1","Sword Boomerang+1","True Grit+1","Sword Boomerang+1","Power Through+1","Limit Break+1","Inflame+1","Battle Trance","Metallicize+1","Spot Weakness+1","CurseOfTheBell","Cleave","Disarm+1","downfall:Malfunctioning","True Grit+1"],"relics":["Burning Blood","Omamori","Bag of Preparation","WingedGreaves","Golden Idol","War Paint","Membership Card","Cursed Key","Paper Frog","MutagenicStrength","Blood Vial","PreservedInsect","Pen Nib","Calling Bell","Juzu Bracelet","Meat on the Bone","Magic Flower","Slimebound:PreparedRelic","Red Mask"],"acts_visited":["Exordium","TheCity","TheBeyond"],"potions_floor_usage":[50],"damage_taken":[{"damage":9.0,"enemies":"2 Louse","floor":1.0,"turns":3.0},{"damage":4.0,"enemies":"Jaw Worm","floor":4.0,"turns":4.0},{"damage":7.0,"enemies":"Small Slimes","floor":5.0,"turns":4.0},{"damage":25.0,"enemies":"3 Sentries","floor":7.0,"turns":5.0},{"damage":0.0,"enemies":"2 Fungi Beasts","floor":11.0,"turns":5.0},{"damage":4.0,"enemies":"Red Slaver","floor":13.0,"turns":6.0},{"damage":8.0,"enemies":"Blue Slaver","floor":14.0,"turns":4.0},{"damage":56.0,"enemies":"The Guardian","floor":16.0,"turns":19.0},{"damage":27.0,"enemies":"Shell Parasite","floor":18.0,"turns":9.0},{"damage":0.0,"enemies":"Spheric Guardian","floor":21.0,"turns":2.0},{"damage":8.0,"enemies":"3 Cultists","floor":25.0,"turns":3.0},{"damage":6.0,"enemies":"Snake Plant","floor":28.0,"turns":4.0},{"damage":8.0,"enemies":"Book of Stabbing","floor":29.0,"turns":4.0},{"damage":37.0,"enemies":"Chosen and Byrds","floor":31.0,"turns":5.0},{"damage":17.0,"enemies":"Champ","floor":33.0,"turns":6.0},{"damage":30.0,"enemies":"3 Darklings","floor":35.0,"turns":5.0},{"damage":31.0,"enemies":"3 Shapes","floor":38.0,"turns":4.0},{"damage":12.0,"enemies":"Sphere and 2 Shapes","floor":39.0,"turns":6.0},{"damage":0.0,"enemies":"Maw","floor":42.0,"turns":5.0},{"damage":22.0,"enemies":"Spire Growth","floor":44.0,"turns":5.0},{"damage":0,"enemies":"Jaw Worm Horde","floor":46,"turns":3},{"damage":27,"enemies":"Writhing Mass","floor":48,"turns":5},{"damage":31,"enemies":"Time Eater","floor":50,"turns":9}],"seed_played":"-193077783631706000","potions_obtained":[{"floor":1.0,"key":"Fruit Juice"},{"floor":7.0,"key":"Explosive Potion"},{"floor":14.0,"key":"FairyPotion"},{"floor":18.0,"key":"SkillPotion"},{"floor":25.0,"key":"Ancient Potion"},{"floor":28.0,"key":"Strength Potion"},{"floor":31.0,"key":"BloodPotion"},{"floor":35.0,"key":"Block Potion"},{"floor":42.0,"key":"Explosive Potion"}],"is_trial":false,"path_per_floor":["M","$","?","M","M","R","E","?","T","$","M","R","M","M","R","B",null,"M","$","?","M","?","R","$","M","T","R","M","E","$","M","R","B",null,"M","$","?","M","M","R","?","M","T","M","R","M","?","M","R","B",null],"character_chosen":"IRONCLAD","items_purchased":["Fire Breathing","Omamori","Membership Card","Paper Frog","Battle Trance","Spot Weakness"],"campfire_rested":0,"item_purchase_floors":[2,2,10,19,19,30],"current_hp_per_floor":[70,70,58,60,59,59,40,40,40,40,46,46,48,46,46,18,60,39,39,39,45,45,45,45,45,45,45,47,47,47,32,32,23,61,61,61,61,60,60,60,60,70,70,57,57,69,69,52,52,51],"gold":16,"neow_bonus":"TWO_FIFTY_GOLD","is_daily":false,"chose_seed":false,"campfire_upgraded":9,"win_rate":0.0,"timestamp":1613538467,"path_taken":["M","$","?","M","M","R","E","?","T","$","M","R","M","M","R","BOSS","M","$","?","M","?","R","$","M","T","R","M","E","$","M","R","BOSS","M","$","?","M","M","R","?","M","T","M","R","M","?","M","R","BOSS"],"items_purchased_type":["Card","Relic","Relic","Relic","Card","Card"],"build_version":"2020-12-22","purchased_purges":4,"victory":true,"max_hp_per_floor":[80,80,80,80,80,80,80,74,74,74,74,74,74,74,74,74,74,74,74,74,74,74,74,74,74,74,74,74,74,74,74,74,74,74,74,74,74,74,74,74,70,70,70,70,70,70,70,70,70,70],"relic_stats":{"counters":[23,125],"Golden Idol":121,"Magic Flower":[46],"PreservedInsect":43,"Pen Nib":[4],"Bag of Preparation":[44],"Juzu Bracelet":1,"War Paint":["Defend_R","Defend_R"],"Cursed Key":2,"Burning Blood":160,"Blood Vial":29,"obtain_stats":[{"Golden Idol":8,"Magic Flower":34,"PreservedInsect":26,"Pen Nib":29,"Omamori":2,"Bag of Preparation":3,"Juzu Bracelet":34,"War Paint":9,"Cursed Key":17,"Burning Blood":0,"Blood Vial":22,"Calling Bell":34,"MutagenicStrength":20,"WingedGreaves":7,"Slimebound:PreparedRelic":43,"Red Mask":47,"Membership Card":10,"Paper Frog":19,"Meat on the Bone":34},{"Golden Idol":4,"Magic Flower":15,"PreservedInsect":11,"Pen Nib":13,"Omamori":1,"Bag of Preparation":1,"Juzu Bracelet":15,"War Paint":4,"Cursed Key":8,"Burning Blood":0,"Blood Vial":10,"Calling Bell":15,"MutagenicStrength":9,"WingedGreaves":4,"Slimebound:PreparedRelic":19,"Red Mask":21,"Membership Card":4,"Paper Frog":9,"Meat on the Bone":15},{"Golden Idol":16,"Magic Flower":83,"PreservedInsect":64,"Pen Nib":72,"Omamori":3,"Bag of Preparation":3,"Juzu Bracelet":83,"War Paint":16,"Cursed Key":50,"Burning Blood":0,"Blood Vial":61,"Calling Bell":83,"MutagenicStrength":59,"WingedGreaves":16,"Slimebound:PreparedRelic":103,"Red Mask":111,"Membership Card":16,"Paper Frog":59,"Meat on the Bone":83}],"Meat on the Bone":54},"card_choices":[{"not_picked":["Twin Strike","Hemokinesis"],"picked":"Thunderclap","floor":1.0},{"not_picked":["Anger","Havoc","Headbutt"],"picked":"SKIP","floor":4.0},{"not_picked":["Thunderclap","Second Wind"],"picked":"Sword Boomerang","floor":5.0},{"not_picked":["Clothesline","Sword Boomerang"],"picked":"True Grit","floor":7.0},{"not_picked":["Sword Boomerang","Infernal Blade","Pummel"],"picked":"SKIP","floor":11.0},{"not_picked":["Double Tap","Headbutt"],"picked":"Sword Boomerang","floor":13.0},{"not_picked":["Cleave","Thunderclap"],"picked":"Power Through","floor":14.0},{"not_picked":["Feed","Exhume"],"picked":"Limit Break","floor":16.0},{"not_picked":["Flex","Headbutt"],"picked":"Inflame","floor":18.0},{"not_picked":["Searing Blow","Dual Wield"],"picked":"Metallicize+1","floor":21.0},{"not_picked":["Sword Boomerang","Uppercut+1","Second Wind"],"picked":"SKIP","floor":25.0},{"not_picked":["Rupture","Metallicize","Clothesline+1"],"picked":"SKIP","floor":28.0},{"not_picked":["Dropkick","Rupture","Body Slam"],"picked":"SKIP","floor":29.0},{"not_picked":["Clothesline","Body Slam","Burning Pact"],"picked":"SKIP","floor":31.0},{"not_picked":["Combust","Carnage","Perfected Strike"],"picked":"SKIP","floor":35.0},{"not_picked":["Rage","Anger+1","Disarm"],"picked":"SKIP","floor":38.0},{"not_picked":["Cleave","Iron Wave","Rage"],"picked":"SKIP","floor":39.0},{"not_picked":["Clothesline","Uppercut"],"picked":"Disarm","floor":42.0},{"not_picked":["Twin Strike","Offering"],"picked":"True Grit+1","floor":44.0},{"not_picked":["Havoc+1","True Grit","Perfected Strike"],"picked":"SKIP","floor":46},{"not_picked":["Clash","Second Wind","Armaments+1"],"picked":"SKIP","floor":48}],"player_experience":1098223,"relics_obtained":[{"floor":7.0,"key":"WingedGreaves"},{"floor":9.0,"key":"War Paint"},{"floor":26.0,"key":"PreservedInsect"},{"floor":29.0,"key":"Pen Nib"},{"floor":34.0,"key":"Juzu Bracelet"},{"floor":34.0,"key":"Meat on the Bone"},{"floor":34.0,"key":"Magic Flower"},{"floor":43.0,"key":"Slimebound:PreparedRelic"}],"event_choices":[{"damage_healed":0.0,"max_hp_gain":0.0,"max_hp_loss":0.0,"gold_gain":0.0,"event_name":"Scrap Ooze","player_choice":"Success","floor":3.0,"gold_loss":0.0,"damage_taken":12.0,"relics_obtained":["Bag of Preparation"]},{"damage_healed":0.0,"max_hp_gain":0.0,"max_hp_loss":6.0,"gold_gain":0.0,"event_name":"Golden Idol","player_choice":"Lose Max HP","floor":8.0,"gold_loss":0.0,"damage_taken":0.0,"relics_obtained":["Golden Idol"]},{"damage_healed":0.0,"max_hp_gain":0.0,"max_hp_loss":0.0,"gold_gain":0.0,"event_name":"Drug Dealer","player_choice":"Inject Mutagens","floor":20.0,"gold_loss":0.0,"damage_taken":0.0,"relics_obtained":["MutagenicStrength"]},{"damage_healed":0.0,"max_hp_gain":0.0,"max_hp_loss":0.0,"gold_gain":0.0,"event_name":"Addict","player_choice":"Stole Relic","floor":22.0,"gold_loss":0.0,"damage_taken":0.0,"relics_obtained":["Blood Vial"],"cards_obtained":["Shame"]},{"damage_healed":0.0,"max_hp_gain":0.0,"max_hp_loss":0.0,"gold_gain":0.0,"cards_transformed":["Strike_R"],"event_name":"Transmorgrifier","player_choice":"Transformed","floor":37.0,"gold_loss":0.0,"damage_taken":0.0,"cards_obtained":["Cleave"]},{"damage_healed":0.0,"max_hp_gain":0.0,"max_hp_loss":4.0,"gold_gain":0.0,"event_name":"Winding Halls","player_choice":"Max HP","floor":41.0,"gold_loss":0.0,"damage_taken":0.0},{"damage_healed":0,"gold_gain":0,"player_choice":"Paid","damage_taken":0,"relics_obtained":["Red Mask"],"max_hp_gain":0,"max_hp_loss":0,"event_name":"Tomb of Lord Red Mask","floor":47,"gold_loss":147}],"is_beta":false,"boss_relics":[{"not_picked":["Velvet Choker","Astrolabe"],"picked":"Cursed Key"},{"not_picked":["SacredBark","Black Blood"],"picked":"Calling Bell"}],"items_purged_floors":[2,24,30,36],"is_endless":false,"potions_floor_spawned":[1,7,14,18,25,28,31,35,42],"ascension_level":14}}