{"host":"rwzz6mk6bpmb57ql","time":1613548596,"event":{"mods":["AchievementEnabler","BaseMod","Better Third Choice","BetterRewards","Colored Map","Highlight Path","Hubris","Infinite Spire","Minty Spire (QoL Compilation)","Replay The Spire","StSLib","Wandering Minibosses"],"gold_per_floor":[5619,5137,5212,5047,5047,5047,5061,5061,5086,5086,4649,4677,4691,4711,4711,4789,4789,4803,4823,4823,4836,4836,4866,4866,4897,4897,4897,4913,4947,5000,5015,5015,5086,5086,5104,5104,4590,4604,4616,4643,4643,4678,4678,4628,4628,4648,4666,4679,4679,4679,4756,4756,4771,4779,4783,4802,4341,4341,4365,3975,3975,3991,3991,3991,3991,3889,3889,3959,3959,3971,3653,3665,3668,3676,3676,3700,3706,3733,3759,3767,3487,3487,3487,3487,3551,3551,3562,3578,3352,3652,3687,3687,3713,3492,3520,3203,3203,3267,3333,3333,3341,3174,2814,2845,2845,2848,2848,2848,2869,2869,2931,2931,2946,2634,2634,2657,2657,2739,2492,2502,2525,2537,2560,2572,2642,2654,2666,2426,2426,2446,2446,2436,2336,2406,2406,2415,2445,2472,2472,2542,2603,2603,2603,2470,2494,2602],"floor_reached":161,"language":"ENG","playtime":1787,"items_purged":["Strike_R","Strike_R","Defend_R","Defend_R","Defend_R","Strike_R","Strike_R","infinitespire:DeathsTouch+1","Heavy Blade+1","Twin Strike+1","Replay:Many Hands+1","Pommel Strike+1"],"score":9530,"play_id":"d696d691-dd56-4eaf-9ba2-127eec90482e","local_time":"20210217015636","is_ascension_mode":true,"campfire_choices":[{"data":"Sword Boomerang","floor":6.0,"key":"SMITH"},{"data":"Inflame","floor":10.0,"key":"SMITH"},{"data":"Twin Strike","floor":15.0,"key":"SMITH"},{"floor":24.0,"key":"REST"},{"floor":27.0,"key":"REST"},{"data":"Replay:Many Hands","floor":32.0,"key":"SMITH"},{"data":"Limit Break","floor":41.0,"key":"SMITH"},{"data":"Spot Weakness","floor":49.0,"key":"SMITH"},{"data":"Offering","floor":58.0,"key":"SMITH"},{"data":"Pommel Strike","floor":63.0,"key":"SMITH"},{"data":"Strike_R+1","floor":67.0,"key":"PURGE"},{"data":"Limit Break","floor":75.0,"key":"SMITH"},{"data":"Offering","floor":84.0,"key":"SMITH"},{"floor":94.0,"key":"REST"},{"floor":101.0,"key":"REST"},{"data":"1","floor":119.0,"key":"LIFT"},{"data":"2","floor":129.0,"key":"LIFT"},{"data":"3","floor":136.0,"key":"LIFT"},{"data":"Limit Break","floor":144.0,"key":"SMITH"},{"floor":148,"key":"REST"},{"floor":153,"key":"REST"},{"floor":157,"key":"REST"}],"circlet_count":0,"master_deck":["AscendersBane","Limit Break+1","Heavy Blade+1","Offering+1","Offering+1","Pummel+1","Limit Break+1","hubris:DuctTapeCard","Limit Break+1"],"relics":["Black Blood","Membership Card","hubris:Reverence","Gremlin Horn","Bronze Scales","hubris:SlimyHat","Gambling Chip","Iron Hammer","ReplayTheSpireMod:ShopPack","hubris:FunFungus","wanderingMiniBosses:CarrionFlame","Black Star","Blue Doll","Anchor","ReplayTheSpireMod:Lightbulb","Regal Pillow","Frozen Egg 2","Happy Flower","Torii","Lantern","Replay:Bottled Flurry","Ornamental Fan","hubris:CrystalStatue","ReplayFunnel","hubris:PeanutButter","SlaversCollar","PreservedInsect","hubris:Metronome","Orrery","hubris:ToyBattleship","Matryoshka","Bottled Flame","Bag of Preparation","ClockworkSouvenir","infinitespire:ShieldingShard","hubris:DuctTape","hubris:IronBody","hubris:EvacipatedBox","hubris:FruitBowl","hubris:EmptyBottle","hubris:GlazedTorus","infinitespire:Satchel","infinitespire:Midas Blood","Question Card","Dream Catcher","hubris:OldNail","Sozu","Chameleon Ring","Sling","hubris:Teleporter","Du-Vu Doll","Omamori","Whetstone","Ancient Tea Set","Blue Candle","Ice Cream","hubris:Towel","Philosopher\u0027s Stone","BargainBundle","infinitespire:Beetle Shell","hubris:MedicalManual","infinitespire:Lychee Nut","Juzu Bracelet","Tiny Chest","Centennial Puzzle","Magic Flower","infinitespire:Lucky Rock","hubris:TenFootPole","hubris:Backtick","Girya","War Paint","Bag of Marbles","Paper Frog","Snack Pack","Lee\u0027s Waffle","infinitespire:PuzzleCube","Toy Ornithopter","Smiling Mask","hubris:Icosahedron","Potion Belt","infinitespire:Golems Mask","infinitespire:WardingShard","Pen Nib","ReplayTheSpireMod:Shallot","hubris:SphereOfDissonance","Blood Vial","Incense Burner","MawBank","Chemical X","hubris:Potato","Bottled Tornado","hubris:64BitClover","Replay:Baseball","Gremlin Food","hubris:DisguiseKit","hubris:MobiusCoin","Lizard Tail"],"acts_visited":["Exordium","TheCity","TheBeyond","Exordium","TheCity","TheBeyond","Exordium","TheCity","TheBeyond","TheEnding"],"potions_floor_usage":[],"damage_taken":[{"damage":4.0,"enemies":"Jaw Worm","floor":1.0,"turns":4.0},{"damage":0.0,"enemies":"Small Slimes","floor":7.0,"turns":2.0},{"damage":8.0,"enemies":"Gremlin Nob","floor":12.0,"turns":3.0},{"damage":0.0,"enemies":"Cultist","floor":13.0,"turns":2.0},{"damage":11.0,"enemies":"Looter","floor":14.0,"turns":2.0},{"damage":22.0,"enemies":"Slime Boss","floor":16.0,"turns":5.0},{"damage":3.0,"enemies":"Spheric Guardian","floor":18.0,"turns":3.0},{"damage":22.0,"enemies":"2 Thieves","floor":19.0,"turns":2.0},{"damage":0.0,"enemies":"Snake Plant","floor":21.0,"turns":1.0},{"damage":35.0,"enemies":"Book of Stabbing","floor":23.0,"turns":3.0},{"damage":21.0,"enemies":"Replay:Snechameleon","floor":25.0,"turns":3.0},{"damage":4.0,"enemies":"Centurion and Healer","floor":28.0,"turns":2.0},{"damage":0.0,"enemies":"Book of Stabbing","floor":29.0,"turns":1.0},{"damage":0.0,"enemies":"Cultist and Chosen","floor":31.0,"turns":2.0},{"damage":0.0,"enemies":"Collector","floor":33.0,"turns":2.0},{"damage":0.0,"enemies":"3 Shapes","floor":35.0,"turns":1.0},{"damage":0.0,"enemies":"3 Darklings","floor":38.0,"turns":2.0},{"damage":0.0,"enemies":"Writhing Mass","floor":39.0,"turns":1.0},{"damage":16.0,"enemies":"Nightmare","floor":40.0,"turns":5.0},{"damage":0.0,"enemies":"R_Hoarder","floor":42.0,"turns":2.0},{"damage":22.0,"enemies":"Maw","floor":46.0,"turns":4.0},{"damage":0.0,"enemies":"3 Darklings","floor":47.0,"turns":1.0},{"damage":16.0,"enemies":"Transient","floor":48.0,"turns":6.0},{"damage":59.0,"enemies":"Awakened One","floor":50.0,"turns":5.0},{"damage":64.0,"enemies":"Time Eater","floor":51.0,"turns":5.0},{"damage":0.0,"enemies":"2 Louse","floor":53.0,"turns":1.0},{"damage":0.0,"enemies":"Small Slimes","floor":54.0,"turns":1.0},{"damage":1.0,"enemies":"Cultist","floor":55.0,"turns":3.0},{"damage":0.0,"enemies":"2 Fungi Beasts","floor":56.0,"turns":1.0},{"damage":4.0,"enemies":"Lagavulin","floor":59.0,"turns":2.0},{"damage":0.0,"enemies":"Blue Slaver","floor":62.0,"turns":1.0},{"damage":1.0,"enemies":"Slime Boss","floor":68.0,"turns":1.0},{"damage":0.0,"enemies":"Spheric Guardian","floor":70.0,"turns":1.0},{"damage":0.0,"enemies":"Shell Parasite","floor":72.0,"turns":1.0},{"damage":0.0,"enemies":"3 Cultists","floor":73.0,"turns":1.0},{"damage":0.0,"enemies":"Centurion and Healer","floor":74.0,"turns":1.0},{"damage":0.0,"enemies":"Gremlin Leader","floor":76.0,"turns":1.0},{"damage":0.0,"enemies":"Shelled Parasite and Fungi","floor":77.0,"turns":1.0},{"damage":0.0,"enemies":"Book of Stabbing","floor":79.0,"turns":1.0},{"damage":0.0,"enemies":"Collector","floor":85.0,"turns":1.0},{"damage":0.0,"enemies":"Orb Walker","floor":87.0,"turns":1.0},{"damage":0.0,"enemies":"3 Darklings","floor":88.0,"turns":1.0},{"damage":0.0,"enemies":"R_Hoarder","floor":92.0,"turns":1.0},{"damage":0.0,"enemies":"Giant Head","floor":99.0,"turns":1.0},{"damage":0.0,"enemies":"Time Eater","floor":102.0,"turns":1.0},{"damage":0.0,"enemies":"Replay:Hell Engine","floor":103.0,"turns":1.0},{"damage":0.0,"enemies":"2 Louse","floor":105.0,"turns":1.0},{"damage":0.0,"enemies":"Lagavulin","floor":111.0,"turns":1.0},{"damage":0.0,"enemies":"Jaw Worm","floor":115.0,"turns":1.0},{"damage":0.0,"enemies":"3 Sentries","floor":118.0,"turns":1.0},{"damage":0.0,"enemies":"Fading Forest","floor":120.0,"turns":1.0},{"damage":0.0,"enemies":"Spheric Guardian","floor":122.0,"turns":1.0},{"damage":0.0,"enemies":"Nightmare","floor":127.0,"turns":1.0},{"damage":0.0,"enemies":"Shell Parasite","floor":132.0,"turns":1.0},{"damage":0.0,"enemies":"Chosen and Byrds","floor":135.0,"turns":1.0},{"damage":0.0,"enemies":"infinitespire:LordOfFortification","floor":137.0,"turns":1.0},{"damage":0.0,"enemies":"3 Shapes","floor":139.0,"turns":1.0},{"damage":0.0,"enemies":"3 Darklings","floor":143.0,"turns":1.0},{"damage":0.0,"enemies":"infinitespire:Three Voidlings","floor":145.0,"turns":1.0},{"damage":0.0,"enemies":"Nightmare_Alpha","floor":145.0,"turns":2.0},{"damage":0,"enemies":"Sphere and 2 Shapes","floor":149,"turns":1},{"damage":0,"enemies":"R_Hoarder","floor":150,"turns":1},{"damage":0,"enemies":"Nightmare","floor":152,"turns":1},{"damage":0,"enemies":"LordOfAnnihilation","floor":154,"turns":2},{"damage":0,"enemies":"Replay:Hell Engine","floor":155,"turns":1},{"damage":0,"enemies":"Shield and Spear","floor":159,"turns":1},{"damage":0,"enemies":"The Heart","floor":160,"turns":8}],"seed_played":"-1376813119817451159","potions_obtained":[{"floor":7.0,"key":"Ancient Potion"},{"floor":12.0,"key":"Energy Potion"},{"floor":21.0,"key":"Strength Potion"},{"floor":28.0,"key":"Swift Potion"},{"floor":29.0,"key":"Venom Potion"},{"floor":31.0,"key":"SteroidPotion"},{"floor":33.0,"key":"ColorlessPotion"},{"floor":42.0,"key":"Ancient Potion"},{"floor":46.0,"key":"BlessingOfTheForge"},{"floor":47.0,"key":"Block Potion"},{"floor":54.0,"key":"Dexterity Potion"},{"floor":55.0,"key":"HeartOfIron"}],"is_trial":false,"path_per_floor":["M","$","?","$","?","R","M","?","T","R","$","E","M","M","R","B",null,"M","M","?","M","?","E","R","E","T","R","M","E","T","M","R","B",null,"M","?","?","M","M","NM","R","E","T","?","AVR","M","M","M","R","B","B",null,"M","M","M","M","$","R","E","$","T","M","R","$","?","?","R_BF","B",null,"M","$","M","M","M","R","E","M","T","E","?","$","?","?","R","B",null,"M","M","$","?","E","R","T","$","E","$","R","B","B",null,"M","$","$","E","T","M","$","?","E","R","B",null,"M","$","?","NM","R","T","$","M","T","?","M","R","B",null,"M","$","?","M","R","?","NS","T","R","M","E","NM","R","B","B",null,"R","$","E","B",null],"character_chosen":"IRONCLAD","items_purchased":["Membership Card","hubris:Reverence","Gremlin Horn","Sword Boomerang","Bronze Scales","AttackPotion","Gambling Chip","Iron Hammer","ReplayTheSpireMod:ShopPack","Offering","Pummel+1","PreservedInsect","hubris:Metronome","Orrery","Bottled Flame","Bag of Preparation","ClockworkSouvenir","hubris:IronBody","hubris:EvacipatedBox","hubris:FruitBowl","hubris:EmptyBottle","hubris:GlazedTorus","infinitespire:Satchel","infinitespire:Midas Blood","Question Card","Dream Catcher","Chameleon Ring","Sling","Ice Cream","BargainBundle","infinitespire:Beetle Shell","Tiny Chest","infinitespire:Lucky Rock","hubris:TenFootPole","War Paint","Bag of Marbles","Paper Frog","Snack Pack","Lee\u0027s Waffle","infinitespire:Golems Mask","infinitespire:WardingShard","Blood Vial","Incense Burner","Chemical X","hubris:Potato","hubris:DisguiseKit"],"campfire_rested":7,"item_purchase_floors":[2,2,2,2,4,4,11,11,11,57,57,57,57,57,60,60,60,64,64,64,64,64,64,64,64,64,71,71,81,89,89,97,100,100,107,107,109,109,109,124,124,131,131,141,141,158],"current_hp_per_floor":[140,140,129,129,129,129,135,135,135,135,135,133,139,134,134,118,138,141,125,125,131,131,102,145,130,130,145,145,145,145,145,145,145,145,145,145,145,145,145,144,144,145,145,145,145,135,145,141,141,96,45,120,132,144,145,145,145,145,145,145,145,145,145,3,108,108,108,219,242,250,250,250,250,250,250,250,250,250,250,229,229,229,229,229,241,248,250,250,250,250,156,156,156,156,156,156,156,156,156,156,156,156,166,166,166,166,166,166,166,166,166,166,166,166,166,166,166,166,166,166,166,166,166,166,166,166,166,166,166,166,166,166,166,166,166,166,166,166,166,166,166,166,166,166,166,166],"gold":2602,"neow_bonus":"UPGRADE_CARD","is_daily":false,"chose_seed":false,"campfire_upgraded":11,"win_rate":0.0,"timestamp":1613548596,"path_taken":["M","$","?","$","?","R","?","?","T","R","$","E","M","M","R","BOSS","M","M","?","?","?","E","R","E","T","R","M","E","?","M","R","BOSS","M","?","?","M","M","NM","R","E","T","?","AVR","M","M","M","R","BOSS","BOSS","M","?","M","?","$","R","E","$","T","M","R","?","?","?","R_BF","BOSS","M","$","M","?","M","R","E","M","T","E","?","$","?","?","R","BOSS","M","M","$","?","E","R","T","?","E","$","R","BOSS","BOSS","M","?","$","E","T","M","$","?","E","R","BOSS","M","$","?","NM","R","T","$","M","?","?","M","R","BOSS","M","$","?","M","R","?","NS","T","R","M","E","NM","R","BOSS","BOSS","R","$","E","BOSS"],"items_purchased_type":["Relic","Relic","Relic","Card","Relic","Potion","Relic","Relic","Relic","Card","Card","Relic","Relic","Relic","Relic","Relic","Relic","Relic","Relic","Relic","Relic","Relic","Relic","Relic","Relic","Relic","Relic","Relic","Relic","Relic","Relic","Relic","Relic","Relic","Relic","Relic","Relic","Relic","Relic","Relic","Relic","Relic","Relic","Relic","Relic","Relic"],"build_version":"2020-12-22","purchased_purges":12,"victory":true,"max_hp_per_floor":[145,145,145,145,145,145,145,145,145,145,145,145,145,145,145,145,145,145,145,145,145,145,145,145,145,145,145,145,145,145,145,145,145,145,145,145,145,145,145,145,145,145,145,145,145,145,145,145,145,145,145,145,145,145,145,145,145,145,145,145,145,145,145,145,250,250,250,250,250,250,250,250,250,250,250,250,250,250,250,250,250,250,250,250,250,250,250,250,250,250,156,156,156,156,156,156,156,156,156,156,156,156,166,166,166,166,166,166,166,166,166,166,166,166,166,166,166,166,166,166,166,166,166,166,166,166,166,166,166,166,166,166,166,166,166,166,166,166,166,166,166,166,166,166,166,166],"card_choices":[{"not_picked":["Combust","Body Slam"],"picked":"Inflame","floor":1.0},{"not_picked":["Anger","Infernal Blade","Wild Strike"],"picked":"SKIP","floor":7.0},{"not_picked":["Armaments","Power Through","Pummel"],"picked":"SKIP","floor":12.0},{"not_picked":["Clothesline","Run Through"],"picked":"Twin Strike","floor":13.0},{"not_picked":["Twin Strike","Wild Strike","Defy Death"],"picked":"SKIP","floor":14.0},{"not_picked":["Armaments","Rupture","Anger"],"picked":"SKIP","floor":18.0},{"not_picked":["Infernal Blade","Body Slam+1","hubris:ReadiedAction"],"picked":"SKIP","floor":19.0},{"not_picked":["hubris:SharpeningStone","Wild Strike","Twin Strike"],"picked":"SKIP","floor":21.0},{"not_picked":["Anger","Twin Strike","Infernal Blade"],"picked":"SKIP","floor":23.0},{"not_picked":["Searing Blow","Defy Death","Massacre"],"picked":"SKIP","floor":25.0},{"not_picked":["Wild Strike","Shrug It Off","hubris:CleavingFinish"],"picked":"SKIP","floor":28.0},{"not_picked":["Eclipse","Headbutt","Warcry"],"picked":"SKIP","floor":29.0},{"not_picked":["Eclipse","Headbutt","Warcry"],"picked":"SKIP","floor":29.0},{"not_picked":["Warcry","Body Slam","Wild Strike"],"picked":"SKIP","floor":31.0},{"not_picked":["Juggernaut+1","Demon Form+1"],"picked":"Limit Break","floor":33.0},{"not_picked":["hubris:ReadiedAction+1","Clothesline"],"picked":"Heavy Blade","floor":35.0},{"not_picked":["infinitespire:FutureSight","infinitespire:TheBestDefense"],"picked":"infinitespire:DeathsTouch","floor":37.0},{"not_picked":["ReplayTheSpireMod:Strike From Hell","Shrug It Off+1"],"picked":"Heavy Blade","floor":38.0},{"not_picked":["Second Wind","hubris:CleavingFinish","Feel No Pain+1"],"picked":"SKIP","floor":39.0},{"not_picked":["ReplayTheSpireMod:Limb From Limb","Searing Blow","Combust+1"],"picked":"SKIP","floor":40.0},{"not_picked":["Cleave+1","Searing Blow"],"picked":"Spot Weakness","floor":42.0},{"not_picked":["Infernal Blade+1","Warcry+1","Intimidate"],"picked":"SKIP","floor":46.0},{"not_picked":["hubris:CleavingFinish+1","hubris:ReadiedAction"],"picked":"Pommel Strike","floor":47.0},{"not_picked":["Run Through","Pommel Strike","Perfected Strike+1"],"picked":"SKIP","floor":48.0},{"not_picked":["hubris:ReadiedAction","Thunderclap","Dual Wield"],"picked":"SKIP","floor":53.0},{"not_picked":["Metallicize+1","Shrug It Off","Cleave"],"picked":"SKIP","floor":54.0},{"not_picked":["Combust+1","hubris:ReadiedAction","Flex"],"picked":"SKIP","floor":55.0},{"not_picked":["Anger","ReplayTheSpireMod:Stacked","Metallicize+1"],"picked":"SKIP","floor":56.0},{"not_picked":["Spot Weakness","Evolve+1"],"picked":"Inflame+1","floor":57.0},{"not_picked":["Sever Soul","Clothesline","ReplayTheSpireMod:Limb From Limb"],"picked":"SKIP","floor":59.0},{"not_picked":["Anger","Metallicize+1","Havoc"],"picked":"SKIP","floor":62.0},{"not_picked":["Juggernaut+1","Demonic Infusion","Corruption+1"],"picked":"Limit Break","floor":68.0},{"not_picked":["Hemokinesis","Sword Boomerang","Warcry","Clash+1"],"picked":"SKIP","floor":70.0},{"not_picked":["Shrug It Off","Metallicize+1","Iron Wave+1","Clothesline"],"picked":"SKIP","floor":72.0},{"not_picked":["ReplayTheSpireMod:Stacked","Burning Pact","ReplayTheSpireMod:Strike From Hell","Clash"],"picked":"SKIP","floor":73.0},{"not_picked":["Reaper","Spot Weakness","ReplayReversal","Run Through"],"picked":"SKIP","floor":74.0},{"not_picked":["Uppercut","Inflame+1","Abandon","Entrench+1"],"picked":"SKIP","floor":76.0},{"not_picked":["Wild Strike","Rage","Feel No Pain+1","Seeing Red"],"picked":"SKIP","floor":77.0},{"not_picked":["Barricade+1","Power Through","Run Through","Perfected Strike+1"],"picked":"SKIP","floor":79.0},{"not_picked":["Heavy Blade","Twin Strike","Dual Wield+1","Havoc"],"picked":"SKIP","floor":87.0},{"not_picked":["ReplayTheSpireMod:Corrosion Curse","Body Slam+1","Shrug It Off+1","Dual Wield"],"picked":"SKIP","floor":88.0},{"not_picked":["Replay:Undeath\u0027s Touch","Reckless Charge+1","Dropkick","ReplayTheSpireMod:Corrosion Curse+1"],"picked":"SKIP","floor":92.0},{"not_picked":["Intimidate+1","Evolve+1","Reckless Charge","Perfected Strike"],"picked":"SKIP","floor":99.0},{"not_picked":["Iron Wave","Dual Wield","Cleave","Wild Strike"],"picked":"SKIP","floor":105.0},{"not_picked":["Cleave","Clothesline","Wild Strike","Battle Trance"],"picked":"SKIP","floor":111.0},{"not_picked":["Second Wind","Flame Barrier","Feel No Pain+1","ReplayTheSpireMod:Limb From Limb"],"picked":"SKIP","floor":115.0},{"not_picked":["hubris:ReadiedAction","Sword Boomerang","Inflame+1","Pommel Strike"],"picked":"SKIP","floor":118.0},{"not_picked":["Replay:Many Hands","Demon Form+1","Berserk+1"],"picked":"Limit Break","floor":120.0},{"not_picked":["Iron Wave+1","Heavy Blade+1","Seeing Red","Headbutt"],"picked":"SKIP","floor":122.0},{"not_picked":["Armaments","Clothesline+1","Exhume","Anger"],"picked":"SKIP","floor":127.0},{"not_picked":["Havoc","Battle Trance","Burning Pact","Feed"],"picked":"SKIP","floor":132.0},{"not_picked":["Fire Breathing+1","Armaments","ReplayTheSpireMod:Stacked","Clash"],"picked":"SKIP","floor":135.0},{"not_picked":["Body Slam","Clothesline","hubris:ReadiedAction","ReplayTheSpireMod:Stacked"],"picked":"SKIP","floor":139.0},{"not_picked":["Iron Wave","Heavy Blade","Havoc+1","Replay:Undeath\u0027s Touch"],"picked":"SKIP","floor":143.0},{"not_picked":["Perfected Strike","Wild Strike+1","Sentinel","Intimidate"],"picked":"SKIP","floor":149},{"not_picked":["Evolve+1","Perfected Strike","Body Slam","Spot Weakness"],"picked":"SKIP","floor":150},{"not_picked":["Clash","Twin Strike","True Grit"],"picked":"Limit Break","floor":152},{"not_picked":["Run Through+1","Immolate","Sword Boomerang+1","Heavy Blade+1"],"picked":"SKIP","floor":159}],"player_experience":226449,"relics_obtained":[{"floor":9.0,"key":"hubris:SlimyHat"},{"floor":12.0,"key":"hubris:FunFungus"},{"floor":14.0,"key":"wanderingMiniBosses:CarrionFlame"},{"floor":23.0,"key":"Blue Doll"},{"floor":23.0,"key":"Anchor"},{"floor":25.0,"key":"ReplayTheSpireMod:Lightbulb"},{"floor":25.0,"key":"Regal Pillow"},{"floor":26.0,"key":"Frozen Egg 2"},{"floor":29.0,"key":"Happy Flower"},{"floor":29.0,"key":"Torii"},{"floor":30.0,"key":"Lantern"},{"floor":40.0,"key":"Replay:Bottled Flurry"},{"floor":40.0,"key":"Ornamental Fan"},{"floor":42.0,"key":"hubris:CrystalStatue"},{"floor":42.0,"key":"ReplayFunnel"},{"floor":43.0,"key":"hubris:PeanutButter"},{"floor":59.0,"key":"hubris:ToyBattleship"},{"floor":59.0,"key":"Matryoshka"},{"floor":61.0,"key":"infinitespire:ShieldingShard"},{"floor":61.0,"key":"hubris:DuctTape"},{"floor":76.0,"key":"hubris:Teleporter"},{"floor":76.0,"key":"Du-Vu Doll"},{"floor":78.0,"key":"Omamori"},{"floor":78.0,"key":"Whetstone"},{"floor":79.0,"key":"Ancient Tea Set"},{"floor":79.0,"key":"Blue Candle"},{"floor":92.0,"key":"hubris:MedicalManual"},{"floor":92.0,"key":"infinitespire:Lychee Nut"},{"floor":95.0,"key":"Juzu Bracelet"},{"floor":99.0,"key":"Centennial Puzzle"},{"floor":99.0,"key":"Magic Flower"},{"floor":111.0,"key":"infinitespire:PuzzleCube"},{"floor":111.0,"key":"Toy Ornithopter"},{"floor":113.0,"key":"Smiling Mask"},{"floor":118.0,"key":"Potion Belt"},{"floor":127.0,"key":"Pen Nib"},{"floor":127.0,"key":"ReplayTheSpireMod:Shallot"},{"floor":130.0,"key":"hubris:SphereOfDissonance"},{"floor":133.0,"key":"MawBank"},{"floor":147,"key":"Bottled Tornado"},{"floor":150,"key":"hubris:64BitClover"},{"floor":150,"key":"Replay:Baseball"},{"floor":152,"key":"Gremlin Food"},{"floor":159,"key":"hubris:MobiusCoin"},{"floor":159,"key":"Lizard Tail"}],"event_choices":[{"damage_healed":0.0,"max_hp_gain":0.0,"max_hp_loss":0.0,"gold_gain":75.0,"event_name":"betterThird:BetterGoop","player_choice":"Gold","floor":3.0,"gold_loss":0.0,"damage_taken":11.0},{"damage_healed":0.0,"max_hp_gain":0.0,"max_hp_loss":0.0,"gold_gain":0.0,"event_name":"Upgrade Shrine","player_choice":"Upgraded","floor":20.0,"gold_loss":0.0,"damage_taken":0.0,"cards_upgraded":["Strike_R"]},{"damage_healed":0.0,"max_hp_gain":0.0,"max_hp_loss":0.0,"gold_gain":0.0,"event_name":"SensoryStone","player_choice":"Memory 1","floor":36.0,"gold_loss":0.0,"damage_taken":0.0},{"damage_healed":0.0,"max_hp_gain":0.0,"max_hp_loss":0.0,"gold_gain":0.0,"event_name":"Designer","player_choice":"Upgrade","floor":44.0,"gold_loss":50.0,"damage_taken":0.0,"cards_upgraded":["infinitespire:DeathsTouch"]},{"damage_healed":0.0,"max_hp_gain":0.0,"max_hp_loss":0.0,"gold_gain":0.0,"event_name":"Living Wall","player_choice":"Grow","floor":65.0,"gold_loss":0.0,"damage_taken":0.0,"cards_upgraded":["Heavy Blade"]},{"damage_healed":0.0,"max_hp_gain":0.0,"max_hp_loss":0.0,"gold_gain":0.0,"event_name":"WeMeetAgain","player_choice":"Paid Gold","floor":66.0,"gold_loss":102.0,"damage_taken":0.0,"relics_obtained":["hubris:OldNail"]},{"damage_healed":0.0,"max_hp_gain":0.0,"max_hp_loss":0.0,"gold_gain":0.0,"event_name":"Cursed Tome","player_choice":"Obtained Book","floor":80.0,"gold_loss":0.0,"damage_taken":21.0},{"cards_removed":["Bash"],"damage_healed":0.0,"max_hp_gain":0.0,"max_hp_loss":0.0,"gold_gain":0.0,"event_name":"Wheel of Change","player_choice":"Card Removal","floor":83.0,"gold_loss":0.0,"damage_taken":0.0},{"damage_healed":0.0,"max_hp_gain":0.0,"max_hp_loss":0.0,"gold_gain":300.0,"event_name":"Wheel of Change","player_choice":"Gold","floor":90.0,"gold_loss":0.0,"damage_taken":0.0},{"cards_removed":["Spot Weakness"],"damage_healed":0.0,"max_hp_gain":0.0,"max_hp_loss":0.0,"gold_gain":0.0,"event_name":"Bonfire Elementals","player_choice":"Offered Uncommon","floor":126.0,"gold_loss":0.0,"damage_taken":0.0}],"is_beta":false,"boss_relics":[{"not_picked":["Replay:Drink Me","hubris:ScarierMask"],"picked":"Black Star"},{"not_picked":["ReplayTheSpireMod:DimensionalGlitch","Runic Dome"],"picked":"Black Blood"},{"not_picked":["Electric Blood","hubris:BlackHole"],"picked":"SlaversCollar"},{"not_picked":["Calling Bell","Abe\u0027s Treasure","Electric Blood"],"picked":"Sozu"},{"not_picked":["Runic Dome","Honey Jar","Replay:Drink Me"],"picked":"Philosopher\u0027s Stone"},{"not_picked":["hubris:BlackHole","hubris:VirtuousBlindfold","Replay:Ancient Bell"],"picked":"hubris:Backtick"},{"not_picked":["hubris:GrandSneckoEye","Mark of Pain","hubris:RunicObelisk","hubris:BlackHole"]},{"not_picked":["Calling Bell","Honey Jar","Cursed Key","ReplayTheSpireMod:Onyx Gauntlets"]},{"not_picked":["Replay:Grab Bag","Tiny House","Painkiller Herb","Ooze Armor"]}],"items_purged_floors":[2,4,11,45,57,60,64,71,81,89,97,100],"is_endless":true,"potions_floor_spawned":[7,12,14,21,23,28,29,31,33,42,46,47,48,54,55,73,76,77,85,87,88,105,118,120,127,132,139,145,145,160],"ascension_level":20}}