{"host":"iwx63wjdqe91ab4t","time":1613600520,"event":{"mods":["AchievementEnabler","Act Like it!","Aspiration","BaseMod","BetterRewards","Downfall","Friendly Minions","Hermit","Hubris","Infinite Spire","Jorbs\u0027s Wanderer Trilogy","Marisa????????","Mimic Mod","Minty Spire (QoL Compilation)","Quick Restart","Reliquary","Replay The Spire","StSLib","The Bug Knight","The Construct","The Cursed","The Disciple","The Hierophant","The Jungle","The Necromancer","The Runesmith","The Servant 0.9.4"],"gold_per_floor":[99,118,2,13,13,13,38,50,50,66,78,78,78,78,94,193,193,193,212,21,21,21,21,21,38,38,25,25,50,50,66,30,131,131,131,147,167,167,179,179,179,190,68,46,114,80,80,100,115,115],"floor_reached":51,"language":"ENG","playtime":3562,"items_purged":["Defend_W","Strike_W","Strike_W","Replay:Sssssssssshield"],"score":1107,"play_id":"ce87002d-f1bc-4041-ab3e-e1ff266c0b01","local_time":"20210217162200","is_ascension_mode":false,"campfire_choices":[{"floor":1.0,"key":"DIG"},{"data":"Negative_Energy_Burst","floor":13.0,"key":"SMITH"},{"data":"Strike_W","floor":18.0,"key":"PURGE"},{"data":"infinitespire:Menacing","floor":26.0,"key":"SMITH"},{"data":"Summon_Death_Knight","floor":30.0,"key":"SMITH"},{"floor":35,"key":"DIG"},{"data":"Summon_Undead_Army","floor":47,"key":"SMITH"}],"circlet_count":0,"master_deck":["Defend_W+1","Negative_Energy_Arrows","Bone_Wall+1","Summon_Undead+1","Summon_Undead+1","Finger_Of_Death","Finger_Of_Death","Life_Tap+1","Negative_Energy_Burst+1","Exploit","Negative_Energy_Bomb","Hellfire","Enlightenment","infinitespire:Menacing+1","Finger_Of_Death+1","Flesh_Made_Foul","Uncharnel","Slimebound:Nibble+1","Summon_Death_Knight+1","Negative_Energy_Mist+1","Grasp_Heart+1","Flesh_Made_Foul+1","Negative_Energy_Arrows+1","PrimeTime+1","expansioncontent:QuickStudy","DaylightSavings+5","Summon_Undead_Army+1"],"relics":["Vampire_Amulet","Durian","reliquary:GummyVitamins","reliquary:Firecrackers","ReplayTheSpireMod:SealedPack","hubris:Icosahedron","aspiration:Nostalgia","m_SlimeRing","aspiration:PoetsPen_weak","aspiration:SeaSaltIceCream","Replay:Bronze Core","Molten Egg 2","infinitespire:Golems Mask","Replay:Drink Me","Replay:Mystery Machine","PrismaticShard","Replay:WaspNest","infinitespire:Lychee Nut","CaptainsWheel","Replay:Accelerometer"],"acts_visited":["Exordium","TheCity","TheBeyond"],"potions_floor_usage":[44,50],"damage_taken":[{"damage":9.0,"enemies":"Jaw Worm","floor":2.0,"turns":7.0},{"damage":2.0,"enemies":"downfall:FleeingMerchant","floor":3.0,"turns":4.0},{"damage":0.0,"enemies":"2 Louse","floor":4.0,"turns":2.0},{"damage":0.0,"enemies":"Cultist","floor":8.0,"turns":4.0},{"damage":2.0,"enemies":"2 Fungi Beasts","floor":10.0,"turns":3.0},{"damage":4.0,"enemies":"Looter","floor":11.0,"turns":3.0},{"damage":1.0,"enemies":"Exordium Thugs","floor":15.0,"turns":3.0},{"damage":0.0,"enemies":"SI_SHIV_ARCHETYPE","floor":16.0,"turns":8.0},{"damage":13.0,"enemies":"Shell Parasite","floor":19.0,"turns":4.0},{"damage":0.0,"enemies":"downfall:FleeingMerchant","floor":20.0,"turns":5.0},{"damage":2.0,"enemies":"Spheric Guardian","floor":25.0,"turns":3.0},{"damage":13.0,"enemies":"HollowMod:Nosk","floor":27.0,"turns":6.0},{"damage":24.0,"enemies":"Slavers","floor":29.0,"turns":4.0},{"damage":0.0,"enemies":"Shelled Parasite and Fungi","floor":31.0,"turns":4.0},{"damage":4.0,"enemies":"Snake Plant","floor":32.0,"turns":3.0},{"damage":6,"enemies":"WA_ARCHETYPE_CALM","floor":33,"turns":7},{"damage":10,"enemies":"3 Shapes","floor":36,"turns":3},{"damage":0,"enemies":"Orb Walker","floor":37,"turns":3},{"damage":5,"enemies":"Jaw Worm Horde","floor":39,"turns":2},{"damage":25,"enemies":"Writhing Mass","floor":42,"turns":4},{"damage":6,"enemies":"downfall:FleeingMerchant","floor":43,"turns":4},{"damage":12,"enemies":"Nemesis","floor":44,"turns":4},{"damage":10,"enemies":"Transient","floor":48,"turns":5},{"damage":2,"enemies":"Spire Growth","floor":49,"turns":2},{"damage":19,"enemies":"IC_BLOCK_ARCHETYPE","floor":50,"turns":5}],"seed_played":"-172892069171753958","potions_obtained":[{"floor":2.0,"key":"Fire Potion"},{"floor":4.0,"key":"SteroidPotion"},{"floor":10.0,"key":"Explosive Potion"},{"floor":25.0,"key":"Venom Potion"},{"floor":28.0,"key":"CultistPotion"},{"floor":29.0,"key":"Dexterity Potion"},{"floor":31.0,"key":"Dexterity Potion"},{"floor":33,"key":"Venom Potion"},{"floor":39,"key":"FearPotion"},{"floor":49,"key":"ColorlessPotion"}],"is_trial":false,"path_per_floor":["R","M","$","M","?","T","T","M","?","M","M","?","R","?","M","B",null,"R","M","$","?","?","AVR","T","M","R","E","?","E","R","M","M","B",null,"R","M","M","?","M","AVR","T","M","$","E","T","$","R","M","M","B",null],"character_chosen":"NECROMANCER","items_purchased":["Finger_Of_Death","Uncharnel","infinitespire:Lychee Nut","expansioncontent:QuickStudy","Summon_Undead_Army"],"campfire_rested":0,"item_purchase_floors":[3,20,43,43,46],"current_hp_per_floor":[73,66,64,68,73,73,73,75,75,77,75,75,75,78,78,78,78,78,73,73,73,73,73,73,78,78,69,69,56,56,62,62,60,59,59,59,59,59,59,59,59,38,39,37,37,37,37,37,44,31],"gold":115,"neow_bonus":"ONE_RARE_RELIC","is_daily":false,"chose_seed":false,"campfire_upgraded":4,"win_rate":0.0,"timestamp":1613600520,"path_taken":["R","M","$","M","?","?","T","?","?","M","?","?","R","?","M","BOSS","R","M","$","?","?","AVR","T","M","R","E","?","E","R","M","M","BOSS","R","M","M","?","?","AVR","T","?","$","E","?","?","R","?","M","BOSS"],"items_purchased_type":["Card","Card","Relic","Card","Card"],"build_version":"2020-12-22","purchased_purges":4,"victory":true,"max_hp_per_floor":[73,73,73,73,78,78,78,78,78,78,78,78,78,78,78,78,78,78,78,78,78,78,78,78,78,78,78,78,78,78,78,78,78,59,59,59,59,59,59,59,59,59,44,44,44,44,44,44,44,44],"card_choices":[{"not_picked":["Death_Coil","Vampiric_Strike"],"picked":"Summon_Undead","floor":2.0},{"not_picked":["Finger_Of_Death","Blood_Magic"],"picked":"Summon_Undead","floor":3.0},{"not_picked":["Death_Coil","Death_March_Dance"],"picked":"Finger_Of_Death","floor":4.0},{"not_picked":["Scare","Siphon_Strength","Bone_Shift"],"picked":"SKIP","floor":8.0},{"not_picked":["Shackles_Of_Pain","Bone_Armory","Chill_Blood"],"picked":"SKIP","floor":10.0},{"not_picked":["Blood_Shield","Plague_Bolt"],"picked":"Negative_Energy_Burst","floor":11.0},{"not_picked":["Plague_Bolt","Death_March_Dance"],"picked":"Exploit","floor":15.0},{"not_picked":["Hellfire","Reap_The_Weak"],"picked":"Negative_Energy_Bomb","floor":16.0},{"not_picked":["Blood_Magic","Cloudkill"],"picked":"Hellfire","floor":17.0},{"not_picked":["Replay:Sssssssssstrike","Good Instincts"],"picked":"Enlightenment","floor":17.0},{"not_picked":["ReplayTheSpireMod:Echoes of Time","infinitespire:Starlight"],"picked":"infinitespire:Menacing","floor":17.0},{"not_picked":["Bones_to_Steel+1","Negative_Energy_Mist"],"picked":"Finger_Of_Death+1","floor":19.0},{"not_picked":["Spectral_Walk","Vampiric_Strike"],"picked":"Flesh_Made_Foul","floor":20.0},{"not_picked":["Bone_Bullets","Hidden Blade","Slimebound:Prepare"],"picked":"SKIP","floor":25.0},{"not_picked":["Scare","Hidden Blade"],"picked":"Slimebound:Nibble+1","floor":27.0},{"not_picked":["Toxic_Smoke_Screen","Blood_Curse+1"],"picked":"Summon_Death_Knight","floor":29.0},{"not_picked":["Bone_Armor+1","Bone_Spikes+1"],"picked":"Negative_Energy_Mist+1","floor":31.0},{"not_picked":["Chill_Blood","Negative_Energy_Shield","Slimebound:SlimeSpikes"],"picked":"SKIP","floor":32.0},{"not_picked":["Blood_Magic","Cloudkill"],"picked":"Grasp_Heart+1","floor":33},{"not_picked":["Chill_Blood+1","Bone_Armory","Bones_to_Steel"],"picked":"SKIP","floor":36},{"not_picked":["Vampiric_Strike+1","Consume_Illness","Bone_Shift+1"],"picked":"SKIP","floor":37},{"not_picked":["Blood_for_Blood+1","Death_Coil+1","Pandemic+1"],"picked":"SKIP","floor":39},{"not_picked":["TheCursedMod:RavingStaff+1","Whirlwind_of_Bones+1","HollowMod:VoidDash"],"picked":"SKIP","floor":42},{"not_picked":["GravityBeat+1","FairyDestructionRay+1"],"picked":"PrimeTime+1","floor":43},{"not_picked":["Runesmith:CraftObretio","hexamod:Firestarter+1"],"picked":"DaylightSavings+1","floor":44},{"not_picked":["Slimebound:ItLooksTasty+1","Conserve Battery+1","Revamp+1"],"picked":"SKIP","floor":48},{"not_picked":["construct:Versatility+1","hierophant:Zeal+1","Manipulate+1"],"picked":"SKIP","floor":49}],"player_experience":300880,"relics_obtained":[{"floor":1.0,"key":"reliquary:GummyVitamins"},{"floor":6.0,"key":"reliquary:Firecrackers"},{"floor":7.0,"key":"aspiration:Lifesprig"},{"floor":24.0,"key":"aspiration:SeaSaltIceCream"},{"floor":27.0,"key":"Molten Egg 2"},{"floor":29.0,"key":"infinitespire:Golems Mask"},{"floor":35,"key":"Replay:Mystery Machine"},{"floor":41,"key":"Replay:WaspNest"},{"floor":44,"key":"CaptainsWheel"},{"floor":45,"key":"Replay:Accelerometer"}],"event_choices":[{"damage_healed":0.0,"max_hp_gain":5.0,"max_hp_loss":0.0,"gold_gain":0.0,"event_name":"Big Fish","player_choice":"Donut","floor":5.0,"gold_loss":0.0,"damage_taken":0.0},{"damage_healed":0.0,"max_hp_gain":0.0,"max_hp_loss":0.0,"gold_gain":0.0,"cards_transformed":["Strike_W"],"event_name":"Transmorgrifier","player_choice":"Transformed","floor":9.0,"gold_loss":0.0,"damage_taken":0.0,"cards_obtained":["Life_Tap"]},{"damage_healed":3.0,"max_hp_gain":0.0,"max_hp_loss":0.0,"gold_gain":0.0,"event_name":"Wheel of Change","player_choice":"Full Heal","floor":14.0,"gold_loss":0.0,"damage_taken":0.0}],"is_beta":false,"boss_relics":[{"not_picked":["Painkiller Herb","hubris:TerracottaHorce"],"picked":"ReplayTheSpireMod:SealedPack"},{"not_picked":["hubris:RunicObelisk","SacredBark"],"picked":"Replay:Drink Me"}],"items_purged_floors":[3,20,23,40],"is_endless":false,"potions_floor_spawned":[2,4,10,25,29,31,33,39,49],"ascension_level":0}}