{"host":"pqhwp6kmk3x070f7","time":1613535113,"event":{"mods":["Act Like it!","BaseMod","Better Altar","Better Match","Better Note","Better Sensory Stone","Better Skull","Better Third Choice","Downfall","Ekko","Energized Spire","Hermit","Hubris","Infinite Spire","Jorbs\u0027s Wanderer Trilogy","Minty Spire (QoL Compilation)","Reliquary","Replay The Spire","Ruina","StSLib","The Administrix","The Elementalist","The Marked"],"gold_per_floor":[13,27,37,0,50,80,80,111,111,145,145,95,122,135,135,236,236,248,198,211,211,231,231,241,241,309,309,309,67,67,85,85,85,85],"floor_reached":33,"language":"ENG","playtime":3903,"items_purged":["theMarked:Strike"],"score":312,"play_id":"bd4a6b7c-db7d-4e2b-a6af-bcf6de199b60","local_time":"20210216201153","is_ascension_mode":true,"campfire_choices":[{"data":"theMarked:DispelDoubt","floor":7,"key":"SMITH"},{"floor":11,"key":"REST"},{"floor":15,"key":"REST"},{"floor":23,"key":"REST"},{"floor":25,"key":"REST"},{"floor":28,"key":"REST"},{"data":"theMarked:Defy","floor":30,"key":"SMITH"},{"data":"theMarked:Toughness","floor":32,"key":"SMITH"}],"circlet_count":0,"master_deck":["theMarked:Strike","theMarked:Strike","theMarked:Strike","theMarked:Strike","theMarked:Defend","theMarked:Defend","theMarked:Defend","theMarked:SoldierOfQuellstein","theMarked:SwordAndMagic","Enlightenment","theMarked:DispelDoubt+1","theMarked:MuscleMemory","theMarked:Toughness+1","theMarked:Defy+1","theMarked:Electrify+1","Clumsy","theMarked:ComboAttacks+1","theMarked:ChannelForce+1","theMarked:Generate"],"relics":["theMarked:ArtifactOfAir","reliquary:Boomerang","Bag of Preparation","Smiling Mask","theMarked:VonisonLock","reliquary:TuningFork","Philosopher\u0027s Stone","ruina:FalsePresent","ruina:PrescriptsGrace","Replay:Bottled Flurry","hubris:Towel","reliquary:PartyBalloon"],"acts_visited":["Exordium","Exordium"],"potions_floor_usage":[8,13,20,29,31,33],"damage_taken":[{"damage":13,"enemies":"infinitespire:Voidling","floor":1,"turns":4},{"damage":0,"enemies":"2 Louse","floor":2,"turns":2},{"damage":0,"enemies":"Small Slimes","floor":3,"turns":3},{"damage":15,"enemies":"Gremlin Nob","floor":6,"turns":4},{"damage":26,"enemies":"Lagavulin","floor":8,"turns":4},{"damage":21,"enemies":"Replay:BlueRogue","floor":10,"turns":5},{"damage":8,"enemies":"3 Sentries","floor":13,"turns":6},{"damage":7,"enemies":"Blue Slaver","floor":14,"turns":2},{"damage":21,"enemies":"Fading Forest","floor":16,"turns":11},{"damage":38,"enemies":"ruina:BadWolf","floor":18,"turns":5},{"damage":14,"enemies":"ruina:3_Bats","floor":20,"turns":3},{"damage":8,"enemies":"ruina:QueenOfHate","floor":22,"turns":3},{"damage":34,"enemies":"ruina:Woodsman","floor":24,"turns":3},{"damage":19,"enemies":"ruina:KingOfGreed","floor":31,"turns":3},{"damage":64,"enemies":"ruina:Red_and_Wolf","floor":33,"turns":6}],"seed_played":"-435988053619060226","potions_obtained":[{"floor":6,"key":"ColorlessPotion"},{"floor":8,"key":"Explosive Potion"},{"floor":10,"key":"theMarked:HoverShot"},{"floor":14,"key":"Strength Potion"},{"floor":19,"key":"Strength Potion"},{"floor":24,"key":"Weak Potion"},{"floor":31,"key":"Fruit Juice"}],"is_trial":false,"path_per_floor":["M","M","M","?","?","E","R","E","T","E","R","$","E","M","R","B",null,"M","?","M","?","M","R","M","R","T","?","R","$","R","M","R","B"],"character_chosen":"THE_DEFAULT","items_purchased":["Fruit Juice","reliquary:PartyBalloon"],"campfire_rested":5,"item_purchase_floors":[29,29],"current_hp_per_floor":[80,80,80,86,86,71,71,45,45,24,51,51,43,36,63,52,92,54,50,36,36,28,54,20,46,46,46,72,77,77,63,63,0,0],"gold":85,"neow_bonus":"TWENTY_PERCENT_HP_BONUS","is_daily":false,"chose_seed":false,"campfire_upgraded":3,"win_rate":0.0,"timestamp":1613535113,"path_taken":["M","?","M","?","?","E","R","E","T","E","R","?","E","M","R","BOSS","M","?","M","?","M","R","M","R","T","?","R","$","R","M","R","BOSS"],"items_purchased_type":["Potion","Relic"],"build_version":"2020-12-22","purchased_purges":1,"victory":false,"max_hp_per_floor":[86,86,86,92,92,92,92,92,92,92,92,92,92,92,92,92,92,92,87,87,87,87,87,87,87,87,87,87,92,92,97,97,97,97],"card_choices":[{"not_picked":["theMarked:Frustration","theMarked:ChainLightning"],"picked":"theMarked:SwordAndMagic","floor":1},{"not_picked":["theMarked:Frustration","theMarked:RepellingDischarge","theMarked:ElectricStrings"],"picked":"SKIP","floor":2},{"not_picked":["theMarked:ChainLightning","theMarked:BanishingStrike","theMarked:Aftermath"],"picked":"SKIP","floor":3},{"not_picked":["theMarked:EmpowerWeapon","theMarked:RepellingDischarge"],"picked":"theMarked:DispelDoubt","floor":6},{"not_picked":["theMarked:PowerFlow","theMarked:Aftermath","theMarked:WardOff"],"picked":"SKIP","floor":8},{"not_picked":["theMarked:Determination","theMarked:Aftermath"],"picked":"theMarked:MuscleMemory","floor":10},{"not_picked":["theMarked:OneWithTheBlade","theMarked:Friction"],"picked":"theMarked:Toughness","floor":13},{"not_picked":["theMarked:HeightenedSenses","theMarked:ElectricStrings","theMarked:TwofoldDefense"],"picked":"SKIP","floor":14},{"not_picked":["theMarked:MagusForm","theMarked:Levitate"],"picked":"theMarked:Defy","floor":16},{"not_picked":["theMarked:ResourceFulStrike","theMarked:Parkour"],"picked":"theMarked:Electrify+1","floor":18},{"not_picked":["theMarked:TunnelVision","theMarked:WastefulAttack+1"],"picked":"theMarked:ComboAttacks+1","floor":20},{"not_picked":["theMarked:WastefulAttack","theMarked:RepellingDischarge+1"],"picked":"theMarked:ChannelForce+1","floor":22},{"not_picked":["theMarked:ChainLightning","theMarked:BanishingStrike","theMarked:Improvise+1"],"picked":"SKIP","floor":24},{"not_picked":["theMarked:Standoff","theMarked:ResourceFulStrike"],"picked":"theMarked:Generate","floor":31}],"player_experience":1603226,"relics_obtained":[{"floor":6,"key":"reliquary:Boomerang"},{"floor":8,"key":"Bag of Preparation"},{"floor":9,"key":"Smiling Mask"},{"floor":10,"key":"theMarked:VonisonLock"},{"floor":13,"key":"reliquary:TuningFork"},{"floor":26,"key":"Replay:Bottled Flurry"}],"event_choices":[{"damage_healed":0,"gold_gain":0,"player_choice":"RENOUNCE","damage_taken":37,"max_hp_gain":0,"max_hp_loss":0,"event_name":"betterThird:BetterSerpent","floor":4,"gold_loss":37,"cards_obtained":["Enlightenment"]}],"is_beta":false,"boss_relics":[{"not_picked":["reliquary:RedPaperclip","Ectoplasm"],"picked":"Philosopher\u0027s Stone"}],"items_purged_floors":[12],"is_endless":false,"potions_floor_spawned":[6,8,10,14,24,31],"killed_by":"ruina:Red_and_Wolf","ascension_level":1}}