{"host":"iovigr651ajk16h5","time":1613590525,"event":{"mods":["2.2 Compatiblity","AchievementEnabler","Aspiration","BaseMod","Better Altar","Better Match","Better Note","Better Sensory Stone","Better Skull","Better Third Choice","Block Reminder","Colored Map","Ekko","Energized Spire","GifTheSpireLib","GungeonMod","Halation","Hermit","Highlight Path","Hubris","Infinite Spire","Koishi","Luminous","Marisa????????","Minty Spire (QoL Compilation)","Nova Terra(??·??)","Onozuka Komachi Mod","Permanent Neow","Prisma Mod","Quick Restart","Railgun Mod","Remilia??????","Replay The Spire","StSLib","Stuff the Spire","Td1madao Mod","The Administrix","The Bladedancer","The Bug Knight","The Construct","The Marked","TheSwordswoman","Trackpad","Waifu the Spire","WarShipGirlsR/????R mod","everything is the same but u backflip on backflip"],"gold_per_floor":[119,132,132,149,139,139,155,155,155,155,155,184,184,201,201,298,298,310,310,61,61,74,74,74],"floor_reached":23,"language":"ENG","playtime":1514,"items_purged":[],"score":189,"play_id":"3bd09ba6-b238-4a44-9aa7-5a69f437abe7","local_time":"20210217143525","is_ascension_mode":false,"campfire_choices":[{"data":"MillisecondPulsars","floor":6.0,"key":"SMITH"},{"data":"GalacticHalo","floor":8.0,"key":"SMITH"},{"data":"DoubleSpark","floor":11.0,"key":"SMITH"},{"data":"BlazeAway","floor":15.0,"key":"SMITH"}],"circlet_count":0,"master_deck":["Strike_MRS","Strike_MRS","Strike_MRS","Defend_MRS","Defend_MRS","Defend_MRS","Defend_MRS","MasterSpark","UpSweep","6A","GalacticHalo+1","ekkoTheBoyWhoShatteredTime:ZhonyasHourglass","OrrerysSun","DC","MillisecondPulsars+1","DoubleSpark+1","AsteroidBelt","BlazeAway+1","FinalSpark","GrandCross+1"],"relics":["MiniHakkero","aspiration:Nostalgia","theMarked:ArtifactOfAir","DemoMod:PinkGuonStone","StoneCalendar","Bottled Tornado","DemoMod:GlassGuonStoneRelic"],"acts_visited":["Exordium","TheCity"],"potions_floor_usage":[],"damage_taken":[{"damage":2.0,"enemies":"Small Slimes","floor":1.0,"turns":3.0},{"damage":0.0,"enemies":"Cultist","floor":2.0,"turns":3.0},{"damage":0.0,"enemies":"Jaw Worm","floor":4.0,"turns":4.0},{"damage":0.0,"enemies":"Red Slaver","floor":7.0,"turns":2.0},{"damage":10.0,"enemies":"3 Sentries","floor":12.0,"turns":11.0},{"damage":0.0,"enemies":"Gremlin Gang","floor":14.0,"turns":5.0},{"damage":20.0,"enemies":"Slime Boss","floor":16.0,"turns":7.0},{"damage":31.0,"enemies":"2 Thieves","floor":18.0,"turns":4.0},{"damage":15.0,"enemies":"Spheric Guardian","floor":22.0,"turns":4.0},{"damage":0,"enemies":"Slavers","floor":23,"turns":2}],"seed_played":"6160993156810235646","potions_obtained":[{"floor":1.0,"key":"Energy Potion"},{"floor":4.0,"key":"BottledSpark"},{"floor":12.0,"key":"LifebloodPotion"},{"floor":22.0,"key":"Strength Potion"}],"is_trial":false,"path_per_floor":["M","M","?","M","?","R","M","R","T","?","R","E","?","M","R","B",null,"M","?","$","?","M","E"],"character_chosen":"MARISA","items_purchased":["Bottled Tornado"],"campfire_rested":0,"item_purchase_floors":[20],"current_hp_per_floor":[73,73,73,73,73,73,73,73,80,80,80,70,70,70,70,50,82,51,51,51,51,36,36,36],"gold":74,"neow_bonus":"NOSTALGIA","is_daily":false,"chose_seed":false,"campfire_upgraded":4,"win_rate":0.0,"timestamp":1613590525,"path_taken":["M","M","?","?","?","R","?","R","T","?","R","E","?","M","R","BOSS","M","?","$","?","M","E"],"items_purchased_type":["Relic"],"build_version":"2020-12-22","purchased_purges":0,"victory":false,"max_hp_per_floor":[75,75,75,75,75,75,75,75,82,82,82,82,82,82,82,82,82,82,82,82,82,82,82,82],"card_choices":[{"not_picked":["WitchOfGreed","Singularity"],"picked":"6A","floor":1.0},{"not_picked":["MagicAbsorber","6A"],"picked":"GalacticHalo","floor":2.0},{"not_picked":["SuperPerseids","AsteroidBelt"],"picked":"OrrerysSun","floor":4.0},{"not_picked":[],"picked":"DC","floor":5.0},{"not_picked":[],"picked":"MillisecondPulsars","floor":5.0},{"not_picked":["EventHorizon","DC"],"picked":"DoubleSpark","floor":7.0},{"not_picked":["PropBag","MilkyWay"],"picked":"AsteroidBelt","floor":12.0},{"not_picked":["DoubleSpark","6A"],"picked":"BlazeAway","floor":14.0},{"not_picked":["MillisecondPulsars","CollectingQuirk"],"picked":"FinalSpark","floor":16.0},{"not_picked":["AsteroidBelt+1","Orbital"],"picked":"GrandCross+1","floor":18.0},{"not_picked":["DC","PowerUp","NonDirectionalLaser"],"picked":"SKIP","floor":22.0}],"player_experience":352555,"relics_obtained":[{"floor":9.0,"key":"DemoMod:PinkGuonStone"},{"floor":12.0,"key":"StoneCalendar"}],"event_choices":[{"cards_removed":["6A"],"damage_healed":0.0,"max_hp_gain":0.0,"max_hp_loss":0.0,"gold_gain":0.0,"event_name":"betterNote:BetterNote","player_choice":"Take \u0026 Give","floor":3.0,"gold_loss":0.0,"damage_taken":0.0,"cards_obtained":["ekkoTheBoyWhoShatteredTime:ZhonyasHourglass"]},{"cards_removed":["Strike_MRS"],"damage_healed":0.0,"max_hp_gain":0.0,"max_hp_loss":0.0,"gold_gain":0.0,"event_name":"Bonfire Elementals","player_choice":"Offered Basic","floor":13.0,"gold_loss":0.0,"damage_taken":0.0}],"is_beta":false,"boss_relics":[{"not_picked":["Coffee Dripper","energizedSpire:SpiderWeb","ReplayTheSpireMod:DimensionalGlitch"]}],"items_purged_floors":[],"is_endless":false,"potions_floor_spawned":[1,4,12,22],"killed_by":"Slavers","ascension_level":0}}