{"host":"99l0i25nwwr6z99u","time":1613532742,"event":{"mods":["Act Like it!","BaseMod","Colored Map","Colored Powertips","Googly Eyes","Minty Spire (QoL Compilation)","Quick Restart","StSLib"],"gold_per_floor":[109,121,140,140,164,164,195,195,195,225,225,241,279,293,293,389,389,404,404,427,427,251,251,295,320,320,341,366,366,397,397,397],"floor_reached":31,"language":"ENG","playtime":900,"items_purged":[],"score":570,"play_id":"8a941034-a4c5-45e9-8b43-4f76037fd9a4","local_time":"20210216223222","is_ascension_mode":true,"campfire_choices":[{"data":"Zap","floor":6,"key":"SMITH"},{"floor":8,"key":"REST"},{"floor":11,"key":"REST"},{"data":"White Noise","floor":15,"key":"SMITH"},{"data":"Madness","floor":23,"key":"SMITH"},{"data":"Fission","floor":29,"key":"SMITH"}],"circlet_count":0,"master_deck":["AscendersBane","Zap+1","Dualcast","Compile Driver","Capacitor","Rebound","Ball Lightning","White Noise+1","Cold Snap","Go for the Eyes","Glacier","Lockon","Hyperbeam","Doom and Gloom","Double Energy","Conserve Battery","Hologram","Conserve Battery","Skim","Cold Snap+1","Multi-Cast","Compile Driver","Meteor Strike","Madness+1","Fission+1","Redo","Loop"],"relics":["Cracked Core","Golden Idol","Lantern","Mummified Hand","Bag of Marbles","Odd Mushroom","Pantograph","Pandora\u0027s Box","Boot","Happy Flower","Bottled Tornado"],"acts_visited":["Exordium","TheCity"],"potions_floor_usage":[7,13,13,16,24,24,30],"damage_taken":[{"damage":2,"enemies":"Jaw Worm","floor":1,"turns":3},{"damage":10,"enemies":"2 Louse","floor":2,"turns":4},{"damage":6,"enemies":"Cultist","floor":3,"turns":3},{"damage":35,"enemies":"Lagavulin","floor":7,"turns":5},{"damage":17,"enemies":"The Mushroom Lair","floor":10,"turns":3},{"damage":0,"enemies":"Looter","floor":12,"turns":3},{"damage":15,"enemies":"Gremlin Nob","floor":13,"turns":4},{"damage":1,"enemies":"Exordium Wildlife","floor":14,"turns":3},{"damage":22,"enemies":"The Guardian","floor":16,"turns":8},{"damage":1,"enemies":"Spheric Guardian","floor":18,"turns":3},{"damage":5,"enemies":"Chosen","floor":20,"turns":4},{"damage":4,"enemies":"Slavers","floor":24,"turns":4},{"damage":0,"enemies":"3 Cultists","floor":25,"turns":1},{"damage":0,"enemies":"Centurion and Healer","floor":27,"turns":1},{"damage":10,"enemies":"Cultist and Chosen","floor":28,"turns":4},{"damage":20,"enemies":"Gremlin Leader","floor":30,"turns":6},{"damage":34,"enemies":"Snake Plant","floor":31,"turns":2}],"seed_played":"-4407716245309125157","potions_obtained":[{"floor":3,"key":"Strength Potion"},{"floor":10,"key":"Block Potion"},{"floor":12,"key":"Weak Potion"},{"floor":13,"key":"ColorlessPotion"},{"floor":14,"key":"FocusPotion"},{"floor":20,"key":"LiquidMemories"},{"floor":24,"key":"FearPotion"},{"floor":25,"key":"Fire Potion"}],"is_trial":false,"path_per_floor":["M","M","M","?","T","R","E","R","T","?","R","M","E","M","R","B",null,"M","?","M","?","$","R","E","M","T","M","M","R","E","M"],"character_chosen":"DEFECT","items_purchased":["Meteor Strike","Madness"],"campfire_rested":2,"item_purchase_floors":[22,22],"current_hp_per_floor":[62,52,46,46,46,46,11,30,30,13,32,32,17,16,16,19,53,52,52,47,64,64,64,60,60,60,60,50,50,30,0,0],"gold":397,"neow_bonus":"THREE_CARDS","is_daily":false,"chose_seed":false,"campfire_upgraded":4,"win_rate":0.0,"timestamp":1613532742,"path_taken":["M","M","M","?","?","R","E","R","T","?","R","?","E","M","R","BOSS","M","?","M","?","$","R","E","M","T","M","?","R","E","M"],"items_purchased_type":["Card","Card"],"build_version":"2020-12-22","purchased_purges":0,"victory":false,"max_hp_per_floor":[71,71,71,64,64,64,64,64,64,64,64,64,64,64,64,64,64,64,64,64,64,64,64,64,64,64,64,64,64,64,64,64],"card_choices":[{"not_picked":["Leap","Turbo"],"picked":"Compile Driver","floor":0},{"not_picked":["Barrage","Aggregate"],"picked":"Capacitor","floor":1},{"not_picked":["Turbo","Leap"],"picked":"Rebound","floor":2},{"not_picked":["Skim","Cold Snap"],"picked":"Ball Lightning","floor":3},{"not_picked":["Thunder Strike","Blizzard"],"picked":"White Noise","floor":7},{"not_picked":["Gash","Barrage"],"picked":"Cold Snap","floor":10},{"not_picked":["Ball Lightning","Gash"],"picked":"Go for the Eyes","floor":12},{"not_picked":["Conserve Battery","Blizzard"],"picked":"Glacier","floor":13},{"not_picked":["Steam","Capacitor"],"picked":"Lockon","floor":14},{"not_picked":["Thunder Strike","All For One"],"picked":"Hyperbeam","floor":16},{"not_picked":["Double Energy+1","Gash"],"picked":"Cold Snap+1","floor":18},{"not_picked":["Sweeping Beam","Coolheaded"],"picked":"Compile Driver","floor":20},{"not_picked":["Leap","Glacier","Conserve Battery"],"picked":"SKIP","floor":24},{"not_picked":["Barrage","Cold Snap"],"picked":"Fission","floor":25},{"not_picked":["Barrage","Conserve Battery","Blizzard"],"picked":"SKIP","floor":27},{"not_picked":["BootSequence","Double Energy+1"],"picked":"Redo","floor":28},{"not_picked":["Amplify","Leap"],"picked":"Loop","floor":30}],"player_experience":786039,"relics_obtained":[{"floor":5,"key":"Lantern"},{"floor":7,"key":"Mummified Hand"},{"floor":9,"key":"Bag of Marbles"},{"floor":10,"key":"Odd Mushroom"},{"floor":13,"key":"Pantograph"},{"floor":24,"key":"Boot"},{"floor":26,"key":"Happy Flower"},{"floor":30,"key":"Bottled Tornado"}],"event_choices":[{"damage_healed":0,"gold_gain":0,"player_choice":"Lose Max HP","damage_taken":0,"relics_obtained":["Golden Idol"],"max_hp_gain":0,"max_hp_loss":7,"event_name":"Golden Idol","floor":4,"gold_loss":0},{"damage_healed":0,"gold_gain":0,"player_choice":"Fought Mushrooms","damage_taken":0,"max_hp_gain":0,"max_hp_loss":0,"event_name":"Mushrooms","floor":10,"gold_loss":0},{"damage_healed":0,"gold_gain":0,"cards_transformed":["Chaos","Streamline"],"player_choice":"Became Test Subject","damage_taken":0,"max_hp_gain":0,"max_hp_loss":0,"event_name":"Drug Dealer","floor":19,"gold_loss":0,"cards_obtained":["Multi-Cast","Double Energy"]},{"cards_removed":["Double Energy"],"damage_healed":17,"gold_gain":0,"player_choice":"Offered Uncommon","damage_taken":0,"max_hp_gain":0,"max_hp_loss":0,"event_name":"Bonfire Elementals","floor":21,"gold_loss":0}],"is_beta":false,"boss_relics":[{"not_picked":["Empty Cage","Runic Dome"],"picked":"Pandora\u0027s Box"}],"items_purged_floors":[],"is_endless":false,"potions_floor_spawned":[3,10,12,13,14,20,24,25],"killed_by":"Snake Plant","ascension_level":20}}