{"host":"et0ypqa1uh5c1j5j","time":1613578396,"event":{"mods":["BaseMod","Colored Map","Colored Powertips","Minty Spire (QoL Compilation)","Relic Stats","StSLib"],"gold_per_floor":[115,134,146,6,18,18,49,106,106,106,119,131,131,149,149,220,220,235,252,252,25,43,43,77,77,77],"floor_reached":25,"language":"ENG","playtime":1126,"items_purged":[],"score":450,"play_id":"d38f4b0a-1e0c-47fd-83d1-2c984bfead47","local_time":"20210217161316","is_ascension_mode":true,"campfire_choices":[{"data":"Streamline","floor":6,"key":"SMITH"},{"data":"Defragment","floor":13,"key":"SMITH"},{"floor":15,"key":"REST"},{"data":"Undo","floor":23,"key":"SMITH"}],"circlet_count":0,"master_deck":["AscendersBane","Strike_B","Strike_B","Strike_B","Strike_B","Defend_B","Defend_B","Defend_B","Defend_B","Zap","Dualcast","Conserve Battery","Sweeping Beam","Defragment+1","Gash","Undo+1","Ball Lightning","Meteor Strike","Capacitor+1","Conserve Battery","Cold Snap","Reinforced Body"],"relics":["Cracked Core","NeowsBlessing","Singing Bowl","Thread and Needle","Ice Cream","Sozu","StoneCalendar","Bag of Preparation","Blue Candle"],"acts_visited":["Exordium","TheCity"],"potions_floor_usage":[8,14,16,19],"damage_taken":[{"damage":0,"enemies":"2 Louse","floor":1,"turns":1},{"damage":0,"enemies":"Cultist","floor":2,"turns":1},{"damage":0,"enemies":"Jaw Worm","floor":3,"turns":1},{"damage":14,"enemies":"Large Slime","floor":5,"turns":5},{"damage":25,"enemies":"3 Sentries","floor":7,"turns":6},{"damage":7,"enemies":"3 Sentries","floor":8,"turns":3},{"damage":0,"enemies":"Exordium Wildlife","floor":11,"turns":4},{"damage":0,"enemies":"Looter","floor":12,"turns":3},{"damage":7,"enemies":"Gremlin Gang","floor":14,"turns":4},{"damage":29,"enemies":"Slime Boss","floor":16,"turns":6},{"damage":10,"enemies":"Shell Parasite","floor":18,"turns":6},{"damage":11,"enemies":"Chosen","floor":19,"turns":6},{"damage":2,"enemies":"Snecko","floor":22,"turns":4},{"damage":32,"enemies":"Book of Stabbing","floor":24,"turns":7},{"damage":16,"enemies":"Chosen and Byrds","floor":25,"turns":5}],"seed_played":"1480395975993014854","potions_obtained":[{"floor":5,"key":"Swift Potion"},{"floor":8,"key":"Block Potion"},{"floor":14,"key":"PowerPotion"}],"is_trial":false,"path_per_floor":["M","M","M","$","M","R","E","?","T","?","M","M","R","M","R","B",null,"M","M","?","$","M","R","E","M"],"character_chosen":"DEFECT","items_purchased":["Defragment","PowerPotion","Cold Snap","Bag of Preparation"],"campfire_rested":1,"item_purchase_floors":[4,4,21,21],"current_hp_per_floor":[64,64,64,64,50,50,25,20,20,20,22,22,22,17,40,11,61,51,40,40,40,38,38,8,0,0],"gold":77,"neow_bonus":"THREE_ENEMY_KILL","is_daily":false,"chose_seed":false,"campfire_upgraded":3,"win_rate":0.0,"timestamp":1613578396,"path_taken":["M","M","M","$","M","R","E","?","T","?","M","M","R","M","R","BOSS","M","M","?","$","?","R","E","M"],"items_purchased_type":["Card","Potion","Card","Relic"],"build_version":"2020-12-22","purchased_purges":0,"victory":false,"max_hp_per_floor":[71,71,71,71,71,71,71,73,73,73,75,75,75,77,77,77,77,77,77,77,77,77,77,79,79,79],"relic_stats":{"Sozu":0,"Singing Bowl":8,"counters":[15,62],"Blue Candle":[0],"StoneCalendar":[10],"Bag of Preparation":[6],"obtain_stats":[{"Ice Cream":9,"Sozu":17,"NeowsBlessing":0,"Singing Bowl":7,"Blue Candle":24,"Thread and Needle":8,"StoneCalendar":20,"Bag of Preparation":21,"Cracked Core":0},{"Ice Cream":6,"Sozu":10,"NeowsBlessing":0,"Singing Bowl":5,"Blue Candle":14,"Thread and Needle":6,"StoneCalendar":12,"Bag of Preparation":12,"Cracked Core":0},{"Ice Cream":17,"Sozu":34,"NeowsBlessing":0,"Singing Bowl":14,"Blue Candle":57,"Thread and Needle":17,"StoneCalendar":46,"Bag of Preparation":46,"Cracked Core":0}]},"card_choices":[{"not_picked":["Coolheaded","Conserve Battery"],"picked":"Streamline","floor":1},{"not_picked":["Rebound","Barrage"],"picked":"Conserve Battery","floor":2},{"not_picked":["Reinforced Body","Lockon"],"picked":"Sweeping Beam","floor":3},{"not_picked":["Compile Driver","Streamline"],"picked":"Gash","floor":5},{"not_picked":["Tempest","Recycle"],"picked":"Undo","floor":7},{"not_picked":["Turbo","Beam Cell","Barrage"],"picked":"Singing Bowl","floor":8},{"not_picked":["Reboot","Rebound","Compile Driver"],"picked":"Singing Bowl","floor":11},{"not_picked":["Coolheaded","Turbo"],"picked":"Ball Lightning","floor":12},{"not_picked":["BootSequence","Stack","Beam Cell"],"picked":"Singing Bowl","floor":14},{"not_picked":["Buffer","Core Surge"],"picked":"Meteor Strike","floor":16},{"not_picked":["Blizzard","Rebound"],"picked":"Capacitor+1","floor":18},{"not_picked":["Blizzard","Rip and Tear"],"picked":"Conserve Battery","floor":19},{"not_picked":["Fusion","Double Energy"],"picked":"Reinforced Body","floor":22},{"not_picked":["Rainbow","Go for the Eyes","Aggregate"],"picked":"Singing Bowl","floor":24}],"player_experience":479471,"relics_obtained":[{"floor":7,"key":"Singing Bowl"},{"floor":8,"key":"Thread and Needle"},{"floor":9,"key":"Ice Cream"},{"floor":24,"key":"Blue Candle"}],"event_choices":[{"damage_healed":0,"gold_gain":0,"player_choice":"Searched \u00272\u0027 times","damage_taken":0,"max_hp_gain":0,"max_hp_loss":0,"event_name":"Dead Adventurer","floor":8,"gold_loss":0},{"damage_healed":0,"gold_gain":0,"player_choice":"Ignored","damage_taken":0,"max_hp_gain":0,"max_hp_loss":0,"event_name":"Shining Light","floor":10,"gold_loss":0},{"cards_removed":["Streamline"],"damage_healed":0,"gold_gain":0,"player_choice":"Gave Card","damage_taken":0,"relics_obtained":["StoneCalendar"],"max_hp_gain":0,"max_hp_loss":0,"event_name":"WeMeetAgain","floor":20,"gold_loss":0}],"is_beta":false,"boss_relics":[{"not_picked":["Inserter","Runic Dome"],"picked":"Sozu"}],"items_purged_floors":[],"is_endless":false,"potions_floor_spawned":[5,7,8,14],"killed_by":"Chosen and Byrds","ascension_level":20}}