{"host":"njcl8kinlkfw245p","time":1613521479,"event":{"mods":["BaseMod","Block Reminder","Colored Map","Googly Eyes","KinomotoSakuraMod(????)","Minty Spire (QoL Compilation)","StSLib","The Senshi","Unceasing Turn Reminder","everything is the same but u backflip on backflip"],"gold_per_floor":[118,129,129,154,34,34,47,47,47,47,60,94,119,84,84,179,179,193,58,68,83,115,115,115,142,193,193,193],"floor_reached":27,"language":"ENG","playtime":1371,"items_purged":["Regret","Anger"],"score":344,"play_id":"36898637-d4b0-47ac-8461-7be4b42f9cf0","local_time":"20210216162439","is_ascension_mode":true,"campfire_choices":[{"data":"True Grit","floor":6,"key":"SMITH"},{"data":"Cleave","floor":8,"key":"SMITH"},{"data":"Bash","floor":10,"key":"SMITH"},{"data":"Sword Boomerang","floor":15,"key":"SMITH"},{"floor":24,"key":"REST"}],"circlet_count":0,"master_deck":["Strike_R","Strike_R","Strike_R","Strike_R","Strike_R","Defend_R","Defend_R","Defend_R","Defend_R","Bash+1","True Grit+1","Cleave+1","Pommel Strike","Sword Boomerang+1","Dark Embrace","Impervious","Feel No Pain","Spot Weakness","Power Through+1"],"relics":["theSenshi:MoonKaleidoScopeRelic","Ice Cream","Akabeko","Boot","Odd Mushroom","Snecko Eye","Red Mask","Pocketwatch","Dream Catcher"],"acts_visited":["Exordium","TheCity"],"potions_floor_usage":[22,23,23,23,27],"damage_taken":[{"damage":1,"enemies":"Cultist","floor":1,"turns":4},{"damage":8,"enemies":"2 Louse","floor":2,"turns":3},{"damage":7,"enemies":"Jaw Worm","floor":7,"turns":3},{"damage":4,"enemies":"Blue Slaver","floor":11,"turns":3},{"damage":16,"enemies":"Gremlin Nob","floor":12,"turns":3},{"damage":9,"enemies":"The Mushroom Lair","floor":13,"turns":3},{"damage":0,"enemies":"Slime Boss","floor":16,"turns":8},{"damage":29,"enemies":"3 Byrds","floor":18,"turns":5},{"damage":22,"enemies":"Spheric Guardian","floor":20,"turns":4},{"damage":1,"enemies":"Snecko","floor":21,"turns":3},{"damage":19,"enemies":"Masked Bandits","floor":22,"turns":4},{"damage":8,"enemies":"Book of Stabbing","floor":23,"turns":2},{"damage":2,"enemies":"Gremlin Leader","floor":25,"turns":7},{"damage":23,"enemies":"Book of Stabbing","floor":27,"turns":3}],"seed_played":"-6520631687472608746","potions_obtained":[{"floor":12,"key":"AttackPotion"},{"floor":13,"key":"SmokeBomb"},{"floor":16,"key":"GamblersBrew"},{"floor":22,"key":"SpeedPotion"},{"floor":25,"key":"AttackPotion"}],"is_trial":false,"path_per_floor":["M","M","?","T","$","R","M","R","T","R","M","E","?","$","R","B",null,"M","$","M","M","?","E","R","E","T","E"],"character_chosen":"IRONCLAD","items_purchased":["Anger","Dark Embrace","Spot Weakness"],"campfire_rested":1,"item_purchase_floors":[5,14,19],"current_hp_per_floor":[79,71,71,71,71,71,64,64,64,64,60,44,35,35,35,35,80,51,51,29,28,9,1,25,23,23,0,0],"gold":193,"neow_bonus":"BOSS_RELIC","is_daily":false,"chose_seed":false,"campfire_upgraded":4,"win_rate":0.0,"timestamp":1613521479,"path_taken":["M","?","?","?","$","R","M","R","T","R","M","E","?","?","R","BOSS","M","$","M","M","?","E","R","E","T","E"],"items_purchased_type":["Card","Card","Card"],"build_version":"2020-12-22","purchased_purges":2,"victory":false,"max_hp_per_floor":[80,80,80,80,80,80,80,80,80,80,80,80,80,80,80,80,80,80,80,80,80,80,80,80,80,80,80,80],"card_choices":[{"not_picked":["Warcry","Havoc"],"picked":"True Grit","floor":1},{"not_picked":["Havoc","Inflame"],"picked":"Cleave","floor":2},{"not_picked":["Thunderclap","Flex"],"picked":"Pommel Strike","floor":7},{"not_picked":["Rage","Warcry"],"picked":"Sword Boomerang","floor":11},{"not_picked":["Sword Boomerang","Anger","Evolve"],"picked":"SKIP","floor":12},{"not_picked":["Bludgeon","Double Tap"],"picked":"Impervious","floor":16},{"not_picked":["Headbutt","Warcry"],"picked":"Feel No Pain","floor":18},{"not_picked":["Havoc","Searing Blow","Pommel Strike"],"picked":"SKIP","floor":20},{"not_picked":["Searing Blow","Sword Boomerang","Pommel Strike"],"picked":"SKIP","floor":21},{"not_picked":["Havoc","Cleave"],"picked":"Power Through+1","floor":25}],"player_experience":953610,"relics_obtained":[{"floor":4,"key":"Akabeko"},{"floor":12,"key":"Boot"},{"floor":13,"key":"Odd Mushroom"},{"floor":22,"key":"Red Mask"},{"floor":25,"key":"Pocketwatch"},{"floor":26,"key":"Dream Catcher"}],"event_choices":[{"damage_healed":0,"gold_gain":0,"player_choice":"Box","damage_taken":0,"relics_obtained":["Ice Cream"],"max_hp_gain":0,"max_hp_loss":0,"event_name":"Big Fish","floor":3,"gold_loss":0,"cards_obtained":["Regret"]},{"damage_healed":0,"gold_gain":0,"player_choice":"Fought Mushrooms","damage_taken":0,"max_hp_gain":0,"max_hp_loss":0,"event_name":"Mushrooms","floor":13,"gold_loss":0},{"damage_healed":0,"gold_gain":0,"player_choice":"Fought Bandits","damage_taken":0,"max_hp_gain":0,"max_hp_loss":0,"event_name":"Masked Bandits","floor":22,"gold_loss":0}],"is_beta":false,"boss_relics":[{"not_picked":["SacredBark","Runic Dome"],"picked":"Snecko Eye"}],"items_purged_floors":[5,19],"is_endless":false,"potions_floor_spawned":[12,13,16,20,22,25],"killed_by":"Book of Stabbing","ascension_level":3}}