{"host":"050ensmz1fh1c58u","time":1613562702,"event":{"mods":["BaseMod","Downfall","Gremlin Mod","Minty Spire (QoL Compilation)","READ ME - Guardian Mod","StSLib","The Animator","The Bug Knight","The Cursed","The Disciple","The Servant 0.9.4"],"gold_per_floor":[99,116,101,112,132,132,180,206,206,239,259,292,292,308,327,430,430,430,450,466,466,478,507,507,517,527,527,541,229,261,261,273,377,427,327,338,349,433,448,466,511,511,545,345,377,427,427,457,470,470,470,470],"floor_reached":50,"language":"ENG","playtime":4326,"items_purged":[],"score":721,"play_id":"c1a9c29e-5029-40fe-b19b-60cf76818fb0","local_time":"20210217125142","daily_mods":["SealedDeck","Specialized","DeadlyEvents","Elite Swarm"],"is_ascension_mode":false,"campfire_choices":[{"data":"bronze:Terminator","floor":1,"key":"SMITH"},{"data":"bronze:FollowUp","floor":6,"key":"SMITH"},{"data":"bronze:SpaghettiCode","floor":9,"key":"SMITH"},{"data":"bronze:Mutator","floor":13,"key":"SMITH"},{"data":"bronze:Iterate","floor":18,"key":"SMITH"},{"data":"bronze:Separator","floor":27,"key":"SMITH"},{"floor":35,"key":"RECALL"},{"floor":44,"key":"REST"},{"data":"bronze:HardenedForm","floor":47,"key":"SMITH"}],"circlet_count":0,"master_deck":["bronze:WildBeam","bronze:WildBeam","bronze:WildBeam","bronze:WildBeam","bronze:Frontload","bronze:Safeguard","bronze:Boost+1","bronze:Repair","bronze:Frontload","bronze:Separator+1","bronze:Iterate+1","bronze:ChosenStrike","bronze:Terminator+1","bronze:Constructor","bronze:FollowUp+1","bronze:SpaghettiCode+1","bronze:Mutator+1","bronze:FollowUp+1","bronze:ForceShield","bronze:Optimize+1","bronze:HardenedForm","bronze:HardenedForm+1","bronze:Verify","bronze:Iterate+1","bronze:HardenedForm"],"relics":["bronze:BronzeCore","Lantern","InkBottle","bronze:CableSpool","Letter Opener","Philosopher\u0027s Stone","White Beast Statue","Guardian:GemstoneGun","Ginger","bronze:BronzeIdol","Tiny House","downfall:HeartBlessingGreen","bronze:DecasWashers","downfall:HeartBlessingBlue","downfall:HeartBlessingRed","Toy Ornithopter","Incense Burner","Bronze Scales"],"acts_visited":["Exordium","TheCity","TheBeyond"],"potions_floor_usage":[12,16,26,30,30,33,37,38,39,45,48,49,50,50],"damage_taken":[{"damage":0,"enemies":"Small Slimes","floor":2,"turns":3},{"damage":0,"enemies":"downfall:FleeingMerchant","floor":3,"turns":4},{"damage":5,"enemies":"Jaw Worm","floor":4,"turns":4},{"damage":0,"enemies":"2 Louse","floor":5,"turns":2},{"damage":0,"enemies":"Gremlin Nob","floor":8,"turns":2},{"damage":9,"enemies":"3 Sentries","floor":10,"turns":6},{"damage":0,"enemies":"Looter","floor":11,"turns":1},{"damage":5,"enemies":"Gremlin Nob","floor":12,"turns":3},{"damage":0,"enemies":"3 Louse","floor":14,"turns":1},{"damage":0,"enemies":"Red Slaver","floor":15,"turns":1},{"damage":10,"enemies":"IC_STATUS_ARCHETYPE","floor":16,"turns":6},{"damage":0,"enemies":"Shell Parasite","floor":19,"turns":3},{"damage":0,"enemies":"downfall:LooterAlt2","floor":20,"turns":1},{"damage":0,"enemies":"Sentry and Sphere","floor":22,"turns":3},{"damage":0,"enemies":"Book of Stabbing","floor":23,"turns":5},{"damage":0,"enemies":"Centurion and Healer","floor":25,"turns":2},{"damage":0,"enemies":"3 Cultists","floor":26,"turns":1},{"damage":0,"enemies":"Cultist and Chosen","floor":28,"turns":3},{"damage":0,"enemies":"downfall:FleeingMerchant","floor":29,"turns":4},{"damage":9,"enemies":"Slavers","floor":30,"turns":4},{"damage":0,"enemies":"Sentry and Sphere","floor":32,"turns":4},{"damage":8,"enemies":"DF_ARCHETYPE_CLAW","floor":33,"turns":8},{"damage":0,"enemies":"Orb Walker","floor":36,"turns":1},{"damage":30,"enemies":"3 Darklings","floor":37,"turns":8},{"damage":0,"enemies":"downfall:FleeingMerchant","floor":38,"turns":4},{"damage":15,"enemies":"Jaw Worm Horde","floor":39,"turns":4},{"damage":42,"enemies":"Transient","floor":40,"turns":5},{"damage":38,"enemies":"HollowMod:StalkingDevout","floor":43,"turns":6},{"damage":22,"enemies":"Nemesis","floor":45,"turns":5},{"damage":0,"enemies":"Nemesis","floor":46,"turns":4},{"damage":38,"enemies":"Reptomancer","floor":48,"turns":4},{"damage":3,"enemies":"3 Darklings","floor":49,"turns":4},{"damage":73,"enemies":"WA_ARCHETYPE_DIVINITY","floor":50,"turns":5}],"seed_played":"-7991099506272597490","potions_obtained":[{"floor":4,"key":"AttackPotion"},{"floor":5,"key":"Weak Potion"},{"floor":10,"key":"SkillPotion"},{"floor":12,"key":"SteroidPotion"},{"floor":20,"key":"LiquidMemories"},{"floor":26,"key":"Energy Potion"},{"floor":28,"key":"bronze:FreeFunctionsPotion"},{"floor":30,"key":"Swift Potion"},{"floor":31,"key":"CultistPotion"},{"floor":33,"key":"Explosive Potion"},{"floor":37,"key":"Swift Potion"},{"floor":38,"key":"bronze:FreeFunctionsPotion"},{"floor":39,"key":"PowerPotion"},{"floor":45,"key":"Ancient Potion"},{"floor":48,"key":"Dexterity Potion"},{"floor":49,"key":"PowerPotion"}],"is_trial":true,"path_per_floor":["R","M","$","M","M","R","T","E","R","E","M","E","R","M","M","B",null,"R","M","M","?","M","E","T","M","M","R","M","$","E","?","M","B",null,"R","M","M","$","M","M","T","?","E","R","E","?","R","E","M","B"],"character_chosen":"THE_AUTOMATON","items_purchased":["Ginger","bronze:DecasWashers"],"campfire_rested":1,"item_purchase_floors":[29,38],"current_hp_per_floor":[70,70,70,65,70,70,70,70,70,68,68,70,70,70,70,60,70,70,70,70,70,70,70,70,70,70,70,70,70,61,61,70,62,75,75,75,45,52,47,15,15,85,54,92,73,80,80,47,56,0,0,0],"gold":470,"neow_bonus":"","is_daily":false,"chose_seed":false,"campfire_upgraded":7,"win_rate":0.0,"timestamp":1613562702,"path_taken":["R","M","$","M","M","R","T","E","R","E","M","E","R","M","M","BOSS","R","M","M","?","M","E","T","M","M","R","M","$","E","?","M","BOSS","R","M","M","$","M","M","T","?","E","R","E","?","R","E","M","BOSS"],"items_purchased_type":["Relic","Relic"],"build_version":"2020-12-22","purchased_purges":0,"victory":false,"max_hp_per_floor":[70,70,70,70,70,70,70,70,70,70,70,70,70,70,70,70,70,70,70,70,70,70,70,70,70,70,70,70,70,70,70,70,70,75,75,75,75,75,75,75,75,85,85,95,95,95,95,95,95,95,95,95],"card_choices":[{"not_picked":["bronze:Deprecate","bronze:WhirlingStrike","bronze:WildBeam"],"picked":"SKIP","floor":2},{"not_picked":["bronze:Repair","bronze:BuggyMess","bronze:ChildClass"],"picked":"SKIP","floor":3},{"not_picked":["bronze:Fortify","bronze:Separator","bronze:CloningBeam"],"picked":"SKIP","floor":4},{"not_picked":["bronze:Optimize","bronze:BuggyMess"],"picked":"bronze:FollowUp","floor":5},{"not_picked":["bronze:HyperBeam","bronze:RecursiveStrike"],"picked":"bronze:SpaghettiCode","floor":8},{"not_picked":["bronze:FindAndReplace","bronze:BurnOut"],"picked":"bronze:Format","floor":10},{"not_picked":["bronze:WhirlingStrike","bronze:Constructor","bronze:Allocate"],"picked":"SKIP","floor":11},{"not_picked":["bronze:CleanCode","bronze:RecursiveStrike"],"picked":"bronze:Mutator","floor":12},{"not_picked":["bronze:DelayedSlice","bronze:Branch","bronze:Iterate"],"picked":"SKIP","floor":14},{"not_picked":["bronze:Branch","bronze:Philosophize","bronze:ForLoop"],"picked":"SKIP","floor":15},{"not_picked":["bronze:OilSpill","bronze:WhirlingStrike","bronze:Repulsor+1"],"picked":"SKIP","floor":19},{"not_picked":["bronze:MaxOutput","bronze:ChildClass"],"picked":"bronze:FollowUp+1","floor":20},{"not_picked":["bronze:ChildClass+1","bronze:Iterate","bronze:CutThrough+1"],"picked":"SKIP","floor":22},{"not_picked":["bronze:RecursiveStrike","bronze:ShipIt","bronze:ThunderWave"],"picked":"SKIP","floor":23},{"not_picked":["bronze:Frontload","bronze:WhirlingStrike"],"picked":"bronze:ForceShield","floor":25},{"not_picked":["bronze:ClassDefault","bronze:Deprecate","bronze:Allocate"],"picked":"SKIP","floor":26},{"not_picked":["bronze:WildBeam","bronze:MaxOutput","bronze:Overheat"],"picked":"SKIP","floor":28},{"not_picked":["bronze:Frontload","bronze:ForLoop"],"picked":"bronze:Optimize+1","floor":29},{"not_picked":["bronze:Mutator","bronze:BurnOut"],"picked":"bronze:HardenedForm","floor":30},{"not_picked":["bronze:ItsAFeature+1","bronze:Deprecate","bronze:Turbo"],"picked":"SKIP","floor":32},{"not_picked":["bronze:BurnOut","bronze:Mutator"],"picked":"bronze:HardenedForm","floor":33},{"not_picked":["bronze:Separator+1","bronze:DelayedSlice+1","bronze:Flail"],"picked":"SKIP","floor":36},{"not_picked":["bronze:CutThrough","bronze:Overload","bronze:ItsAFeature+1"],"picked":"SKIP","floor":37},{"not_picked":["bronze:OilSpill","bronze:DelayedGuard","bronze:ItsAFeature+1"],"picked":"SKIP","floor":38},{"not_picked":["bronze:Safeguard+1","bronze:DelayedSlice+1","bronze:FineTuning"],"picked":"SKIP","floor":39},{"not_picked":["bronze:BitShift+1","bronze:Invalidate","bronze:NullPointer+1"],"picked":"SKIP","floor":40},{"not_picked":["bronze:HyperBeam","bronze:FindAndReplace"],"picked":"bronze:Verify","floor":43},{"not_picked":["bronze:AlphaBuild","bronze:ShipIt","bronze:CleanCode"],"picked":"SKIP","floor":45},{"not_picked":["bronze:Deprecate","bronze:DelayedSlice+1"],"picked":"bronze:Iterate+1","floor":46},{"not_picked":["bronze:CleanCode","bronze:ThunderWave"],"picked":"bronze:HardenedForm","floor":48},{"not_picked":["bronze:BuggyMess+1","bronze:BronzeOrb+1","bronze:Separator"],"picked":"SKIP","floor":49}],"player_experience":1648278,"relics_obtained":[{"floor":7,"key":"Lantern"},{"floor":8,"key":"InkBottle"},{"floor":10,"key":"bronze:CableSpool"},{"floor":12,"key":"Letter Opener"},{"floor":23,"key":"White Beast Statue"},{"floor":24,"key":"Guardian:GemstoneGun"},{"floor":30,"key":"bronze:BronzeIdol"},{"floor":45,"key":"Toy Ornithopter"},{"floor":46,"key":"Incense Burner"},{"floor":48,"key":"Bronze Scales"}],"event_choices":[],"is_beta":false,"boss_relics":[{"not_picked":["Velvet Choker","SlaversCollar"],"picked":"Philosopher\u0027s Stone"},{"not_picked":["Runic Dome","Snecko Eye"],"picked":"Tiny House"}],"items_purged_floors":[],"is_endless":false,"potions_floor_spawned":[4,5,10,12,15,20,25,26,28,29,30,32,33,36,37,38,39,40,43,45,46,48,49],"killed_by":"WA_ARCHETYPE_DIVINITY","ascension_level":0}}