{"host":"xltl1aroowo69o4n","time":1613544498,"event":{"mods":["BaseMod","Colored Map","Colored Powertips","Downfall","Marisa????????","Minty Spire (QoL Compilation)","Replay The Spire","StSLib","The Cursed","The Hierophant","The Mystic","The Necromancer","The Servant 0.9.4"],"gold_per_floor":[116,135,210,210,310,310,324,358,358,0,13,13,13,36,36,60,60,180,180,196,220,220,235,260,260,260,260],"floor_reached":26,"language":"ENG","playtime":1143,"items_purged":["Injury"],"score":210,"play_id":"7ffd6fbe-1332-4b36-8321-96c944900bc7","local_time":"20210217014818","is_ascension_mode":false,"campfire_choices":[{"data":"mysticmod:HeavyStrike","floor":6,"key":"SMITH"},{"floor":15,"key":"REST"},{"floor":17,"key":"REST"},{"floor":25,"key":"REST"}],"circlet_count":0,"master_deck":["mysticmod:Strike_Mystic","mysticmod:Strike_Mystic","mysticmod:Strike_Mystic","mysticmod:Strike_Mystic","mysticmod:Defend_Mystic","mysticmod:Defend_Mystic","mysticmod:Defend_Mystic","mysticmod:Defend_Mystic","mysticmod:ArcaneDodge","mysticmod:ShockingGrasp+1","mysticmod:LightningBolt","mysticmod:HeavyStrike+1","mysticmod:Disengage","mysticmod:Probe","Chrysalis","mysticmod:StyleChange","mysticmod:StyleChange","mysticmod:PowerSlash","mysticmod:MagicWeapon","mysticmod:Stoneskin","mysticmod:Momentum","mysticmod:Shield+1","mysticmod:RapidCaster","mysticmod:IllusionOfCalm+1","mysticmod:TomeOfSpells+1"],"relics":["mysticmod:SpellBook","Golden Idol","StoneCalendar","Gambling Chip","Membership Card","Sozu","MutagenicStrength"],"acts_visited":["Exordium","TheCity"],"potions_floor_usage":[8,11,14,18,24],"damage_taken":[{"damage":0,"enemies":"Small Slimes","floor":1,"turns":3},{"damage":0,"enemies":"Jaw Worm","floor":2,"turns":5},{"damage":10,"enemies":"Cultist","floor":7,"turns":4},{"damage":21,"enemies":"Gremlin Nob","floor":8,"turns":5},{"damage":11,"enemies":"Gremlin Gang","floor":11,"turns":4},{"damage":1,"enemies":"3 Louse","floor":14,"turns":3},{"damage":10,"enemies":"Exordium Wildlife","floor":16,"turns":4},{"damage":13,"enemies":"The Guardian","floor":18,"turns":9},{"damage":14,"enemies":"2 Thieves","floor":20,"turns":4},{"damage":18,"enemies":"3 Byrds","floor":21,"turns":5},{"damage":24,"enemies":"Centurion and Healer","floor":23,"turns":5},{"damage":17,"enemies":"Cultist and Chosen","floor":24,"turns":6},{"damage":27,"enemies":"3 Cultists","floor":26,"turns":4}],"seed_played":"-6830524294649417412","potions_obtained":[{"floor":1,"key":"Weak Potion"},{"floor":8,"key":"Block Potion"},{"floor":14,"key":"hexamod:SoulburnPotion"},{"floor":18,"key":"Weak Potion"}],"is_trial":false,"path_per_floor":["M","M","?","?","?","R","M","E","T","$","M","PTL","PTL","M","R","M","R","B",null,"M","M","?","M","M","R","M"],"character_chosen":"MYSTIC_CLASS","items_purchased":["Membership Card","Chrysalis","mysticmod:StyleChange","ColorlessPotion"],"campfire_rested":3,"item_purchase_floors":[10,10,10,10],"current_hp_per_floor":[77,77,66,66,66,66,56,35,35,35,24,24,24,23,46,36,59,46,77,63,45,45,21,4,27,0,0],"gold":260,"neow_bonus":"RANDOM_EVENT","is_daily":false,"chose_seed":false,"campfire_upgraded":1,"win_rate":0.0,"timestamp":1613544498,"path_taken":["M","M","?","?","?","R","?","E","T","$","M","PTL","PTL","M","R","M","R","BOSS","M","?","?","M","M","R","M"],"items_purchased_type":["Relic","Card","Card","Potion"],"build_version":"2020-12-13","purchased_purges":1,"victory":false,"max_hp_per_floor":[77,77,77,77,77,77,77,77,77,77,77,77,77,77,77,77,77,77,77,77,77,77,77,77,77,77,77],"card_choices":[{"not_picked":["mysticmod:HunkerDown","mysticmod:TomeOfSpells"],"picked":"mysticmod:LightningBolt","floor":1},{"not_picked":["mysticmod:Shield","mysticmod:Natural20"],"picked":"mysticmod:HeavyStrike","floor":2},{"not_picked":["mysticmod:CorrosiveTouch","mysticmod:Shield"],"picked":"mysticmod:Disengage","floor":7},{"not_picked":["mysticmod:TomeOfSpells","mysticmod:LightningBolt"],"picked":"mysticmod:Probe","floor":8},{"not_picked":["mysticmod:ComponentsPouch","mysticmod:Flurry"],"picked":"mysticmod:PowerSlash","floor":11},{"not_picked":["mysticmod:Sideswipe","mysticmod:Shield"],"picked":"mysticmod:MagicWeapon","floor":14},{"not_picked":["mysticmod:VorpalThrust","mysticmod:Fireball"],"picked":"mysticmod:Stoneskin","floor":16},{"not_picked":["mysticmod:Discipline","mysticmod:Spellstrike"],"picked":"mysticmod:Momentum","floor":18},{"not_picked":["mysticmod:BulkUp","mysticmod:Disengage"],"picked":"mysticmod:Shield+1","floor":20},{"not_picked":["mysticmod:SuddenClarity","mysticmod:CorrosiveTouch"],"picked":"mysticmod:RapidCaster","floor":21},{"not_picked":["mysticmod:HeavyStrike+1","mysticmod:DiviningBlow"],"picked":"mysticmod:IllusionOfCalm+1","floor":23},{"not_picked":["mysticmod:RapidCaster","mysticmod:MagicMissile"],"picked":"mysticmod:TomeOfSpells+1","floor":24}],"player_experience":205844,"relics_obtained":[{"floor":8,"key":"StoneCalendar"},{"floor":9,"key":"Gambling Chip"}],"event_choices":[{"damage_healed":0,"gold_gain":0,"player_choice":"Grow","damage_taken":0,"max_hp_gain":0,"max_hp_loss":0,"event_name":"Living Wall","floor":0,"gold_loss":0,"cards_upgraded":["mysticmod:ShockingGrasp"]},{"damage_healed":0,"gold_gain":75,"player_choice":"Gather Gold","damage_taken":11,"max_hp_gain":0,"max_hp_loss":0,"event_name":"World of Goop","floor":3,"gold_loss":0},{"damage_healed":0,"gold_gain":0,"player_choice":"Take Wound","damage_taken":0,"relics_obtained":["Golden Idol"],"max_hp_gain":0,"max_hp_loss":0,"event_name":"Golden Idol","floor":4,"gold_loss":0,"cards_obtained":["Injury"]},{"damage_healed":0,"gold_gain":100,"player_choice":"Gold","damage_taken":0,"max_hp_gain":0,"max_hp_loss":0,"event_name":"Wheel of Change","floor":5,"gold_loss":0},{"damage_healed":0,"gold_gain":0,"player_choice":"Inject Mutagens","damage_taken":0,"relics_obtained":["MutagenicStrength"],"max_hp_gain":0,"max_hp_loss":0,"event_name":"Drug Dealer","floor":22,"gold_loss":0}],"is_beta":false,"boss_relics":[{"not_picked":["Painkiller Herb","mysticmod:DeckOfManyThings"],"picked":"Sozu"}],"items_purged_floors":[10],"is_endless":false,"potions_floor_spawned":[1,8,14,18,23,24],"killed_by":"3 Cultists","ascension_level":0}}