{"host":"pi8b3ffzwvxqztac","time":1613527976,"event":{"mods":["BaseMod","Colored Map","Custom Start","Downfall","Minty Spire (QoL Compilation)","StSLib"],"gold_per_floor":[99,113,113,125,144,44,68,68,95,5,5,0,0,20,32,32,32,32],"floor_reached":16,"language":"ENG","playtime":729,"items_purged":["Pain"],"score":155,"play_id":"dd5d20c0-0759-4484-bbef-00a45a21efd6","local_time":"20210217151256","is_ascension_mode":true,"campfire_choices":[{"floor":1.0,"key":"RECALL"},{"data":"bronze:Replicate","floor":6.0,"key":"SMITH"},{"floor":11.0,"key":"REST"},{"data":"bronze:Iterate","floor":13.0,"key":"SMITH"}],"circlet_count":0,"master_deck":["AscendersBane","bronze:Strike","bronze:Strike","bronze:Strike","bronze:Strike","bronze:Defend","bronze:Defend","bronze:Defend","bronze:Defend","bronze:Replicate+1","bronze:Goto+1","bronze:DelayedGuard","bronze:Refactor","bronze:DelayedGuard","bronze:Iterate+1","bronze:Philosophize"],"relics":["bronze:BronzeCore","WarpedTongs","downfall:HeartBlessingRed","Blood Vial","StoneCalendar"],"acts_visited":["Exordium"],"potions_floor_usage":[],"damage_taken":[{"damage":3.0,"enemies":"Jaw Worm","floor":2.0,"turns":4.0},{"damage":3.0,"enemies":"Cultist","floor":4.0,"turns":4.0},{"damage":9.0,"enemies":"Small Slimes","floor":5.0,"turns":4.0},{"damage":27.0,"enemies":"3 Sentries","floor":9.0,"turns":8.0},{"damage":9.0,"enemies":"downfall:FleeingMerchant","floor":10.0,"turns":4.0},{"damage":0.0,"enemies":"downfall:FleeingMerchant","floor":12.0,"turns":4.0},{"damage":0.0,"enemies":"2 Fungi Beasts","floor":14.0,"turns":2.0},{"damage":0.0,"enemies":"Exordium Wildlife","floor":15.0,"turns":3.0},{"damage":59,"enemies":"WA_ARCHETYPE_RETAIN","floor":16,"turns":6}],"seed_played":"-8495553990832307772","potions_obtained":[{"floor":4.0,"key":"hexamod:SoulburnPotion"},{"floor":5.0,"key":"Ancient Potion"},{"floor":15.0,"key":"Fruit Juice"}],"is_trial":false,"path_per_floor":["R","M","?","M","M","R","T","?","E","$","R","$","R","M","M","B"],"character_chosen":"THE_AUTOMATON","items_purchased":[],"campfire_rested":1,"item_purchase_floors":[],"current_hp_per_floor":[63,60,60,57,48,48,48,48,23,16,37,39,39,41,48,0,0,0],"gold":32,"neow_bonus":"UPGRADE_CARD","is_daily":false,"chose_seed":false,"campfire_upgraded":2,"win_rate":0.0,"timestamp":1613527976,"path_taken":["R","M","?","M","?","R","T","?","E","$","R","$","R","M","M","BOSS"],"items_purchased_type":[],"build_version":"2020-12-22","purchased_purges":1,"victory":false,"max_hp_per_floor":[70,70,70,70,70,70,70,70,70,70,70,70,70,70,75,75,75,75],"card_choices":[{"not_picked":["bronze:FineTuning","bronze:ItsAFeature"],"picked":"bronze:DelayedGuard","floor":2.0},{"not_picked":["bronze:Separator","bronze:BugBarrage"],"picked":"bronze:Refactor","floor":4.0},{"not_picked":["bronze:Invalidate","bronze:Allocate","bronze:BitShift"],"picked":"SKIP","floor":5.0},{"not_picked":["bronze:OilSpill","bronze:AlphaBuild"],"picked":"bronze:DelayedGuard","floor":9.0},{"not_picked":["bronze:DarkDash","bronze:FineTuning","bronze:Overload"],"picked":"SKIP","floor":10.0},{"not_picked":["bronze:Allocate","bronze:BuggyMess"],"picked":"bronze:Iterate","floor":12.0},{"not_picked":["bronze:CloningBeam","bronze:BuggyMess","bronze:BronzeArmor"],"picked":"SKIP","floor":14.0},{"not_picked":["bronze:WhirlingStrike","bronze:Fortify"],"picked":"bronze:Philosophize","floor":15.0}],"player_experience":810608,"relics_obtained":[{"floor":7.0,"key":"Blood Vial"},{"floor":9.0,"key":"StoneCalendar"}],"event_choices":[],"is_beta":false,"boss_relics":[],"items_purged_floors":[10],"is_endless":false,"potions_floor_spawned":[4,5,15],"killed_by":"WA_ARCHETYPE_RETAIN","ascension_level":11}}