{"host":"a3gu5zu37ht99mpa","time":1613603823,"event":{"mods":["100% Spire Juice","Act Like it!","BaseMod","Better Silent Start","Better Third Choice","BetterRewards","Conspire","Downfall","Energized Spire","GifTheSpireLib","Gold Saver","Halation","JesterMod","Lobotomy","LobotomyExtend","Luminous","Minty Spire (QoL Compilation)","Reliquary","StSLib","Stuff the Spire","The Animator","The Gatherer","Virulent Crown","Wandering Minibosses","yUi","??????REMEMod"],"gold_per_floor":[119,119,119,171,190,190,213,213,213,58,74,93,117,117,117],"floor_reached":14,"language":"ENG","playtime":638,"items_purged":[],"score":82,"play_id":"15c7c6f8-dbde-4e2c-9014-59d91ab7c49a","local_time":"20210217181703","is_ascension_mode":false,"campfire_choices":[{"data":"REME_DataAnalysis","floor":6.0,"key":"SMITH"}],"circlet_count":0,"master_deck":["Strike_B","Strike_B","Strike_B","Strike_B","Defend_B","Defend_B","Defend_B","Defend_B","Zap","Dualcast","Bloodbath","REME_DataAnalysis+1","BeautyBeast","Go for the Eyes","REME_DataAnalysis","MeatLantern","Leap","CENSORED","Defragment","Laetitia","Electrodynamics","StuffTheSpire:Plugnplay","NakedNest"],"relics":["Cracked Core","REME_ComplimentaryCards","CogitoBucket","LetterFromLob","Golden Idol","Boot","Chemical X","HellTrain"],"acts_visited":["Exordium"],"potions_floor_usage":[12,13],"damage_taken":[{"damage":0.0,"enemies":"Cultist","floor":1.0,"turns":4.0},{"damage":10.0,"enemies":"Small Slimes","floor":5.0,"turns":3.0},{"damage":0.0,"enemies":"Jaw Worm","floor":7.0,"turns":3.0},{"damage":4,"enemies":"Large Slime","floor":11,"turns":6},{"damage":0,"enemies":"Exordium Wildlife","floor":12,"turns":6},{"damage":21,"enemies":"Blue Slaver","floor":13,"turns":7},{"damage":40,"enemies":"Lagavulin","floor":14,"turns":5}],"seed_played":"4380097014641491409","potions_obtained":[{"floor":7.0,"key":"SkillPotion"},{"floor":12,"key":"REME_GoldPotion"}],"is_trial":false,"path_per_floor":["M","?","?","T","M","R","M","?","T","$","M","M","M","E"],"character_chosen":"DEFECT","items_purchased":["Chemical X"],"campfire_rested":0,"item_purchase_floors":[10],"current_hp_per_floor":[75,75,57,57,48,48,50,50,50,50,46,48,35,0,0],"gold":117,"neow_bonus":"","is_daily":false,"chose_seed":false,"campfire_upgraded":1,"win_rate":0.0,"timestamp":1613603823,"path_taken":["M","?","?","?","M","R","M","?","T","$","M","?","M","E"],"items_purchased_type":["Relic"],"build_version":"2020-12-22","purchased_purges":0,"victory":false,"max_hp_per_floor":[75,75,75,75,75,75,75,75,75,75,75,75,75,75,75],"card_choices":[{"not_picked":["CherryBlossoms","Wellcheers"],"picked":"Bloodbath","floor":1.0},{"not_picked":["Go for the Eyes","Steam"],"picked":"REME_DataAnalysis","floor":1.0},{"not_picked":["Scorched","Wellcheers"],"picked":"BeautyBeast","floor":5.0},{"not_picked":["Double Energy","Barrage"],"picked":"Go for the Eyes","floor":5.0},{"not_picked":["Streamline","REME_SelfUpgrade"],"picked":"REME_DataAnalysis","floor":7.0},{"not_picked":["Variant","VoidDream"],"picked":"MeatLantern","floor":7.0},{"not_picked":["REME_Compress","Chaos"],"picked":"Leap","floor":11},{"not_picked":["LongBird","DespairKnight"],"picked":"CENSORED","floor":11},{"not_picked":["FTL","Gash"],"picked":"Defragment","floor":12},{"not_picked":["GreedKing","VoidDream"],"picked":"Laetitia","floor":12},{"not_picked":["Leap","Cold Snap"],"picked":"StuffTheSpire:Plugnplay","floor":13},{"not_picked":["DreamingCurrent","LittleHelper"],"picked":"NakedNest","floor":13}],"player_experience":103545,"relics_obtained":[{"floor":1.0,"key":"LetterFromLob"},{"floor":4.0,"key":"Boot"}],"event_choices":[{"damage_healed":0.0,"max_hp_gain":0.0,"max_hp_loss":0.0,"gold_gain":0.0,"event_name":"Golden Wing","player_choice":"Ignored","floor":2.0,"gold_loss":0.0,"damage_taken":0.0},{"damage_healed":0.0,"max_hp_gain":0.0,"max_hp_loss":0.0,"gold_gain":0.0,"event_name":"Golden Idol","player_choice":"Take Damage","floor":3.0,"gold_loss":0.0,"damage_taken":18.0,"relics_obtained":["Golden Idol"]},{"damage_healed":0.0,"max_hp_gain":0.0,"max_hp_loss":0.0,"gold_gain":0.0,"event_name":"conspire:Investor","player_choice":"Leave","floor":8.0,"gold_loss":0.0,"damage_taken":0.0}],"is_beta":false,"boss_relics":[],"items_purged_floors":[],"is_endless":false,"potions_floor_spawned":[7,12],"killed_by":"Lagavulin","ascension_level":0}}