{"host":"m6rwrrl4vtok99e8","time":1613562864,"event":{"mods":["ATMod(??Mod)","Act Like it!","Arknights","Aspiration","BaseMod","Colored Powertips","Downfall","GungeonMod","Koishi","KomeijiMod","LagranYue(???·?)","Lobotomy","Marisa????????","Minty Spire (QoL Compilation)","Quick Restart","Relic Stats","Reliquary","Remilia??????","Replay The Spire","Spicy Shops","StSLib","The Bug Knight","The Hierophant","The Servant 0.9.4","Waifu the Spire","WarShipGirlsR/????R mod","Yakumo Yukari mod","Youmu??????","Yuyuko"],"gold_per_floor":[117,117,79,79,79,79,4,4,4,4,23,37,67,82,82,180,180,190,190,206,206,206],"floor_reached":21,"language":"ZHS","playtime":1193,"items_purged":["DemoMod:Strike_Huntress"],"score":177,"play_id":"4753d10b-c73c-4ae3-9f1d-d59bd1a9d5f2","local_time":"20210217195424","is_ascension_mode":false,"campfire_choices":[{"data":"DemoMod:ManualReload","floor":6.0,"key":"SMITH"},{"data":"DemoMod:CrossBow","floor":8.0,"key":"SMITH"},{"floor":15,"key":"REST"}],"circlet_count":0,"master_deck":["DemoMod:Strike_Huntress","DemoMod:Strike_Huntress","DemoMod:Defend_Huntress+1","DemoMod:Defend_Huntress","DemoMod:Defend_Huntress","DemoMod:Defend_Huntress","DemoMod:Roll","DemoMod:ManualReload+1","DemoMod:RustySidearm+1","DemoMod:CrossBow+1","DemoMod:TeaPot","DemoMod:CombinedRifle+1","OSAHOGD","SnowQueen","DemoMod:PotionOfGunFriendShip","BeautyBeast","DemoMod:DarkMarker","DemoMod:BlankBullets"],"relics":["DemoMod:Dog","AT_ATBox","LagranYue:RandomDrawCardRelic","reliquary:TatteredRug","reliquary:Buckler","Black Star","Nloth\u0027s Gift"],"acts_visited":["Exordium","TheCity"],"potions_floor_usage":[],"damage_taken":[{"damage":0.0,"enemies":"Small Slimes","floor":1.0,"turns":4.0},{"damage":0.0,"enemies":"ats:Genji","floor":11.0,"turns":1.0},{"damage":0.0,"enemies":"2 Louse","floor":12.0,"turns":1.0},{"damage":6,"enemies":"Replay:BlueRogue","floor":13,"turns":7},{"damage":0,"enemies":"Lots of Slimes","floor":14,"turns":4},{"damage":23,"enemies":"Fading Forest","floor":16,"turns":11},{"damage":21,"enemies":"3 Byrds","floor":18,"turns":5},{"damage":37,"enemies":"Snake Plant","floor":20,"turns":5},{"damage":22,"enemies":"Centurion and Healer","floor":21,"turns":3}],"seed_played":"9101613525459915968","potions_obtained":[{"floor":1.0,"key":"Fire Potion"}],"is_trial":false,"path_per_floor":["M","?","$","?","?","R","$","R","T","$","M","M","E","M","R","B",null,"M","?","M","M"],"character_chosen":"HUNTRESS","items_purchased":["DemoMod:CombinedRifle"],"campfire_rested":1,"item_purchase_floors":[3],"current_hp_per_floor":[70,45,45,50,50,50,50,50,50,50,50,50,44,44,66,67,75,54,54,17,0,0],"gold":206,"neow_bonus":"","is_daily":false,"chose_seed":false,"campfire_upgraded":2,"win_rate":0.0,"timestamp":1613562864,"path_taken":["M","?","$","?","?","R","?","R","T","$","M","?","E","M","R","BOSS","M","?","?","M"],"items_purchased_type":["Card"],"build_version":"2020-12-22","purchased_purges":1,"victory":false,"max_hp_per_floor":[70,70,70,75,75,75,75,75,75,75,75,75,75,75,75,75,75,75,75,75,75,75],"relic_stats":{"counters":[10,42],"Black Star":0,"Nloth\u0027s Gift":0,"obtain_stats":[{"CogitoBucket":0,"AT_ATBox":0,"DemoMod:Dog":0,"LagranYue:RandomDrawCardRelic":0,"reliquary:Buckler":13,"DemoMod:GlassGuonStoneRelic":1,"reliquary:TatteredRug":2,"Black Star":17,"Nloth\u0027s Gift":19},{"CogitoBucket":0,"AT_ATBox":0,"DemoMod:Dog":0,"LagranYue:RandomDrawCardRelic":0,"reliquary:Buckler":4,"DemoMod:GlassGuonStoneRelic":1,"reliquary:TatteredRug":1,"Black Star":6,"Nloth\u0027s Gift":8},{"CogitoBucket":0,"AT_ATBox":0,"DemoMod:Dog":0,"LagranYue:RandomDrawCardRelic":0,"reliquary:Buckler":13,"DemoMod:GlassGuonStoneRelic":4,"reliquary:TatteredRug":4,"Black Star":28,"Nloth\u0027s Gift":34}]},"card_choices":[{"not_picked":["DemoMod:Ejector","DemoMod:FastSwitch"],"picked":"DemoMod:TeaPot","floor":1.0},{"not_picked":["QueenBee","VoidDream"],"picked":"OSAHOGD","floor":11.0},{"not_picked":["DemoMod:CombinedRifle","DemoMod:ConditionalReflex","DemoMod:DoubleSwitch"],"picked":"SKIP","floor":11.0},{"not_picked":["Scorched","BeautyBeast"],"picked":"SnowQueen","floor":12.0},{"not_picked":["DemoMod:AbyssalTentacle","DemoMod:DoubleSwitch"],"picked":"DemoMod:PotionOfGunFriendShip","floor":12.0},{"not_picked":["ShyLook","Porccubus"],"picked":"BeautyBeast","floor":13},{"not_picked":["DemoMod:Purify","DemoMod:FortunesFavor"],"picked":"DemoMod:DarkMarker","floor":13},{"not_picked":["DemoMod:SniperShot","DemoMod:Purify","DemoMod:BoxingGlove"],"picked":"SKIP","floor":14},{"not_picked":["DemoMod:ThirdPartyController","DemoMod:DarkMarker"],"picked":"DemoMod:BlankBullets","floor":16},{"not_picked":["DemoMod:HungryBullets","DemoMod:SniperShot","DemoMod:MegaHand"],"picked":"SKIP","floor":18},{"not_picked":["DemoMod:Ejector+1","DemoMod:SkilledReload","DemoMod:ProbeStrike+1"],"picked":"SKIP","floor":20}],"player_experience":36350,"relics_obtained":[{"floor":13,"key":"reliquary:Buckler"}],"event_choices":[{"damage_healed":0.0,"max_hp_gain":0.0,"max_hp_loss":0.0,"gold_gain":0.0,"event_name":"Scrap Ooze","player_choice":"Success","floor":2.0,"gold_loss":0.0,"damage_taken":25.0,"relics_obtained":["reliquary:TatteredRug"]},{"damage_healed":0.0,"max_hp_gain":5.0,"max_hp_loss":0.0,"gold_gain":0.0,"event_name":"Big Fish","player_choice":"Donut","floor":4.0,"gold_loss":0.0,"damage_taken":0.0},{"damage_healed":0,"gold_gain":0,"player_choice":"Traded Relic","damage_taken":0,"relics_obtained":["Nloth\u0027s Gift"],"max_hp_gain":0,"max_hp_loss":0,"event_name":"N\u0027loth","floor":19,"relics_lost":["CogitoBucket"],"gold_loss":0}],"is_beta":false,"boss_relics":[{"not_picked":["reliquary:Ember","SlaversCollar"],"picked":"Black Star"}],"items_purged_floors":[7],"is_endless":false,"potions_floor_spawned":[1],"killed_by":"Centurion and Healer","ascension_level":0}}