{"host":"rdkn868dy8jmb7gs","time":1613574374,"event":{"mods":["Act Like it!","Arknights","BaseMod","BetterRewards","Colored Map","Colored Powertips","Custom Start","Gensokyo","Hubris","Marisa£®ÏF”Í°°ƒß¿Ì…≥£©","Minty Spire (QoL Compilation)","Reimu£®≤©¿ˆ¡È√Œ£©","Remilia£®¿Ÿ√◊¿Ú—«£©","Replay The Spire","Spicy Shops","StSLib","The Servant 0.9.4","Youmu£®ªÍ∆«—˝√Œ£©","°æ“≈ŒÔø®≈∆°øREMEMod","ÛÙª÷∏ƒœ"],"gold_per_floor":[116,135,135,135,149,177,177,206,206,233,233,319,319,342,342,465,465,481,92,92,174,174,174,292,319,319,503,383,504,504,641,641,846,846,871,871,950,950,1166,1265,1300,1347,1347,1429,797,913,343,378,378,378,378,378,8,48,66],"floor_reached":56,"language":"ZHS","playtime":2778,"items_purged":["PendulumOfEternity","ats:Strike V","ats:Strike S","hubris:Sloth","ReplayTheSpireMod:Splinters","Delirium","ats:Strike G"],"score":2093,"play_id":"b1c81e44-9a4d-42ae-b0f0-31480bf5be15","local_time":"20210217230614","is_ascension_mode":true,"campfire_choices":[{"data":"ats:Part Time Job","floor":7.0,"key":"SMITH"},{"data":"hubris:DuctTapeCard","floor":11.0,"key":"SMITH"},{"data":"ats:Durian","floor":13.0,"key":"SMITH"},{"data":"ats:Literary Storm","floor":15.0,"key":"SMITH"},{"data":"ats:Healing Strengthening","floor":23.0,"key":"SMITH"},{"data":"ats:Sashimi Platter","floor":30.0,"key":"SMITH"},{"data":"ats:Emotion Absorption","floor":32.0,"key":"SMITH"},{"floor":49,"key":"RECALL"},{"data":"ats:Echo Reverb","floor":52,"key":"SMITH"}],"circlet_count":0,"master_deck":["ats:Strike C","ats:Defend","ats:Defend","ats:Defend","ats:Defend","ats:Emotion Absorption+1","ats:Shell Defense","ats:Healing Strengthening+1","ats:Literary Storm+1","ats:Part Time Job+1","ats:Sashimi Platter+1","ats:Sashimi Platter","ats:Blood Oath+1","ats:Red Shift+1","ats:Thermite Blade+1","ats:Durian+1","ats:Shadow Assault+1","Specialist","ats:Assault Order","Vault+1","ats:Durian+1","ats:Closed Bolt Burst Fire+1","ats:Shadow Raid+1","Madness+1","ats:Volcano+1","Thinking Ahead","ats:Echo Reverb+1","REME_HeartOfCthun+1","hubris:DuctTapeCard","ats:Chain Hook+1","ats:Calcification"],"relics":["ats:Sanity","REME_ComplimentaryCards","Bird Faced Urn","Gambling Chip","ReplayFunnel","Blue Doll","Molten Egg 2","Strawberry","Gensokyo:Justice","ats:Originium","Bottled Flame","hubris:DuctTape","REME_HourglassOfDeath","REME_ArchaeologicalTools","ReplayTheSpireMod:Shallot","REME_LowDesire","Replay:Wax Seal","MealTicket","ats:Gyao","Replay:Baseball","Gensokyo:SongOfSouls","Pen Nib","Mercury Hourglass","Gensokyo:FoxMask","Orichalcum","Centennial Puzzle","Cursed Key","ats:Ability Aura","hubris:Reverence","Ice Cream","Vajra","Replay:Towering Pillar of Hats","Pet Ghost","Girya","Membership Card","Replay:Rubber Ducky","hubris:TenFootPole","PrismaticShard","hubris:TinFlute","Replay:Bottled Snecko","hubris:ToyBattleship"],"acts_visited":["Exordium","Gensokyo:Gensokyo","Gensokyo:Gensokyoer","TheEnding"],"potions_floor_usage":[44,46,55,55],"damage_taken":[{"damage":10.0,"enemies":"Gensokyo:3_Fairies","floor":1.0,"turns":7.0},{"damage":12.0,"enemies":"Gensokyo:Gryphon","floor":2.0,"turns":3.0},{"damage":0.0,"enemies":"Gensokyo:2_Kodama","floor":5.0,"turns":2.0},{"damage":11.0,"enemies":"Gensokyo:Aya","floor":6.0,"turns":5.0},{"damage":4.0,"enemies":"Gensokyo:Cirno","floor":8.0,"turns":4.0},{"damage":9.0,"enemies":"Gensokyo:Mamizou","floor":10.0,"turns":7.0},{"damage":0.0,"enemies":"Gensokyo:Cirno","floor":12.0,"turns":4.0},{"damage":17.0,"enemies":"Gensokyo:Gryphon_and_Rabbit","floor":14.0,"turns":2.0},{"damage":32.0,"enemies":"Gensokyo:Kokoro","floor":16.0,"turns":9.0},{"damage":7.0,"enemies":"Gensokyo:Chomper","floor":18.0,"turns":3.0},{"damage":5.0,"enemies":"Gensokyo:CosmicMonolith","floor":21.0,"turns":2.0},{"damage":28.0,"enemies":"Gensokyo:Reisen","floor":24.0,"turns":5.0},{"damage":25.0,"enemies":"Gensokyo:Wraith","floor":25.0,"turns":4.0},{"damage":30.0,"enemies":"Gensokyo:Koishi","floor":27.0,"turns":5.0},{"damage":20.0,"enemies":"Gensokyo:Reisen","floor":29.0,"turns":5.0},{"damage":35.0,"enemies":"Gensokyo:Tenshi","floor":31.0,"turns":5.0},{"damage":98.0,"enemies":"Gensokyo:Eternal_Rivals","floor":33.0,"turns":7.0},{"damage":5.0,"enemies":"Gensokyo:3_Bats","floor":35.0,"turns":1.0},{"damage":26.0,"enemies":"Gensokyo:AncientGuardian","floor":37.0,"turns":6.0},{"damage":22,"enemies":"Gensokyo:Kasen","floor":40,"turns":6},{"damage":8,"enemies":"Gensokyo:Dusk_and_Dawn","floor":41,"turns":3},{"damage":5,"enemies":"Gensokyo:AtlasGolem","floor":42,"turns":3},{"damage":41,"enemies":"Gensokyo:Doremy","floor":44,"turns":6},{"damage":21,"enemies":"Gensokyo:Marisa","floor":46,"turns":3},{"damage":10,"enemies":"Gensokyo:4_Bats","floor":48,"turns":2},{"damage":15,"enemies":"Gensokyo:Shinki","floor":50,"turns":6},{"damage":12,"enemies":"Shield and Spear","floor":54,"turns":2},{"damage":91,"enemies":"The Heart","floor":55,"turns":5}],"seed_played":"3831133611972290506","potions_obtained":[{"floor":6.0,"key":"Dexterity Potion"},{"floor":8.0,"key":"Elixir"},{"floor":21.0,"key":"SpeedPotion"},{"floor":25.0,"key":"FearPotion"},{"floor":35.0,"key":"DistilledChaos"}],"is_trial":false,"path_per_floor":["M","M","?","?","M","E","R","E","T","E","R","E","R","M","R","B",null,"M","$","?","M","?","R","E","M","T","E","?","E","R","E","R","B",null,"M","?","M","T","?","E","M","M","T","E","R","E","R","M","R","B",null,"R","$","E","B",null],"character_chosen":"DOCTOR_CLASS","items_purchased":["ats:Shell Defense","ats:Healing Strengthening","Bird Faced Urn","Gambling Chip","ReplayFunnel","ats:Literary Storm","ats:Part Time Job","Blue Doll","ats:Sashimi Platter","Molten Egg 2","CultistPotion","ats:Curse Doll","ats:Blood Oath+1","ats:Gyao","Replay:Baseball","ats:Assault Order","Replay:Towering Pillar of Hats","Adrenaline Potion","Pet Ghost","Membership Card","Replay:Rubber Ducky","hubris:TenFootPole","PrismaticShard","hubris:TinFlute","Replay:Bottled Snecko"],"campfire_rested":0,"item_purchase_floors":[0,0,0,0,0,0,0,0,0,0,0,0,0,19,19,19,45,45,45,47,47,47,47,53,53],"current_hp_per_floor":[72,68,65,65,75,79,79,79,79,79,79,79,79,65,65,79,79,79,79,79,79,79,79,71,71,71,66,66,69,69,75,75,56,73,70,70,79,79,79,79,79,79,79,62,62,56,56,79,79,79,79,79,79,79,31],"gold":66,"neow_bonus":"","is_daily":false,"chose_seed":false,"campfire_upgraded":8,"win_rate":0.0,"timestamp":1613574374,"path_taken":["M","?","?","?","M","E","R","E","T","E","R","E","R","M","R","BOSS","M","$","?","?","?","R","E","M","T","E","?","E","R","E","R","BOSS","M","?","M","?","?","E","M","M","T","E","R","E","R","M","R","BOSS","R","$","E","BOSS"],"items_purchased_type":["Card","Card","Relic","Relic","Relic","Card","Card","Relic","Card","Relic","Potion","Card","Card","Relic","Relic","Card","Relic","Potion","Relic","Relic","Relic","Relic","Relic","Relic","Relic"],"build_version":"2020-12-22","purchased_purges":7,"victory":true,"max_hp_per_floor":[72,72,79,79,79,79,79,79,79,79,79,79,79,79,79,79,79,79,79,79,79,79,79,79,79,79,79,79,79,79,79,79,79,79,79,79,79,79,79,79,79,79,79,79,79,79,79,79,79,79,79,79,79,79,79],"card_choices":[{"not_picked":["ats:Ignite+1","ats:Flexible Camouflage"],"picked":"ats:Red Shift+1","floor":1.0},{"not_picked":["ats:Consecutive Shot Auto+1","ats:Shell Defense"],"picked":"ats:Thermite Blade+1","floor":2.0},{"not_picked":["ats:Guardian Obelisk","ats:Curse Doll","ats:Explosion Area Strengthen+1"],"picked":"SKIP","floor":5.0},{"not_picked":["ats:Shell Defense","ats:Composite Medical Shells"],"picked":"ats:Thorns","floor":6.0},{"not_picked":["ats:Absolute Focus","ats:Apocalypse"],"picked":"ats:Thorns","floor":8.0},{"not_picked":["ats:Guard Mode","ats:Flexible Camouflage","ats:Cat Scratch+1"],"picked":"SKIP","floor":10.0},{"not_picked":["ats:Revitalization","ats:Apocalypse"],"picked":"ats:Durian","floor":12.0},{"not_picked":["ats:Assault Order","ats:Ignite+1","ats:Hammer On+1"],"picked":"SKIP","floor":14.0},{"not_picked":["ats:Volcano+1","ats:True Silver Slash+1"],"picked":"ats:Shadow Assault+1","floor":16.0},{"not_picked":["ats:Apocalypse","ats:Very Hot Blade+1","ats:Dogmatic Field"],"picked":"Specialist","floor":18.0},{"not_picked":["ats:Sashimi Platter+1","ats:Shell Defense","Discovery"],"picked":"ats:Closed Bolt Burst Fire+1","floor":21.0},{"not_picked":["ats:Serious Mode","ats:Very Hot Blade+1","ats:Revitalization","Discovery"],"picked":"SKIP","floor":24.0},{"not_picked":["ats:Very Hot Blade+1","ats:Consecutive Shot Auto+1","hubris:EnhanceAbility"],"picked":"ats:Shadow Raid+1","floor":25.0},{"not_picked":["ats:Leaping Hammer+1","ats:Absolute Focus","ats:Closed Bolt Burst Fire+1"],"picked":"Madness+1","floor":27.0},{"not_picked":["ats:Closed Bolt Burst Fire+1","ats:Burning Ground+1","REME_TheoryOfElimination"],"picked":"ats:Volcano+1","floor":29.0},{"not_picked":["ats:Sword Rain+1","ats:Blood Oath+1","ats:Defend Order"],"picked":"Thinking Ahead","floor":31.0},{"not_picked":["ats:Volcano+1","ats:Dogmatic Field","Violence"],"picked":"ats:Echo Reverb","floor":33.0},{"not_picked":["ats:Consecutive Shot Auto+1","ats:Directed Diagnosis+1","ats:Rapid Magazine+1","Replay:BasicMightCard"],"picked":"SKIP","floor":35.0},{"not_picked":["ats:Absolute Focus","ats:Powerful Strike+1","ats:Mental Burst+1"],"picked":"REME_HeartOfCthun+1","floor":37.0},{"not_picked":["ats:Powerful Strike+1","ats:Red Shift+1","ats:Encircling Forest","Blind"],"picked":"SKIP","floor":40},{"not_picked":["ats:Apocalypse","ats:Charging Defense","REME_BuildACard"],"picked":"ats:Chain Hook+1","floor":41},{"not_picked":["ats:Curse Doll","ats:Guard Mode+1","ats:Shell Defense+1","REME_AllRoundStrike+1"],"picked":"SKIP","floor":42},{"not_picked":["ats:Powerful Strike+1","ats:Closed Bolt Burst Fire+1","hubris:EnhanceAbility"],"picked":"ats:Calcification","floor":44},{"not_picked":["ats:Curse Doll+1","ats:Automatic Cover+1","ats:Sunburst+1","REME_BuildACard"],"picked":"SKIP","floor":46},{"not_picked":["CareerPray:ReiMu","Replay:BluntJabs+1","True Grit","ReplayUltimateDefense"],"picked":"SKIP","floor":48},{"not_picked":["ManaGlint:ReiMu+1","ats:Explosion Area Strengthen+1","Unruled+1","Good Instincts"],"picked":"SKIP","floor":54}],"player_experience":471821,"relics_obtained":[{"floor":6.0,"key":"ats:Originium"},{"floor":6.0,"key":"Bottled Flame"},{"floor":8.0,"key":"ats:Originium"},{"floor":8.0,"key":"hubris:DuctTape"},{"floor":9.0,"key":"REME_HourglassOfDeath"},{"floor":10.0,"key":"ats:Originium"},{"floor":10.0,"key":"REME_ArchaeologicalTools"},{"floor":12.0,"key":"ats:Originium"},{"floor":12.0,"key":"ReplayTheSpireMod:Shallot"},{"floor":17.0,"key":"Replay:Wax Seal"},{"floor":17.0,"key":"MealTicket"},{"floor":24.0,"key":"Pen Nib"},{"floor":27.0,"key":"Mercury Hourglass"},{"floor":29.0,"key":"Orichalcum"},{"floor":31.0,"key":"Centennial Puzzle"},{"floor":38,"key":"ats:Ability Aura"},{"floor":40,"key":"hubris:Reverence"},{"floor":43,"key":"Ice Cream"},{"floor":44,"key":"Vajra"},{"floor":46,"key":"Girya"},{"floor":54,"key":"hubris:ToyBattleship"}],"event_choices":[],"is_beta":false,"boss_relics":[{"not_picked":["Replay:Grab Bag","Ectoplasm"],"picked":"REME_LowDesire"},{"not_picked":["Abe\u0027s Treasure","hubris:Backtick"],"picked":"Cursed Key"}],"items_purged_floors":[0,0,0,45,47,47,53],"is_endless":false,"potions_floor_spawned":[6,8,12,14,21,25,33,35,37,40],"ascension_level":6}}