{"host":"qp7xs8nuzfsyommi","time":1613572560,"event":{"mods":["2.2 Compatiblity","BaseMod","Colored Powertips","DeckTracker","Highlight Path","Minty Spire (QoL Compilation)","Permanent Neow","Quick Restart","StSLib"],"gold_per_floor":[109,259,272,286,286,286,304,324,324,358,358,358,32,66,66,140,140,152,152,152,20,39,39,57,85,85,85,85,95,111,128,128,202,202,212,212,238,238,257,257,257,257,257,33,33,65,2,22,22,22,22,22,22,7,38,38,38],"floor_reached":56,"language":"ENG","playtime":3565,"items_purged":["Parasite","Doubt"],"score":1856,"play_id":"6d7b9588-3a95-4ba8-9173-dc747ca74bb6","local_time":"20210217093600","is_ascension_mode":true,"campfire_choices":[{"data":"Darkness","floor":6,"key":"SMITH"},{"floor":11,"key":"REST"},{"data":"Recycle","floor":15,"key":"SMITH"},{"floor":23,"key":"REST"},{"floor":28,"key":"REST"},{"floor":32,"key":"RECALL"},{"data":"Turbo","floor":40,"key":"SMITH"},{"data":"Dualcast","floor":42,"key":"SMITH"},{"data":"Buffer","floor":45,"key":"SMITH"},{"data":"Hologram","floor":49,"key":"SMITH"},{"data":"Machine Learning","floor":53,"key":"SMITH"}],"circlet_count":0,"master_deck":["AscendersBane","Dualcast+1","Leap","Recycle+1","Melter","Darkness+1","Genetic Algorithm","Multi-Cast","Beam Cell","Chill","White Noise","BootSequence","Conserve Battery","Turbo+1","All For One","Doom and Gloom","Buffer+1","Hologram+1","Darkness+1","Machine Learning+1","Self Repair","Self Repair","Genetic Algorithm","Machine Learning","Madness","Madness","Hologram+1","Chill","Chill+1","Redo","Coolheaded+1"],"relics":["Pandora\u0027s Box","Sundial","Membership Card","Happy Flower","Boot","Runic Pyramid","OrangePellets","Oddly Smooth Stone","Singing Bowl","Busted Crown","Ancient Tea Set","Ice Cream","Lee\u0027s Waffle","Bag of Preparation","CaptainsWheel","Art of War","Pen Nib"],"acts_visited":["Exordium","TheCity","TheBeyond","TheEnding"],"potions_floor_usage":[10,16,30,44],"damage_taken":[{"damage":10,"enemies":"Small Slimes","floor":1,"turns":3},{"damage":0,"enemies":"Cultist","floor":3,"turns":3},{"damage":4,"enemies":"2 Louse","floor":4,"turns":2},{"damage":0,"enemies":"Red Slaver","floor":7,"turns":3},{"damage":4,"enemies":"3 Louse","floor":8,"turns":3},{"damage":44,"enemies":"3 Sentries","floor":10,"turns":10},{"damage":0,"enemies":"Lagavulin","floor":14,"turns":5},{"damage":41,"enemies":"The Guardian","floor":16,"turns":7},{"damage":1,"enemies":"Spheric Guardian","floor":18,"turns":3},{"damage":17,"enemies":"2 Thieves","floor":22,"turns":5},{"damage":18,"enemies":"Shelled Parasite and Fungi","floor":24,"turns":6},{"damage":6,"enemies":"Book of Stabbing","floor":25,"turns":4},{"damage":0,"enemies":"Snake Plant","floor":29,"turns":4},{"damage":0,"enemies":"Cultist and Chosen","floor":30,"turns":7},{"damage":11,"enemies":"Sentry and Sphere","floor":31,"turns":5},{"damage":12,"enemies":"Champ","floor":33,"turns":8},{"damage":0,"enemies":"Orb Walker","floor":35,"turns":3},{"damage":13,"enemies":"3 Darklings","floor":39,"turns":5},{"damage":23,"enemies":"Reptomancer","floor":46,"turns":5},{"damage":2,"enemies":"Spire Growth","floor":48,"turns":3},{"damage":39,"enemies":"Awakened One","floor":50,"turns":7},{"damage":19,"enemies":"Time Eater","floor":51,"turns":4},{"damage":28,"enemies":"Shield and Spear","floor":55,"turns":5},{"damage":104,"enemies":"The Heart","floor":56,"turns":6}],"seed_played":"-1244803783831021120","potions_obtained":[{"floor":1,"key":"SpeedPotion"},{"floor":3,"key":"Regen Potion"},{"floor":7,"key":"SneckoOil"},{"floor":18,"key":"Energy Potion"},{"floor":25,"key":"ColorlessPotion"},{"floor":31,"key":"FairyPotion"},{"floor":48,"key":"SteroidPotion"}],"is_trial":false,"path_per_floor":["M","?","M","M","?","R","M","M","T","E","R","?","$","E","R","B",null,"M","?","?","$","M","R","M","E","T","?","R","M","M","M","R","B",null,"M","?","T","?","M","R","?","R","T","$","R","E","?","M","R","B","B",null,"R","$","E","B"],"character_chosen":"DEFECT","items_purchased":["Membership Card","Doom and Gloom","Happy Flower","OrangePellets","Fruit Juice","Lee\u0027s Waffle","Bag of Preparation","Redo"],"campfire_rested":3,"item_purchase_floors":[13,13,13,21,44,44,44,54],"current_hp_per_floor":[54,54,54,50,50,50,50,46,46,17,38,55,55,55,55,14,55,54,35,35,35,18,39,21,22,22,22,43,59,68,73,73,75,78,81,81,81,66,67,67,69,69,69,95,95,86,86,95,95,84,72,89,89,89,75,0,0],"gold":38,"neow_bonus":"BOSS_RELIC","is_daily":false,"chose_seed":false,"campfire_upgraded":7,"win_rate":0.0,"timestamp":1613572560,"path_taken":["M","?","M","M","?","R","?","?","T","E","R","?","$","E","R","BOSS","M","?","?","$","?","R","M","E","T","?","R","M","?","M","R","BOSS","M","?","?","?","?","R","?","R","T","$","R","E","?","M","R","BOSS","BOSS","R","$","E","BOSS"],"items_purchased_type":["Relic","Card","Relic","Relic","Potion","Relic","Relic","Card"],"build_version":"2020-12-22","purchased_purges":2,"victory":false,"max_hp_per_floor":[71,71,71,71,71,71,71,71,71,71,71,71,68,68,68,68,68,68,73,73,73,73,73,73,73,73,73,73,75,77,79,79,79,79,81,81,81,81,81,81,83,83,83,95,95,95,95,95,95,95,95,95,95,95,95,95,95],"card_choices":[{"not_picked":["Cold Snap","Redo"],"picked":"Go for the Eyes","floor":1},{"not_picked":["BootSequence","Conserve Battery"],"picked":"Chill","floor":3},{"not_picked":["Stack","Sweeping Beam"],"picked":"White Noise","floor":4},{"not_picked":["Steam","BootSequence"],"picked":"Conserve Battery","floor":7},{"not_picked":["Static Discharge","Redo"],"picked":"Turbo","floor":8},{"not_picked":["Auto Shields","Heatsinks"],"picked":"All For One","floor":10},{"not_picked":["BootSequence","Sweeping Beam","Barrage"],"picked":"SKIP","floor":14},{"not_picked":["Rainbow","Reboot"],"picked":"Buffer","floor":16},{"not_picked":["Cold Snap+1","Rebound"],"picked":"Hologram","floor":18},{"not_picked":["Consume+1","Stack"],"picked":"Machine Learning","floor":22},{"not_picked":["Turbo+1","Cold Snap"],"picked":"Self Repair","floor":24},{"not_picked":["Gash","Hello World"],"picked":"Self Repair","floor":25},{"not_picked":["Blizzard","Skim","Ball Lightning"],"picked":"Singing Bowl","floor":29},{"not_picked":["FTL","Coolheaded","Barrage"],"picked":"Singing Bowl","floor":30},{"not_picked":["Fusion","Reprogram","Steam+1"],"picked":"Singing Bowl","floor":31},{"not_picked":["Hyperbeam","Meteor Strike"],"picked":"Machine Learning","floor":33},{"not_picked":["Beam Cell"],"picked":"Singing Bowl","floor":35},{"not_picked":[],"picked":"Hologram+1","floor":39},{"not_picked":["Jack Of All Trades"],"picked":"Singing Bowl","floor":41},{"not_picked":[],"picked":"Chill","floor":46},{"not_picked":[],"picked":"Chill+1","floor":48},{"not_picked":[],"picked":"Coolheaded+1","floor":55}],"player_experience":1444466,"relics_obtained":[{"floor":10,"key":"Sundial"},{"floor":14,"key":"Boot"},{"floor":25,"key":"Oddly Smooth Stone"},{"floor":26,"key":"Singing Bowl"},{"floor":37,"key":"Ancient Tea Set"},{"floor":43,"key":"Ice Cream"},{"floor":46,"key":"CaptainsWheel"},{"floor":55,"key":"Pen Nib"}],"event_choices":[{"damage_healed":0,"gold_gain":150,"player_choice":"AGREE","damage_taken":0,"max_hp_gain":0,"max_hp_loss":0,"event_name":"Liars Game","floor":2,"gold_loss":0,"cards_obtained":["Doubt"]},{"damage_healed":0,"gold_gain":0,"cards_transformed":["Zap"],"player_choice":"Transformed","damage_taken":0,"max_hp_gain":0,"max_hp_loss":0,"event_name":"Transmorgrifier","floor":5,"gold_loss":0,"cards_obtained":["BootSequence"]},{"damage_healed":17,"gold_gain":0,"player_choice":"Healed and dodged fight","damage_taken":0,"max_hp_gain":0,"max_hp_loss":0,"event_name":"Mushrooms","floor":12,"gold_loss":0,"cards_obtained":["Parasite"]},{"damage_healed":0,"gold_gain":0,"player_choice":"Shed Blood","damage_taken":24,"max_hp_gain":5,"max_hp_loss":0,"event_name":"Forgotten Altar","floor":19,"gold_loss":0},{"damage_healed":0,"gold_gain":0,"player_choice":"Copied","damage_taken":0,"max_hp_gain":0,"max_hp_loss":0,"event_name":"Duplicator","floor":20,"gold_loss":0,"cards_obtained":["Darkness"]},{"damage_healed":0,"gold_gain":0,"cards_transformed":["Rebound"],"player_choice":"Transformed","damage_taken":0,"max_hp_gain":0,"max_hp_loss":0,"event_name":"Transmorgrifier","floor":27,"gold_loss":0,"cards_obtained":["Genetic Algorithm"]},{"cards_removed":["Go for the Eyes"],"damage_healed":0,"gold_gain":0,"player_choice":"Removed Attack","damage_taken":0,"max_hp_gain":0,"max_hp_loss":0,"event_name":"Falling","floor":36,"gold_loss":0},{"damage_healed":0,"gold_gain":0,"player_choice":"Embrace Madness","damage_taken":15,"max_hp_gain":0,"max_hp_loss":0,"event_name":"Winding Halls","floor":38,"gold_loss":0,"cards_obtained":["Madness","Madness"]},{"damage_healed":0,"gold_gain":0,"player_choice":"Memory 1","damage_taken":0,"max_hp_gain":0,"max_hp_loss":0,"event_name":"SensoryStone","floor":41,"gold_loss":0},{"damage_healed":0,"gold_gain":0,"player_choice":"Paid Gold","damage_taken":0,"relics_obtained":["Art of War"],"max_hp_gain":0,"max_hp_loss":0,"event_name":"WeMeetAgain","floor":47,"gold_loss":63}],"is_beta":false,"boss_relics":[{"not_picked":["Tiny House","Coffee Dripper"],"picked":"Runic Pyramid"},{"not_picked":["Runic Dome","Philosopher\u0027s Stone"],"picked":"Busted Crown"}],"items_purged_floors":[13,21],"is_endless":false,"potions_floor_spawned":[1,3,7,18,25,29,31,39,48],"killed_by":"The Heart","ascension_level":20}}