{"host":"1focbxb2e8qu7ccd","time":1613588449,"event":{"mods":["AchievementEnabler","BaseMod","Bestiary","Highlight Path","Minty Spire (QoL Compilation)","Relic Stats"],"gold_per_floor":[118,118,132,151,167,201,201,229,229,229,304,2,37,56,56,133,133,153,166,181,131,151,151,151],"floor_reached":23,"language":"ENG","playtime":1280,"items_purged":["Strike_G"],"score":476,"play_id":"6bc967fa-bf3f-4f88-a18d-be6b7378f4ee","local_time":"20210217140049","is_ascension_mode":true,"campfire_choices":[{"floor":7.0,"key":"REST"},{"data":"Corpse Explosion","floor":10.0,"key":"SMITH"},{"floor":15,"key":"REST"}],"circlet_count":0,"master_deck":["AscendersBane","Strike_G","Strike_G","Strike_G","Strike_G","Defend_G","Defend_G","Defend_G","Defend_G","Defend_G","Survivor","Neutralize","Slice","Slice","Corpse Explosion+1","Footwork","Noxious Fumes","After Image","Deflect","Backflip","Envenom","Dodge and Roll","Cloak And Dagger+1","Burst"],"relics":["Ring of the Snake","PreservedInsect","Regal Pillow","Pen Nib","Darkstone Periapt","Bronze Scales","Art of War","Vajra","Philosopher\u0027s Stone"],"acts_visited":["Exordium","TheCity"],"potions_floor_usage":[16,16,23,23],"damage_taken":[{"damage":1.0,"enemies":"Cultist","floor":1.0,"turns":4.0},{"damage":0.0,"enemies":"2 Louse","floor":3.0,"turns":3.0},{"damage":4.0,"enemies":"Small Slimes","floor":4.0,"turns":3.0},{"damage":4.0,"enemies":"3 Louse","floor":5.0,"turns":3.0},{"damage":20.0,"enemies":"Lagavulin","floor":6.0,"turns":8.0},{"damage":27.0,"enemies":"Gremlin Nob","floor":8.0,"turns":4.0},{"damage":6.0,"enemies":"3 Sentries","floor":13.0,"turns":4.0},{"damage":9,"enemies":"Gremlin Gang","floor":14,"turns":3},{"damage":29,"enemies":"Slime Boss","floor":16,"turns":12},{"damage":25,"enemies":"2 Thieves","floor":18,"turns":3},{"damage":21,"enemies":"Shell Parasite","floor":19,"turns":5},{"damage":2,"enemies":"3 Cultists","floor":20,"turns":3},{"damage":0,"enemies":"Centurion and Healer","floor":22,"turns":6},{"damage":11,"enemies":"Gremlin Leader","floor":23,"turns":2}],"seed_played":"7635125820847220687","potions_obtained":[{"floor":8.0,"key":"BlessingOfTheForge"},{"floor":14,"key":"SkillPotion"},{"floor":19,"key":"SkillPotion"},{"floor":20,"key":"SneckoOil"}],"is_trial":false,"path_per_floor":["M","?","M","M","M","E","R","E","T","R","?","$","E","M","R","B",null,"M","M","M","?","M","E"],"character_chosen":"THE_SILENT","items_purchased":["Art of War","Deflect"],"campfire_rested":2,"item_purchase_floors":[12,12],"current_hp_per_floor":[58,53,53,49,45,25,59,32,32,32,21,21,15,6,40,11,52,27,6,4,4,4,0,0],"gold":151,"neow_bonus":"RANDOM_COMMON_RELIC","is_daily":false,"chose_seed":false,"campfire_upgraded":1,"win_rate":0.0,"timestamp":1613588449,"path_taken":["M","?","M","M","M","E","R","E","T","R","?","$","E","M","R","BOSS","M","M","M","?","?","E"],"items_purchased_type":["Relic","Card"],"build_version":"2020-12-22","purchased_purges":1,"victory":false,"max_hp_per_floor":[66,66,66,66,66,66,66,66,66,66,66,66,66,66,66,66,66,66,66,66,66,66,66,66],"relic_stats":{"Darkstone Periapt":0,"Regal Pillow":30,"counters":[14,63],"Bronze Scales":[95],"PreservedInsect":127,"Pen Nib":[6],"Art of War":[5],"obtain_stats":[{"Darkstone Periapt":8,"Regal Pillow":2,"Bronze Scales":9,"Vajra":13,"Philosopher\u0027s Stone":17,"PreservedInsect":0,"Pen Nib":6,"Art of War":12,"Ring of the Snake":0},{"Darkstone Periapt":6,"Regal Pillow":1,"Bronze Scales":6,"Vajra":7,"Philosopher\u0027s Stone":9,"PreservedInsect":0,"Pen Nib":5,"Art of War":6,"Ring of the Snake":0},{"Darkstone Periapt":25,"Regal Pillow":4,"Bronze Scales":25,"Vajra":29,"Philosopher\u0027s Stone":44,"PreservedInsect":0,"Pen Nib":21,"Art of War":25,"Ring of the Snake":0}],"Ring of the Snake":[28]},"card_choices":[{"not_picked":["Cloak And Dagger","Deadly Poison"],"picked":"Slice","floor":1.0},{"not_picked":["Prepared","PiercingWail"],"picked":"Slice","floor":3.0},{"not_picked":["Flying Knee","PiercingWail"],"picked":"Corpse Explosion","floor":4.0},{"not_picked":["Escape Plan","Well Laid Plans"],"picked":"Footwork","floor":5.0},{"not_picked":["Dagger Spray","Flying Knee"],"picked":"Noxious Fumes","floor":6.0},{"not_picked":["Prepared","Concentrate"],"picked":"After Image","floor":8.0},{"not_picked":["Dagger Throw","Infinite Blades"],"picked":"Backflip","floor":13.0},{"not_picked":["Slice","Poisoned Stab","Blade Dance"],"picked":"SKIP","floor":14},{"not_picked":["Tools of the Trade","Venomology"],"picked":"Envenom","floor":16},{"not_picked":["Distraction","Escape Plan"],"picked":"Dodge and Roll","floor":18},{"not_picked":["Infinite Blades","Poisoned Stab"],"picked":"Cloak And Dagger+1","floor":19},{"not_picked":["Eviscerate","Bane","Slice"],"picked":"SKIP","floor":20},{"not_picked":["Underhanded Strike","Poisoned Stab+1"],"picked":"Burst","floor":22}],"player_experience":997689,"relics_obtained":[{"floor":6.0,"key":"Pen Nib"},{"floor":8.0,"key":"Darkstone Periapt"},{"floor":9.0,"key":"Bronze Scales"},{"floor":13.0,"key":"Vajra"}],"event_choices":[{"damage_healed":0.0,"max_hp_gain":0.0,"max_hp_loss":0.0,"gold_gain":0.0,"event_name":"Scrap Ooze","player_choice":"Success","floor":2.0,"gold_loss":0.0,"damage_taken":5.0,"relics_obtained":["Regal Pillow"]},{"damage_healed":0.0,"max_hp_gain":0.0,"max_hp_loss":0.0,"gold_gain":75.0,"event_name":"World of Goop","player_choice":"Gather Gold","floor":11.0,"gold_loss":0.0,"damage_taken":11.0},{"damage_healed":0,"gold_gain":0,"player_choice":"Bet on Murderer","damage_taken":0,"max_hp_gain":0,"max_hp_loss":0,"event_name":"The Joust","floor":21,"gold_loss":50}],"is_beta":false,"boss_relics":[{"not_picked":["WristBlade","SacredBark"],"picked":"Philosopher\u0027s Stone"}],"items_purged_floors":[12],"is_endless":false,"potions_floor_spawned":[8,14,19,20],"killed_by":"Gremlin Leader","ascension_level":20}}