{"host":"v9yiptmoyyuggqjj","time":1613535360,"event":{"mods":["AchievementEnabler","BaseMod","BetterRewards","Card Forge","Colored Map","Colored Powertips","DeckTracker","Highlight Path","Infinite Spire","Minty Spire (QoL Compilation)","Quick Restart","Shop Mod","StSLib","Swap Starting Deck Mod"],"gold_per_floor":[116,127,202,220,238,238,264,76,124,124,135,149,149,149],"floor_reached":13,"language":"ENG","playtime":3222,"items_purged":["Blizzard"],"score":185,"play_id":"20662859-7843-4bf3-a377-218883ac1165","local_time":"20210216211600","is_ascension_mode":true,"campfire_choices":[{"data":"Chill","floor":6,"key":"SMITH"}],"circlet_count":0,"master_deck":["AscendersBane","Blizzard","Blizzard","Blizzard","Blizzard","Chill+1","Coolheaded","Coolheaded","Coolheaded","Coolheaded","Loop","White Noise","Parasite"],"relics":["Cracked Core","Hammer of Thor","Seething Fire","Anvil of the Gods","infinitespire:SolderingIron","Centennial Puzzle"],"acts_visited":[],"potions_floor_usage":[],"damage_taken":[{"damage":0,"enemies":"Small Slimes","floor":1,"turns":2},{"damage":0,"enemies":"2 Louse","floor":2,"turns":2},{"damage":0,"enemies":"Cultist","floor":4,"turns":4},{"damage":2,"enemies":"Large Slime","floor":5,"turns":5},{"damage":9,"enemies":"Lagavulin","floor":7,"turns":7},{"damage":0,"enemies":"2 Fungi Beasts","floor":11,"turns":3},{"damage":12,"enemies":"Blue Slaver","floor":12,"turns":4},{"damage":48,"enemies":"Gremlin Nob","floor":13,"turns":4}],"seed_played":"6016456413424468417","potions_obtained":[{"floor":4,"key":"Swift Potion"},{"floor":7,"key":"Ancient Potion"}],"is_trial":false,"path_per_floor":["M","M","?","M","M","R","E","$","T","?","M","M","E"],"character_chosen":"DEFECT","items_purchased":["Loop","White Noise"],"campfire_rested":0,"item_purchase_floors":[8,8],"current_hp_per_floor":[34,34,23,23,21,21,12,12,12,30,30,18,0,0],"gold":149,"neow_bonus":"","is_daily":false,"chose_seed":false,"campfire_upgraded":1,"win_rate":0.0,"timestamp":1613535360,"path_taken":["M","M","?","M","M","R","E","$","T","?","M","M","E"],"items_purchased_type":["Card","Card"],"build_version":"2020-12-22","purchased_purges":1,"victory":false,"max_hp_per_floor":[75,75,75,75,75,75,75,75,75,75,75,75,75,75],"card_choices":[{"not_picked":["Reprogram","Rebound","Turbo"],"picked":"SKIP","floor":1},{"not_picked":["Scrape","Compile Driver","Doom and Gloom"],"picked":"SKIP","floor":2},{"not_picked":["Compile Driver","Coolheaded","Doom and Gloom"],"picked":"SKIP","floor":4},{"not_picked":["Sweeping Beam","Leap","Hologram"],"picked":"SKIP","floor":5},{"not_picked":["Gash","Ball Lightning","Skim"],"picked":"SKIP","floor":7},{"not_picked":["Undo","Steam","Streamline"],"picked":"SKIP","floor":11},{"not_picked":["Static Discharge","BootSequence","Sweeping Beam"],"picked":"SKIP","floor":12}],"player_experience":616067,"relics_obtained":[{"floor":7,"key":"infinitespire:SolderingIron"},{"floor":9,"key":"Centennial Puzzle"}],"event_choices":[{"damage_healed":0,"gold_gain":75,"player_choice":"Gather Gold","damage_taken":11,"max_hp_gain":0,"max_hp_loss":0,"event_name":"World of Goop","floor":3,"gold_loss":0},{"damage_healed":18,"gold_gain":0,"player_choice":"Healed and dodged fight","damage_taken":0,"max_hp_gain":0,"max_hp_loss":0,"event_name":"Mushrooms","floor":10,"gold_loss":0,"cards_obtained":["Parasite"]}],"is_beta":false,"boss_relics":[],"items_purged_floors":[8],"is_endless":false,"potions_floor_spawned":[4,7,11,12],"killed_by":"Gremlin Nob","ascension_level":11}}