{"host":"CottonTail234","time":1613530724,"event":{"mods":["BaseMod","Colored Map","Minty Spire (QoL Compilation)","StSLib"],"gold_per_floor":[113,113,78,26,36,70,70,70,70,111,111,152,4,29,29,125,125,141,157,175,46,65,65,65,83,131,131,154,154,154,3,3,3,3],"floor_reached":33,"language":"ENG","playtime":1002,"items_purged":["Strike_P"],"score":515,"play_id":"8ad56579-8051-4d80-9955-7a4229b62975","local_time":"20210216195844","is_ascension_mode":true,"campfire_choices":[{"data":"CutThroughFate","floor":7,"key":"SMITH"},{"data":"FlurryOfBlows","floor":11,"key":"SMITH"},{"data":"LikeWater","floor":15,"key":"SMITH"},{"data":"Ragnarok","floor":23,"key":"SMITH"},{"data":"Omniscience","floor":27,"key":"SMITH"},{"data":"Bite","floor":30,"key":"SMITH"},{"data":"WaveOfTheHand","floor":32,"key":"SMITH"}],"circlet_count":0,"master_deck":["AscendersBane","Defend_P","Defend_P","Defend_P","Eruption+1","Vigilance","EmptyFist","CutThroughFate+1","Injury","FlurryOfBlows+1","ForeignInfluence","Ragnarok+1","LikeWater+1","WaveOfTheHand+1","Omniscience+1","Crescendo","Weave","Halt","ClearTheMind","FlurryOfBlows+1","Bite","Bite","Bite+1","Bite","Bite","Tantrum","DeceiveReality"],"relics":["PureWater","NeowsBlessing","Du-Vu Doll","Golden Idol","Mango","Regal Pillow","Gremlin Horn","Coffee Dripper","Damaru"],"acts_visited":["Exordium","TheCity"],"potions_floor_usage":[12,16,20,28],"damage_taken":[{"damage":0,"enemies":"Jaw Worm","floor":1,"turns":1},{"damage":0,"enemies":"2 Louse","floor":5,"turns":1},{"damage":0,"enemies":"Lagavulin","floor":6,"turns":1},{"damage":8,"enemies":"Gremlin Nob","floor":10,"turns":3},{"damage":14,"enemies":"3 Sentries","floor":12,"turns":5},{"damage":0,"enemies":"Small Slimes","floor":14,"turns":1},{"damage":27,"enemies":"The Guardian","floor":16,"turns":9},{"damage":24,"enemies":"2 Thieves","floor":18,"turns":3},{"damage":2,"enemies":"Chosen","floor":19,"turns":4},{"damage":17,"enemies":"Centurion and Healer","floor":20,"turns":4},{"damage":26,"enemies":"Shelled Parasite and Fungi","floor":22,"turns":5},{"damage":9,"enemies":"Snake Plant","floor":25,"turns":2},{"damage":0,"enemies":"Cultist and Chosen","floor":28,"turns":3},{"damage":16,"enemies":"Automaton","floor":33,"turns":2}],"seed_played":"4033633547925302854","potions_obtained":[{"floor":6,"key":"Regen Potion"},{"floor":18,"key":"Regen Potion"},{"floor":25,"key":"BottledMiracle"}],"is_trial":false,"path_per_floor":["M","?","?","$","M","E","R","?","T","E","R","E","$","M","R","B",null,"M","M","M","$","M","R","?","M","T","R","M","?","R","$","R","B"],"character_chosen":"WATCHER","items_purchased":["PowerPotion","Ragnarok","LikeWater","ClearTheMind","Tantrum","DeceiveReality"],"campfire_rested":0,"item_purchase_floors":[4,13,13,21,31,31],"current_hp_per_floor":[61,47,64,64,64,64,64,64,78,70,70,56,56,56,56,44,73,49,47,42,42,16,16,16,7,7,7,7,7,7,7,7,0,0],"gold":3,"neow_bonus":"THREE_ENEMY_KILL","is_daily":false,"chose_seed":false,"campfire_upgraded":7,"win_rate":0.0,"timestamp":1613530724,"path_taken":["M","?","?","$","M","E","R","?","T","E","R","E","$","?","R","BOSS","M","M","M","$","M","R","?","M","T","R","?","?","R","?","R","BOSS"],"items_purchased_type":["Potion","Card","Card","Card","Card","Card"],"build_version":"2020-12-18","purchased_purges":1,"victory":false,"max_hp_per_floor":[68,68,68,68,68,68,68,68,82,82,82,82,82,82,82,82,82,82,82,82,82,82,82,82,82,82,82,82,57,57,57,57,57,57],"card_choices":[{"not_picked":["JustLucky","EmptyMind"],"picked":"EmptyFist","floor":1},{"not_picked":["SignatureMove","Swivel","Nirvana"],"picked":"SKIP","floor":5},{"not_picked":["EmptyFist","CrushJoints"],"picked":"CutThroughFate","floor":6},{"not_picked":["Halt","ThirdEye"],"picked":"FlurryOfBlows","floor":10},{"not_picked":["Perseverance","CutThroughFate"],"picked":"ForeignInfluence","floor":12},{"not_picked":["SashWhip","DevaForm"],"picked":"WaveOfTheHand","floor":14},{"not_picked":["Establishment","MasterReality"],"picked":"Omniscience","floor":16},{"not_picked":["Consecrate","SashWhip"],"picked":"Crescendo","floor":18},{"not_picked":["EmptyFist","PathToVictory"],"picked":"Weave","floor":19},{"not_picked":["Collect","Crescendo"],"picked":"Halt","floor":20},{"not_picked":["JustLucky+1","ForeignInfluence"],"picked":"FlurryOfBlows+1","floor":22},{"not_picked":["JustLucky","EmptyMind","BowlingBash"],"picked":"SKIP","floor":25},{"not_picked":["EmptyBody","Pray","WreathOfFlame"],"picked":"SKIP","floor":28}],"player_experience":2198168,"relics_obtained":[{"floor":6,"key":"Du-Vu Doll"},{"floor":9,"key":"Mango"},{"floor":10,"key":"Regal Pillow"},{"floor":12,"key":"Gremlin Horn"},{"floor":26,"key":"Damaru"}],"event_choices":[{"damage_healed":0,"gold_gain":0,"player_choice":"Entered Light","damage_taken":14,"max_hp_gain":0,"max_hp_loss":0,"event_name":"Shining Light","floor":2,"gold_loss":0,"cards_upgraded":["Strike_P","Eruption"]},{"damage_healed":17,"gold_gain":0,"player_choice":"Healed","damage_taken":0,"max_hp_gain":0,"max_hp_loss":0,"event_name":"The Cleric","floor":3,"gold_loss":35},{"damage_healed":0,"gold_gain":0,"player_choice":"Take Wound","damage_taken":0,"relics_obtained":["Golden Idol"],"max_hp_gain":0,"max_hp_loss":0,"event_name":"Golden Idol","floor":8,"gold_loss":0,"cards_obtained":["Injury"]},{"cards_removed":["Defend_P"],"damage_healed":0,"gold_gain":0,"player_choice":"Purged","damage_taken":0,"max_hp_gain":0,"max_hp_loss":0,"event_name":"Purifier","floor":24,"gold_loss":0},{"damage_healed":0,"gold_gain":0,"player_choice":"Became a vampire","damage_taken":0,"max_hp_gain":0,"max_hp_loss":25,"event_name":"Vampires","floor":29,"gold_loss":0,"cards_obtained":["Bite","Bite","Bite","Bite","Bite"]}],"is_beta":true,"boss_relics":[{"not_picked":["Velvet Choker","Empty Cage"],"picked":"Coffee Dripper"}],"items_purged_floors":[21],"is_endless":false,"potions_floor_spawned":[6,10,18,25],"killed_by":"Automaton","ascension_level":14}}