{"host":"3goc4eg48gs58qxk","time":1613569493,"event":{"mods":["BaseMod","Better Note","Downfall","Minty Spire (QoL Compilation)","MostiFishMod","StSLib","Waifu the Spire"],"gold_per_floor":[117,117,144,32,32,32,49,81,81,95,109,109,141,153,153,255,255,271,290,290,290,301,301,301,332,332,332,343,358,278,289,289,394,394,404,179,191,209,223,223,257,270,270,287,298,316,196,213,213,213,213,213,73,99,99],"floor_reached":56,"language":"ZHS","playtime":4375,"items_purged":["Strike_G","Strike_G","Strike_G","Strike_G","Defend_G"],"score":1435,"play_id":"4376e591-f490-4e4a-bb3a-d3676255a65c","local_time":"20210217214453","is_ascension_mode":false,"campfire_choices":[{"data":"Footwork","floor":6.0,"key":"SMITH"},{"data":"Blade Dance","floor":12.0,"key":"SMITH"},{"data":"Expertise","floor":15.0,"key":"SMITH"},{"data":"Acrobatics","floor":27.0,"key":"SMITH"},{"floor":32.0,"key":"RECALL"},{"data":"MostiFishMod:Neurotoxin","floor":40,"key":"SMITH"},{"data":"Concentrate","floor":49,"key":"SMITH"},{"data":"MostiFishMod:Confrontation","floor":52,"key":"SMITH"}],"circlet_count":0,"master_deck":["Defend_G","Defend_G","Defend_G","Defend_G","Survivor","Neutralize","Bouncing Flask","Footwork+1","Tactician+1","Masterful Stab","Well Laid Plans","Blade Dance+1","Backflip","Expertise+1","MostiFishMod:Confrontation+1","Accuracy","Backflip","Acrobatics+1","Grand Finale","MostiFishMod:Neurotoxin+1","MostiFishMod:PerfectParry+1","Concentrate+1","Acrobatics+1"],"relics":["Ring of the Snake","DaveBox","SynthV","NeowsBlessing","SynthV:TestCard","MealTicket","PreservedInsect","ImprovedEquipment","Incense Burner","HereWithMe","The Courier","Omamori","FeatherPendant","Bag of Preparation","Gambling Chip","Sundial","Bottled Flame"],"acts_visited":["Exordium","TheCity","TheBeyond","TheEnding"],"potions_floor_usage":[38],"damage_taken":[{"damage":0.0,"enemies":"Small Slimes","floor":1.0,"turns":1.0},{"damage":0.0,"enemies":"Jaw Worm","floor":7.0,"turns":1.0},{"damage":0.0,"enemies":"3 Sentries","floor":8.0,"turns":1.0},{"damage":0.0,"enemies":"2 Louse","floor":10.0,"turns":2.0},{"damage":0.0,"enemies":"Large Slime","floor":11.0,"turns":4.0},{"damage":4.0,"enemies":"Lagavulin","floor":13.0,"turns":5.0},{"damage":0.0,"enemies":"Exordium Wildlife","floor":14.0,"turns":4.0},{"damage":5.0,"enemies":"Slime Boss","floor":16.0,"turns":8.0},{"damage":0.0,"enemies":"2 Thieves","floor":18.0,"turns":4.0},{"damage":0.0,"enemies":"Shell Parasite","floor":19.0,"turns":3.0},{"damage":7.0,"enemies":"Centurion and Healer","floor":22.0,"turns":5.0},{"damage":8.0,"enemies":"Gremlin Leader","floor":23.0,"turns":5.0},{"damage":0.0,"enemies":"Book of Stabbing","floor":25.0,"turns":4.0},{"damage":0.0,"enemies":"Snake Plant","floor":28.0,"turns":5.0},{"damage":0.0,"enemies":"3 Cultists","floor":29.0,"turns":2.0},{"damage":0.0,"enemies":"Chosen and Byrds","floor":31.0,"turns":5.0},{"damage":0,"enemies":"Collector","floor":33,"turns":8},{"damage":0,"enemies":"3 Shapes","floor":35,"turns":1},{"damage":0,"enemies":"Orb Walker","floor":37,"turns":1},{"damage":0,"enemies":"Writhing Mass","floor":38,"turns":2},{"damage":1,"enemies":"3 Darklings","floor":39,"turns":2},{"damage":0,"enemies":"Giant Head","floor":41,"turns":4},{"damage":0,"enemies":"Transient","floor":42,"turns":5},{"damage":0,"enemies":"Sphere and 2 Shapes","floor":44,"turns":1},{"damage":0,"enemies":"3 Darklings","floor":45,"turns":2},{"damage":0,"enemies":"Maw","floor":46,"turns":3},{"damage":0,"enemies":"Transient","floor":48,"turns":5},{"damage":0,"enemies":"Time Eater","floor":50,"turns":5},{"damage":0,"enemies":"Shield and Spear","floor":54,"turns":1},{"damage":1,"enemies":"The Heart","floor":55,"turns":4}],"seed_played":"8815285446976722836","potions_obtained":[{"floor":1.0,"key":"PowerPotion"},{"floor":8.0,"key":"SmokeBomb"},{"floor":10.0,"key":"Strength Potion"},{"floor":18.0,"key":"SmokeBomb"},{"floor":22.0,"key":"Energy Potion"},{"floor":28.0,"key":"Swift Potion"},{"floor":35,"key":"DistilledChaos"},{"floor":39,"key":"Guardian:BlockOnCardUsePotion"}],"is_trial":false,"path_per_floor":["M","?","T","$","?","R","M","E","T","M","M","R","E","M","R","B",null,"M","M","?","?","M","E","?","E","T","R","M","M","$","M","R","B",null,"M","$","M","M","M","R","E","M","T","M","M","M","$","M","R","B",null,"R","$","E","B",null],"character_chosen":"THE_SILENT","items_purchased":["Footwork","Bag of Preparation"],"campfire_rested":0,"item_purchase_floors":[4,36],"current_hp_per_floor":[70,70,70,70,63,63,63,63,63,63,63,63,59,59,59,54,70,70,70,70,70,63,55,55,55,55,55,55,55,70,70,70,70,70,70,70,70,70,69,69,69,69,69,69,69,69,70,70,70,70,70,70,70,70,69],"gold":99,"neow_bonus":"THREE_ENEMY_KILL","is_daily":false,"chose_seed":false,"campfire_upgraded":7,"win_rate":0.0,"timestamp":1613569493,"path_taken":["M","?","?","?","?","R","M","E","T","M","M","R","E","M","R","BOSS","M","M","?","?","M","E","?","E","T","R","?","M","$","M","R","BOSS","M","$","M","M","M","R","E","M","T","M","M","M","$","M","R","BOSS","R","$","E","BOSS"],"items_purchased_type":["Card","Relic"],"build_version":"2020-12-22","purchased_purges":5,"victory":true,"max_hp_per_floor":[70,70,70,70,70,70,70,70,70,70,70,70,70,70,70,70,70,70,70,70,70,70,70,70,70,70,70,70,70,70,70,70,70,70,70,70,70,70,70,70,70,70,70,70,70,70,70,70,70,70,70,70,70,70,70],"card_choices":[{"not_picked":["Crippling Poison","MostiFishMod:VineMother"],"picked":"Bouncing Flask","floor":1.0},{"not_picked":["PiercingWail","Noxious Fumes","Cloak And Dagger","Deadly Poison"],"picked":"Tactician","floor":7.0},{"not_picked":["MostiFishMod:FrostNova","Concentrate","Slice","Dagger Spray"],"picked":"Masterful Stab","floor":8.0},{"not_picked":["Setup","Caltrops","Flying Knee","MostiFishMod:FrostNova"],"picked":"Well Laid Plans","floor":10.0},{"not_picked":["Underhanded Strike","Prepared","Tools of the Trade","Dagger Throw"],"picked":"Blade Dance","floor":11.0},{"not_picked":["Sucker Punch","Underhanded Strike","Malaise","MostiFishMod:PerfectParry"],"picked":"Backflip","floor":13.0},{"not_picked":["Distraction","Noxious Fumes","Dodge and Roll","Finisher"],"picked":"Expertise","floor":14.0},{"not_picked":["Storm of Steel","Night Terror","Venomology","Unload"],"picked":"MostiFishMod:Confrontation","floor":16.0},{"not_picked":["Dodge and Roll","PiercingWail","Quick Slash","Dagger Spray"],"picked":"Accuracy","floor":18.0},{"not_picked":["Expertise","Caltrops","Blade Dance","Crippling Poison","Distraction"],"picked":"SKIP","floor":19.0},{"not_picked":["Tactician+1","Bouncing Flask","PiercingWail","Sucker Punch"],"picked":"Backflip","floor":22.0},{"not_picked":["MostiFishMod:Opportunism","Adrenaline","Underhanded Strike+1","Deflect+1"],"picked":"Acrobatics","floor":23.0},{"not_picked":["Leg Sweep","Prepared","Riddle With Holes+1","Predator"],"picked":"Grand Finale","floor":25.0},{"not_picked":["Dodge and Roll","Prepared","Caltrops","Slice","Sucker Punch"],"picked":"SKIP","floor":28.0},{"not_picked":["Dagger Spray","Escape Plan+1","Flying Knee","Well Laid Plans","Backflip"],"picked":"SKIP","floor":29.0},{"not_picked":["Outmaneuver","Prepared","Flying Knee","MostiFishMod:ThornCasing","MostiFishMod:PoisonShield"],"picked":"SKIP","floor":31.0},{"not_picked":["Envenom","MostiFishMod:AdrenalineArouse","MostiFishMod:LethalBlade","MostiFishMod:Confrontation"],"picked":"MostiFishMod:Neurotoxin","floor":33},{"not_picked":["Dash","Dodge and Roll+1","Footwork+1","Backflip","Slice"],"picked":"SKIP","floor":35},{"not_picked":["Backflip","Setup","Blur","Deflect+1"],"picked":"MostiFishMod:PerfectParry+1","floor":37},{"not_picked":["Finisher","All Out Attack","Poisoned Stab+1","Quick Slash","Flying Knee+1"],"picked":"SKIP","floor":38},{"not_picked":["Deadly Poison+1","Quick Slash","Flying Knee","Choke+1","Skewer"],"picked":"SKIP","floor":39},{"not_picked":["Bane","Blade Dance+1","Backstab","Burst","Outmaneuver"],"picked":"SKIP","floor":41},{"not_picked":["Backflip+1","Dash","Deflect+1","Outmaneuver"],"picked":"Concentrate","floor":42},{"not_picked":["Backflip+1","Prepared+1","Flying Knee","Cloak And Dagger","Blade Dance+1"],"picked":"SKIP","floor":44},{"not_picked":["Blur","Deadly Poison+1","Underhanded Strike","MostiFishMod:PreservedThorns","Accuracy"],"picked":"SKIP","floor":45},{"not_picked":["Wraith Form v2","Blur+1","Slice","Blade Dance+1","Prepared+1"],"picked":"SKIP","floor":46},{"not_picked":["Underhanded Strike","Well Laid Plans","Dodge and Roll","Outmaneuver"],"picked":"Acrobatics+1","floor":48},{"not_picked":["Outmaneuver","MostiFishMod:FrostNova","MostiFishMod:PerfectParry+1","Escape Plan+1","Caltrops+1"],"picked":"SKIP","floor":54}],"player_experience":494397,"relics_obtained":[{"floor":1.0,"key":"SynthV:TestCard"},{"floor":3.0,"key":"MealTicket"},{"floor":8.0,"key":"PreservedInsect"},{"floor":9.0,"key":"ImprovedEquipment"},{"floor":13.0,"key":"Incense Burner"},{"floor":23.0,"key":"The Courier"},{"floor":25.0,"key":"Omamori"},{"floor":41,"key":"Gambling Chip"},{"floor":43,"key":"Sundial"},{"floor":54,"key":"Bottled Flame"}],"event_choices":[{"damage_healed":0.0,"max_hp_gain":0.0,"max_hp_loss":0.0,"gold_gain":0.0,"event_name":"Liars Game","player_choice":"Ignored","floor":2.0,"gold_loss":0.0,"damage_taken":0.0},{"cards_removed":["Strike_G"],"damage_healed":0.0,"max_hp_gain":0.0,"max_hp_loss":0.0,"gold_gain":0.0,"event_name":"Golden Wing","player_choice":"Card Removal","floor":5.0,"gold_loss":0.0,"damage_taken":7.0},{"damage_healed":0.0,"max_hp_gain":0.0,"max_hp_loss":0.0,"gold_gain":0.0,"event_name":"The Woman in Blue","player_choice":"Bought 0 Potions","floor":20.0,"gold_loss":0.0,"damage_taken":0.0},{"damage_healed":0.0,"max_hp_gain":0.0,"max_hp_loss":0.0,"gold_gain":0.0,"event_name":"Upgrade Shrine","player_choice":"Upgraded","floor":21.0,"gold_loss":0.0,"damage_taken":0.0,"cards_upgraded":["Tactician"]},{"damage_healed":0.0,"max_hp_gain":0.0,"max_hp_loss":0.0,"gold_gain":0.0,"event_name":"betterNote:BetterNote","player_choice":"Ignored","floor":24.0,"gold_loss":0.0,"damage_taken":0.0,"cards_obtained":["Scrawl"]}],"is_beta":false,"boss_relics":[{"not_picked":["PatriotShield","Pandora\u0027s Box"],"picked":"HereWithMe"},{"not_picked":["TimeKeys","Velvet Choker"],"picked":"FeatherPendant"}],"items_purged_floors":[4,30,36,47,53],"is_endless":false,"potions_floor_spawned":[1,8,10,18,22,28,31,35,39,42,46],"ascension_level":0}}