{"host":"a7js9z8d6aod1ovy","time":1613567863,"event":{"mods":["AchievementEnabler","BaseMod","Googly Eyes","Hermit","Minty Spire (QoL Compilation)","Rare Cards Sparkle","StSLib","SuperFastMode","The Poker Player"],"gold_per_floor":[117,392,412,96,114,149,149,168,168,168,179,194,227,242,242,337,387,403,403,328,268,288,308,308,342,342,57,69,80,80,42,42,146,146,164,184,184,59,59,59,94,94,148,164,164,164,179,192,192,192],"floor_reached":51,"language":"KOR","playtime":3159,"items_purged":["PokerPlayerMod:Spade1","Regret","PokerPlayerMod:Club1"],"score":784,"play_id":"c6eab1ea-0872-4f43-b269-4f6f09593d74","local_time":"20210217221743","is_ascension_mode":false,"metric_token":606,"campfire_choices":[{"data":"PokerPlayerMod:TrumpStrike","floor":10,"key":"SMITH"},{"floor":15,"key":"REST"},{"data":"PokerPlayerMod:Extraction","floor":24,"key":"SMITH"},{"data":"PokerPlayerMod:MagicTrick","floor":32,"key":"SMITH"},{"data":"PokerPlayerMod:JackOfSpades","floor":40,"key":"SMITH"},{"data":"PokerPlayerMod:DartThrow","floor":42,"key":"SMITH"},{"floor":49,"key":"REST"}],"circlet_count":0,"master_deck":["PokerPlayerMod:Diamond2","PokerPlayerMod:Diamond4","PokerPlayerMod:Diamond5","PokerPlayerMod:Spade2","PokerPlayerMod:Spade3","PokerPlayerMod:Spade4","PokerPlayerMod:Club2","PokerPlayerMod:Heart2","PokerPlayerMod:TrumpStrike+1","PokerPlayerMod:BadJoker","PokerPlayerMod:Mulligan","PokerPlayerMod:Trickery","PokerPlayerMod:Club4","PokerPlayerMod:JackOfSpades+1","PokerPlayerMod:DartThrow+1","PokerPlayerMod:Fold+1","PokerPlayerMod:ClubsClub","PokerPlayerMod:MagicTrick+1","PokerPlayerMod:RoyalStrike","PokerPlayerMod:Heart4","PokerPlayerMod:Diamond8","PokerPlayerMod:ChangeRules","PokerPlayerMod:Extraction+1","PokerPlayerMod:Diamond5","PokerPlayerMod:Diamond7","PokerPlayerMod:FillThePot","PokerPlayerMod:Spade8","PokerPlayerMod:SecondChance","PokerPlayerMod:Spade9","PokerPlayerMod:Diamond10+","CurseOfTheBell","PokerPlayerMod:Spade8","PokerPlayerMod:PoorCopy+1","PokerPlayerMod:CloakAndDiamond+1","Madness","PokerPlayerMod:Promotion","PokerPlayerMod:Configure+1"],"relics":["PokerPlayerMod:DeckCase","NeowsBlessing","Orichalcum","PokerPlayerMod:CoolBox","Girya","PokerPlayerMod:JackpotMachine","Tiny House","Lizard Tail","PreservedInsect","Calling Bell","Boot","HornCleat","Calipers","Juzu Bracelet","Omamori"],"acts_visited":["Exordium","TheCity","TheBeyond"],"potions_floor_usage":[16,16,33,33,47,48],"damage_taken":[{"damage":0,"enemies":"2 Louse","floor":1,"turns":1},{"damage":0,"enemies":"Cultist","floor":3,"turns":1},{"damage":0,"enemies":"Jaw Worm","floor":5,"turns":1},{"damage":11,"enemies":"3 Sentries","floor":6,"turns":5},{"damage":5,"enemies":"2 Fungi Beasts","floor":8,"turns":2},{"damage":0,"enemies":"3 Louse","floor":11,"turns":2},{"damage":4,"enemies":"Lots of Slimes","floor":12,"turns":3},{"damage":0,"enemies":"Gremlin Nob","floor":13,"turns":1},{"damage":0,"enemies":"Red Slaver","floor":14,"turns":1},{"damage":5,"enemies":"Hexaghost","floor":16,"turns":8},{"damage":0,"enemies":"Shell Parasite","floor":18,"turns":3},{"damage":0,"enemies":"2 Thieves","floor":22,"turns":3},{"damage":9,"enemies":"Snake Plant","floor":23,"turns":4},{"damage":2,"enemies":"Slavers","floor":25,"turns":5},{"damage":0,"enemies":"Centurion and Healer","floor":28,"turns":3},{"damage":0,"enemies":"Snecko","floor":29,"turns":2},{"damage":61,"enemies":"Automaton","floor":33,"turns":11},{"damage":10,"enemies":"3 Darklings","floor":35,"turns":8},{"damage":0,"enemies":"3 Shapes","floor":36,"turns":4},{"damage":0,"enemies":"Reptomancer","floor":41,"turns":4},{"damage":30,"enemies":"Transient","floor":44,"turns":5},{"damage":23,"enemies":"Spire Growth","floor":47,"turns":4},{"damage":6,"enemies":"3 Darklings","floor":48,"turns":7},{"damage":72,"enemies":"Awakened One","floor":50,"turns":19}],"seed_played":"1394144346901646391","potions_obtained":[{"floor":5,"key":"ColorlessPotion"},{"floor":8,"key":"LiquidMemories"},{"floor":13,"key":"ColorlessPotion"},{"floor":14,"key":"Dexterity Potion"},{"floor":17,"key":"FairyPotion"},{"floor":18,"key":"DuplicationPotion"},{"floor":41,"key":"FearPotion"},{"floor":47,"key":"ColorlessPotion"}],"is_trial":false,"path_per_floor":["M","?","M","$","M","E","?","M","T","R","M","M","E","M","R","B",null,"M","?","?","?","M","M","R","E","T","$","M","M","$","$","R","B",null,"M","M","?","$","?","R","E","R","T","M","?","?","M","M","R","B",null],"character_chosen":"THE_POKER_PLAYER","items_purchased":["PokerPlayerMod:JackOfSpades","PokerPlayerMod:DartThrow","Orichalcum","PokerPlayerMod:FillThePot","PokerPlayerMod:Spade8","PokerPlayerMod:Harden"],"campfire_rested":2,"item_purchase_floors":[4,4,4,27,27,31],"current_hp_per_floor":[52,52,52,52,52,43,38,33,33,33,33,29,29,29,44,43,57,57,57,57,57,57,48,48,48,48,48,57,57,57,57,57,3,57,47,49,49,49,49,49,57,57,57,27,27,27,9,12,29,7],"gold":192,"neow_bonus":"THREE_ENEMY_KILL","is_daily":false,"chose_seed":false,"campfire_upgraded":5,"win_rate":0.0,"timestamp":1613567863,"path_taken":["M","?","?","$","M","E","?","M","T","R","M","?","E","M","R","BOSS","M","?","?","?","M","?","R","E","T","$","M","M","?","$","R","BOSS","M","M","?","$","?","R","E","R","T","M","?","?","M","M","R","BOSS"],"items_purchased_type":["Card","Card","Relic","Card","Card","Card"],"build_version":"2020-12-22","purchased_purges":3,"victory":true,"max_hp_per_floor":[52,52,52,52,52,52,52,52,52,52,52,52,52,52,52,52,57,57,57,57,57,57,57,57,57,57,57,57,57,57,57,57,57,57,57,57,57,57,57,57,57,57,57,57,57,57,57,57,57,57],"card_choices":[{"not_picked":["PokerPlayerMod:CardBurn","PokerPlayerMod:Fold"],"picked":"PokerPlayerMod:Trickery","floor":1},{"not_picked":["PokerPlayerMod:Fold","PokerPlayerMod:FlyingCard"],"picked":"PokerPlayerMod:Club4","floor":3},{"not_picked":["PokerPlayerMod:Spade1","PokerPlayerMod:Spade4"],"picked":"PokerPlayerMod:Fold","floor":5},{"not_picked":["PokerPlayerMod:Diamond1","PokerPlayerMod:DartThrow"],"picked":"PokerPlayerMod:ClubsClub","floor":6},{"not_picked":["PokerPlayerMod:SpadeStrike","PokerPlayerMod:Diamond1"],"picked":"PokerPlayerMod:MagicTrick","floor":8},{"not_picked":["PokerPlayerMod:Diamond8","PokerPlayerMod:DiamondStrike"],"picked":"PokerPlayerMod:RoyalStrike","floor":11},{"not_picked":["PokerPlayerMod:Club5","PokerPlayerMod:ClubShade"],"picked":"PokerPlayerMod:Heart4","floor":12},{"not_picked":["PokerPlayerMod:Diamond3","PokerPlayerMod:Diamond4"],"picked":"PokerPlayerMod:Diamond8","floor":13},{"not_picked":["PokerPlayerMod:Configure","PokerPlayerMod:ClubsClub","PokerPlayerMod:GamblerForm"],"picked":"SKIP","floor":14},{"not_picked":["PokerPlayerMod:Diamond9","PokerPlayerMod:WildCard"],"picked":"PokerPlayerMod:ChangeRules","floor":16},{"not_picked":["PokerPlayerMod:Diamond1","PokerPlayerMod:Spade1","PokerPlayerMod:Raise"],"picked":"SKIP","floor":18},{"not_picked":["PokerPlayerMod:Extraction","PokerPlayerMod:ClubsClub","PokerPlayerMod:Spade2"],"picked":"SKIP","floor":22},{"not_picked":["PokerPlayerMod:ClubsClub","PokerPlayerMod:Spade1"],"picked":"PokerPlayerMod:Diamond5","floor":23},{"not_picked":["PokerPlayerMod:Trickery","PokerPlayerMod:Configure"],"picked":"PokerPlayerMod:Diamond7","floor":25},{"not_picked":["PokerPlayerMod:Trickery","PokerPlayerMod:ClubsClub"],"picked":"PokerPlayerMod:SecondChance","floor":28},{"not_picked":["PokerPlayerMod:Club1","PokerPlayerMod:Spade4"],"picked":"PokerPlayerMod:Spade9","floor":29},{"not_picked":["PokerPlayerMod:SecretDealer","PokerPlayerMod:Spade8"],"picked":"PokerPlayerMod:Diamond10+","floor":33},{"not_picked":["PokerPlayerMod:Club2","PokerPlayerMod:Club3","PokerPlayerMod:Diamond3"],"picked":"SKIP","floor":35},{"not_picked":["PokerPlayerMod:Diamond3","PokerPlayerMod:Spade4"],"picked":"PokerPlayerMod:Spade8","floor":36},{"not_picked":["PokerPlayerMod:DiamondStrike","PokerPlayerMod:Fold+1"],"picked":"PokerPlayerMod:PoorCopy+1","floor":41},{"not_picked":["PokerPlayerMod:ClubsClub+1","PokerPlayerMod:Fold+1"],"picked":"PokerPlayerMod:CloakAndDiamond+1","floor":44},{"not_picked":["Flash of Steel","Chrysalis"],"picked":"Madness","floor":45},{"not_picked":["PokerPlayerMod:ClubDance+1","PokerPlayerMod:DiamondStrike+1"],"picked":"PokerPlayerMod:Configure+1","floor":47},{"not_picked":["PokerPlayerMod:Diamond3","PokerPlayerMod:Configure","PokerPlayerMod:ClubsClub"],"picked":"SKIP","floor":48}],"player_experience":26679,"relics_obtained":[{"floor":6,"key":"PokerPlayerMod:CoolBox"},{"floor":9,"key":"Girya"},{"floor":13,"key":"PokerPlayerMod:JackpotMachine"},{"floor":25,"key":"Lizard Tail"},{"floor":26,"key":"PreservedInsect"},{"floor":34,"key":"Boot"},{"floor":34,"key":"HornCleat"},{"floor":34,"key":"Calipers"},{"floor":41,"key":"Juzu Bracelet"},{"floor":43,"key":"Omamori"}],"event_choices":[{"damage_healed":0,"gold_gain":275,"player_choice":"Desecrate","damage_taken":0,"max_hp_gain":0,"max_hp_loss":0,"event_name":"Golden Shrine","floor":2,"gold_loss":0,"cards_obtained":["Regret"]},{"damage_healed":0,"gold_gain":0,"player_choice":"Damaged","damage_taken":5,"max_hp_gain":0,"max_hp_loss":0,"event_name":"Wheel of Change","floor":7,"gold_loss":0},{"damage_healed":0,"gold_gain":0,"player_choice":"Read","damage_taken":0,"max_hp_gain":0,"max_hp_loss":0,"event_name":"The Library","floor":19,"gold_loss":0,"cards_obtained":["PokerPlayerMod:Extraction"]},{"cards_removed":["PokerPlayerMod:Diamond1"],"damage_healed":0,"gold_gain":0,"player_choice":"Gave Gold","damage_taken":0,"max_hp_gain":0,"max_hp_loss":0,"event_name":"Beggar","floor":20,"gold_loss":75},{"cards_removed":["PokerPlayerMod:Diamond3"],"damage_healed":0,"gold_gain":0,"player_choice":"Single Remove","damage_taken":0,"max_hp_gain":0,"max_hp_loss":0,"event_name":"Designer","floor":21,"gold_loss":60},{"damage_healed":0,"gold_gain":0,"player_choice":"Ignored","damage_taken":0,"max_hp_gain":0,"max_hp_loss":0,"event_name":"Mysterious Sphere","floor":37,"gold_loss":0},{"cards_removed":["PokerPlayerMod:Harden"],"damage_healed":0,"gold_gain":0,"player_choice":"Removed Power","damage_taken":0,"max_hp_gain":0,"max_hp_loss":0,"event_name":"Falling","floor":39,"gold_loss":0},{"damage_healed":0,"gold_gain":0,"player_choice":"Memory 1","damage_taken":0,"max_hp_gain":0,"max_hp_loss":0,"event_name":"SensoryStone","floor":45,"gold_loss":0},{"damage_healed":0,"gold_gain":0,"player_choice":"1 cards matched","damage_taken":0,"max_hp_gain":0,"max_hp_loss":0,"event_name":"Match and Keep!","floor":46,"gold_loss":0,"cards_obtained":["PokerPlayerMod:Promotion"]}],"is_beta":false,"boss_relics":[{"not_picked":["Ectoplasm","Astrolabe"],"picked":"Tiny House"},{"not_picked":["Fusion Hammer","PokerPlayerMod:AceCard"],"picked":"Calling Bell"}],"items_purged_floors":[4,27,38],"is_endless":false,"potions_floor_spawned":[5,8,13,14,18,22,41,47],"ascension_level":0}}