{"host":"bxzomvt4ag86nh1n","time":1613588511,"event":{"mods":["BaseMod","Bestiary","Colored Map","Highlight Path","Minty Spire (QoL Compilation)","Relic Stats"],"gold_per_floor":[112,129,10,25,39,39,73,73,143,143,178,195,195,208,208,303,303,318,205,225,150,150,150,168,168,168,168,168,168,168],"floor_reached":29,"language":"ENG","playtime":2396,"items_purged":["Parasite"],"score":245,"play_id":"e1dae326-984a-43eb-a2c5-b52670098749","local_time":"20210217200151","is_ascension_mode":true,"campfire_choices":[{"data":"Havoc","floor":6,"key":"SMITH"},{"floor":10,"key":"REST"},{"data":"Clothesline","floor":15,"key":"SMITH"},{"data":"Rupture","floor":23,"key":"SMITH"},{"floor":25,"key":"REST"}],"circlet_count":0,"master_deck":["Strike_R","Strike_R","Strike_R","Defend_R","Defend_R","Defend_R","Defend_R","Bash","Havoc+1","Feel No Pain","Clothesline+1","Second Wind","Headbutt","Pommel Strike","Rupture+1","Brutality+1","Uppercut+1","Rupture","Heavy Blade"],"relics":["SlaversCollar","Shovel","Bottled Flame","Pen Nib","Sozu","MealTicket"],"acts_visited":["Exordium","TheCity"],"potions_floor_usage":[7,12,24],"damage_taken":[{"damage":6,"enemies":"Cultist","floor":1,"turns":3},{"damage":11,"enemies":"Jaw Worm","floor":2,"turns":4},{"damage":10,"enemies":"2 Louse","floor":4,"turns":3},{"damage":9,"enemies":"Blue Slaver","floor":5,"turns":3},{"damage":10,"enemies":"Lagavulin","floor":7,"turns":8},{"damage":10,"enemies":"Gremlin Nob","floor":11,"turns":3},{"damage":13,"enemies":"2 Fungi Beasts","floor":12,"turns":3},{"damage":15,"enemies":"Large Slime","floor":14,"turns":7},{"damage":14,"enemies":"Slime Boss","floor":16,"turns":13},{"damage":12,"enemies":"Spheric Guardian","floor":18,"turns":5},{"damage":13,"enemies":"Shell Parasite","floor":20,"turns":5},{"damage":34,"enemies":"Cultist and Chosen","floor":24,"turns":6},{"damage":36,"enemies":"Gremlin Leader","floor":29,"turns":2}],"seed_played":"2486687323642028921","potions_obtained":[{"floor":1,"key":"Ancient Potion"},{"floor":5,"key":"Block Potion"},{"floor":11,"key":"Ancient Potion"},{"floor":12,"key":"GamblersBrew"}],"is_trial":false,"path_per_floor":["M","M","$","M","M","R","E","?","T","R","E","M","?","M","R","B",null,"M","$","M","?","?","R","M","R","T","?","?","E"],"character_chosen":"IRONCLAD","items_purchased":["Clothesline","Second Wind","Rupture"],"campfire_rested":2,"item_purchase_floors":[3,3,19],"current_hp_per_floor":[74,63,63,53,44,44,34,27,27,51,41,28,48,33,33,19,80,68,68,55,55,41,41,7,31,31,31,31,0,0],"gold":168,"neow_bonus":"BOSS_RELIC","is_daily":false,"chose_seed":false,"campfire_upgraded":3,"win_rate":0.0,"timestamp":1613588511,"path_taken":["M","M","$","?","M","R","E","?","T","R","E","M","?","M","R","BOSS","M","$","M","?","?","R","M","R","T","?","?","E"],"items_purchased_type":["Card","Card","Card"],"build_version":"2020-12-22","purchased_purges":1,"victory":false,"max_hp_per_floor":[80,80,80,80,80,80,80,80,80,80,80,80,80,80,80,80,80,80,77,77,77,82,82,82,82,82,82,82,82,82],"relic_stats":{"Sozu":1,"Shovel":0,"counters":[13,65],"MealTicket":0,"Pen Nib":[8],"obtain_stats":[{"Sozu":17,"SlaversCollar":0,"Bottled Flame":9,"Shovel":7,"MealTicket":26,"Pen Nib":11,"Burning Blood":0},{"Sozu":9,"SlaversCollar":0,"Bottled Flame":5,"Shovel":5,"MealTicket":12,"Pen Nib":6,"Burning Blood":0},{"Sozu":47,"SlaversCollar":0,"Bottled Flame":21,"Shovel":21,"MealTicket":63,"Pen Nib":24,"Burning Blood":0}]},"card_choices":[{"not_picked":["Shockwave","Perfected Strike"],"picked":"Havoc","floor":1},{"not_picked":["Twin Strike","Fire Breathing"],"picked":"Feel No Pain","floor":2},{"not_picked":["Clothesline","Shrug It Off"],"picked":"Headbutt","floor":4},{"not_picked":["Power Through","Whirlwind"],"picked":"Pommel Strike","floor":5},{"not_picked":["Twin Strike","Bloodletting","Brutality"],"picked":"SKIP","floor":7},{"not_picked":["Iron Wave","Heavy Blade","Hemokinesis"],"picked":"SKIP","floor":11},{"not_picked":["Blood for Blood","Sword Boomerang","Headbutt"],"picked":"SKIP","floor":12},{"not_picked":["Wild Strike","Dropkick"],"picked":"Rupture","floor":14},{"not_picked":["Impervious","Offering"],"picked":"Brutality","floor":16},{"not_picked":["Shrug It Off","Metallicize"],"picked":"Uppercut+1","floor":18},{"not_picked":["True Grit","Havoc+1","Shrug It Off"],"picked":"SKIP","floor":20},{"not_picked":["Sword Boomerang","Clash+1","Iron Wave"],"picked":"SKIP","floor":24}],"player_experience":301538,"relics_obtained":[{"floor":7,"key":"Shovel"},{"floor":9,"key":"Bottled Flame"},{"floor":11,"key":"Pen Nib"},{"floor":26,"key":"MealTicket"}],"event_choices":[{"cards_removed":["Strike_R"],"damage_healed":0,"gold_gain":0,"player_choice":"Card Removal","damage_taken":7,"max_hp_gain":0,"max_hp_loss":0,"event_name":"Golden Wing","floor":8,"gold_loss":0},{"damage_healed":20,"gold_gain":0,"player_choice":"Healed and dodged fight","damage_taken":0,"max_hp_gain":0,"max_hp_loss":0,"event_name":"Mushrooms","floor":13,"gold_loss":0,"cards_obtained":["Parasite"]},{"cards_removed":["Strike_R"],"damage_healed":0,"gold_gain":0,"player_choice":"Gave Gold","damage_taken":0,"max_hp_gain":0,"max_hp_loss":0,"event_name":"Beggar","floor":21,"gold_loss":75},{"damage_healed":0,"gold_gain":0,"player_choice":"Shed Blood","damage_taken":19,"max_hp_gain":5,"max_hp_loss":0,"event_name":"Forgotten Altar","floor":22,"gold_loss":0},{"damage_healed":0,"gold_gain":0,"player_choice":"Read","damage_taken":0,"max_hp_gain":0,"max_hp_loss":0,"event_name":"The Library","floor":27,"gold_loss":0,"cards_obtained":["Heavy Blade"]},{"damage_healed":0,"gold_gain":0,"player_choice":"Forge","damage_taken":0,"max_hp_gain":0,"max_hp_loss":0,"event_name":"Accursed Blacksmith","floor":28,"gold_loss":0,"cards_upgraded":["Brutality"]}],"is_beta":false,"boss_relics":[{"not_picked":["Runic Pyramid","Snecko Eye"],"picked":"Sozu"}],"items_purged_floors":[19],"is_endless":false,"potions_floor_spawned":[1,5,11,12,20],"killed_by":"Gremlin Leader","ascension_level":1}}