{"host":"zxkjcgzis4pm3za5","time":1613576672,"event":{"mods":["2.2 Compatiblity","AchievementEnabler","BaseMod","Colored Map","Colored Powertips","Minty Spire (QoL Compilation)","Quick Restart","Random Character Button","Relic Filter Mod","Relic Sorter","Relic Stats","StSLib"],"gold_per_floor":[109,34,52,52,66,96,96,131,131,27,27,45,45,84,84,84,84],"floor_reached":16,"language":"ENG","playtime":498,"items_purged":["Strike_B"],"score":240,"play_id":"d9c91316-e8f8-4a41-b321-66e2bf3e4ae7","local_time":"20210217211432","is_ascension_mode":true,"campfire_choices":[{"floor":11,"key":"REST"},{"data":"Hologram","floor":15,"key":"SMITH"}],"circlet_count":0,"master_deck":["AscendersBane","Strike_B","Strike_B","Strike_B","Defend_B","Defend_B","Defend_B","Zap","Dualcast","Streamline","Conserve Battery","Gash","Coolheaded","Hologram+1","Beam Cell","Go for the Eyes","Skim"],"relics":["Cracked Core","InkBottle","Art of War","Regal Pillow","Golden Idol","HornCleat"],"acts_visited":["Exordium"],"potions_floor_usage":[6,6,7],"damage_taken":[{"damage":0,"enemies":"2 Louse","floor":1,"turns":2},{"damage":14,"enemies":"Small Slimes","floor":3,"turns":4},{"damage":1,"enemies":"Cultist","floor":5,"turns":3},{"damage":15,"enemies":"Lagavulin","floor":6,"turns":6},{"damage":0,"enemies":"Exordium Wildlife","floor":7,"turns":1},{"damage":40,"enemies":"3 Sentries","floor":8,"turns":8},{"damage":0,"enemies":"2 Fungi Beasts","floor":12,"turns":3},{"damage":42,"enemies":"Gremlin Nob","floor":14,"turns":5},{"damage":21,"enemies":"Hexaghost","floor":16,"turns":9}],"seed_played":"6777221341067962","potions_obtained":[{"floor":3,"key":"EntropicBrew"},{"floor":14,"key":"DuplicationPotion"}],"is_trial":false,"path_per_floor":["M","?","M","?","M","E","M","E","T","$","R","M","?","E","R","B"],"character_chosen":"DEFECT","items_purchased":["Beam Cell"],"campfire_rested":1,"item_purchase_floors":[10],"current_hp_per_floor":[71,71,57,78,77,62,62,22,22,22,60,60,60,18,18,0,0],"gold":84,"neow_bonus":"TEN_PERCENT_HP_BONUS","is_daily":false,"chose_seed":false,"campfire_upgraded":1,"win_rate":0.0,"timestamp":1613576672,"path_taken":["M","?","M","?","M","E","M","E","T","$","R","?","?","E","R","BOSS"],"items_purchased_type":["Card"],"build_version":"2020-12-22","purchased_purges":1,"victory":false,"max_hp_per_floor":[78,78,78,78,78,78,78,78,78,78,78,78,71,71,71,71,71],"relic_stats":{"Regal Pillow":15,"counters":[9,41],"Golden Idol":8,"Art of War":[0],"obtain_stats":[{"Regal Pillow":9,"HornCleat":14,"Golden Idol":13,"Art of War":8,"Cracked Core":0,"InkBottle":6},{"Regal Pillow":6,"HornCleat":8,"Golden Idol":7,"Art of War":6,"Cracked Core":0,"InkBottle":4},{"Regal Pillow":24,"HornCleat":32,"Golden Idol":27,"Art of War":24,"Cracked Core":0,"InkBottle":15}],"InkBottle":[7]},"card_choices":[{"not_picked":["Rebound","Sweeping Beam"],"picked":"Streamline","floor":1},{"not_picked":["Aggregate","Stack"],"picked":"Conserve Battery","floor":3},{"not_picked":["Redo","Turbo"],"picked":"Gash","floor":5},{"not_picked":["Conserve Battery","Redo"],"picked":"Coolheaded","floor":6},{"not_picked":["Auto Shields","Thunder Strike"],"picked":"Hologram","floor":8},{"not_picked":["Ball Lightning","Cold Snap"],"picked":"Go for the Eyes","floor":12},{"not_picked":["Barrage","Seek"],"picked":"Skim","floor":14}],"player_experience":388517,"relics_obtained":[{"floor":6,"key":"InkBottle"},{"floor":8,"key":"Art of War"},{"floor":9,"key":"Regal Pillow"},{"floor":14,"key":"HornCleat"}],"event_choices":[{"cards_removed":["Defend_B"],"damage_healed":0,"gold_gain":0,"player_choice":"Card Removal","damage_taken":0,"max_hp_gain":0,"max_hp_loss":0,"event_name":"The Cleric","floor":2,"gold_loss":75},{"damage_healed":21,"gold_gain":0,"player_choice":"Full Heal","damage_taken":0,"max_hp_gain":0,"max_hp_loss":0,"event_name":"Wheel of Change","floor":4,"gold_loss":0},{"damage_healed":0,"gold_gain":0,"player_choice":"Lose Max HP","damage_taken":0,"relics_obtained":["Golden Idol"],"max_hp_gain":0,"max_hp_loss":7,"event_name":"Golden Idol","floor":13,"gold_loss":0}],"is_beta":false,"boss_relics":[],"items_purged_floors":[10],"is_endless":false,"potions_floor_spawned":[3,14],"killed_by":"Hexaghost","ascension_level":20}}