{"host":"iovigr651ajk16h5","time":1613605234,"event":{"mods":["2.2 Compatiblity","AchievementEnabler","Aspiration","BaseMod","Better Altar","Better Match","Better Note","Better Sensory Stone","Better Skull","Better Third Choice","Block Reminder","Colored Map","Ekko","Energized Spire","GifTheSpireLib","GungeonMod","Halation","Hermit","Highlight Path","Hubris","Infinite Spire","Koishi","Luminous","Marisa????????","Minty Spire (QoL Compilation)","Nova Terra(??·??)","Onozuka Komachi Mod","Permanent Neow","Prisma Mod","Quick Restart","Railgun Mod","Remilia??????","Replay The Spire","StSLib","Stuff the Spire","Td1madao Mod","The Administrix","The Bladedancer","The Bug Knight","The Construct","The Marked","TheSwordswoman","Trackpad","Waifu the Spire","WarShipGirlsR/????R mod","everything is the same but u backflip on backflip"],"gold_per_floor":[119,136,147,72,83,83,33,65,65,65,94,112,74,74,74,169,169,185,185,185,185,14,14,14],"floor_reached":23,"language":"ENG","playtime":957,"items_purged":["Strike_MRS","Strike_MRS","Strike_MRS"],"score":199,"play_id":"398e1d70-53f8-48ff-bcd0-930d0503c3ce","local_time":"20210217184034","is_ascension_mode":false,"campfire_choices":[{"data":"UpSweep","floor":6.0,"key":"SMITH"},{"floor":15.0,"key":"REST"}],"circlet_count":0,"master_deck":["Defend_MRS","Defend_MRS","Defend_MRS","Defend_MRS","MasterSpark","UpSweep+1","MachineGunSpark","ChargingUp","ChargingUp","ChargeUpSpray","MaximisePower+1","GalacticHalo","GalacticHalo","ChargeUpSpray"],"relics":["MiniHakkero","NeowsBlessing","Mirror","hubris:Icosahedron","Strawberry","Fusion Hammer"],"acts_visited":["Exordium","TheCity"],"potions_floor_usage":[],"damage_taken":[{"damage":0.0,"enemies":"Small Slimes","floor":1.0,"turns":1.0},{"damage":0.0,"enemies":"2 Louse","floor":2.0,"turns":1.0},{"damage":0.0,"enemies":"Jaw Worm","floor":3.0,"turns":1.0},{"damage":14.0,"enemies":"Exordium Thugs","floor":5.0,"turns":5.0},{"damage":6.0,"enemies":"Gremlin Nob","floor":8.0,"turns":3.0},{"damage":30.0,"enemies":"3 Sentries","floor":11.0,"turns":8.0},{"damage":10.0,"enemies":"Looter","floor":12.0,"turns":3.0},{"damage":2.0,"enemies":"2 Fungi Beasts","floor":13.0,"turns":3.0},{"damage":64.0,"enemies":"Fading Forest","floor":16.0,"turns":11.0},{"damage":10.0,"enemies":"2 Thieves","floor":18.0,"turns":4.0},{"damage":0,"enemies":"Gremlin Leader","floor":23,"turns":1}],"seed_played":"-7375305394984783237","potions_obtained":[{"floor":2.0,"key":"Swift Potion"},{"floor":5.0,"key":"BottledSpark"},{"floor":16.0,"key":"DistilledChaos"}],"is_trial":false,"path_per_floor":["M","M","M","$","M","R","?","E","T","?","E","M","M","$","R","B",null,"M","AVR","?","?","$","E"],"character_chosen":"MARISA","items_purchased":["ChargeUpSpray"],"campfire_rested":1,"item_purchase_floors":[22],"current_hp_per_floor":[75,75,75,75,61,61,61,55,55,55,32,22,20,20,44,28,82,72,72,72,72,72,72,72],"gold":14,"neow_bonus":"THREE_ENEMY_KILL","is_daily":false,"chose_seed":false,"campfire_upgraded":1,"win_rate":0.0,"timestamp":1613605234,"path_taken":["M","M","M","$","M","R","?","E","T","?","E","M","M","$","R","BOSS","M","AVR","?","?","$","E"],"items_purchased_type":["Card"],"build_version":"2020-12-22","purchased_purges":3,"victory":false,"max_hp_per_floor":[75,75,75,75,75,75,75,75,75,75,82,82,82,82,82,82,82,82,82,82,82,82,82,82],"card_choices":[{"not_picked":["AsteroidBelt","UnstableBomb","IllusionStar"],"picked":"SKIP","floor":1.0},{"not_picked":["AsteroidBelt","GravityBeat","MilkyWay"],"picked":"SKIP","floor":2.0},{"not_picked":["FairyDestructionRay","WitchLeyline"],"picked":"MachineGunSpark","floor":3.0},{"not_picked":["UnstableBomb","ShootingEcho"],"picked":"ChargingUp","floor":5.0},{"not_picked":["EarthLightRay","MagicAbsorber","Acceleration"],"picked":"SKIP","floor":8.0},{"not_picked":["MilkyWay","DC"],"picked":"ChargingUp","floor":11.0},{"not_picked":["Acceleration","IllusionStar"],"picked":"ChargeUpSpray","floor":12.0},{"not_picked":["UnstableBomb","MysteriousBeam","Singularity"],"picked":"SKIP","floor":13.0},{"not_picked":["SatelliteIllusion","EscapeVelocity"],"picked":"MaximisePower","floor":16.0},{"not_picked":["Acceleration","WitchLeyline+1"],"picked":"GalacticHalo","floor":18.0}],"player_experience":357647,"relics_obtained":[{"floor":9.0,"key":"Mirror"},{"floor":11.0,"key":"Strawberry"}],"event_choices":[{"cards_removed":["Strike_MRS"],"damage_healed":0.0,"max_hp_gain":0.0,"max_hp_loss":0.0,"gold_gain":0.0,"event_name":"The Cleric","player_choice":"Card Removal","floor":7.0,"gold_loss":50.0,"damage_taken":0.0},{"damage_healed":0.0,"max_hp_gain":0.0,"max_hp_loss":0.0,"gold_gain":0.0,"event_name":"Accursed Blacksmith","player_choice":"Forge","floor":20.0,"gold_loss":0.0,"damage_taken":0.0,"cards_upgraded":["MaximisePower"]},{"cards_removed":["MaximisePower"],"damage_healed":0.0,"max_hp_gain":0.0,"max_hp_loss":0.0,"gold_gain":0.0,"event_name":"betterNote:BetterNote","player_choice":"Take \u0026 Give","floor":21.0,"gold_loss":0.0,"damage_taken":0.0,"cards_obtained":["GalacticHalo"]}],"is_beta":false,"boss_relics":[{"not_picked":["halation:HeavySnake","Snecko Eye"],"picked":"Fusion Hammer"}],"items_purged_floors":[4,19,22],"is_endless":false,"potions_floor_spawned":[2,5,16],"killed_by":"Gremlin Leader","ascension_level":0}}