{"host":"sp1f3sybb350mzsh","time":1613528044,"event":{"mods":["AchievementEnabler","BaseMod","Bestiary","Colored Map","Colored Powertips","Filter the Spire","Minty Spire (QoL Compilation)","Relic Stats","StSLib"],"gold_per_floor":[113,113,113,129,148,148,182,182,206,240,240,276,276,291,291,416,416,432,74,74,86,116,163,175,112,124,177,189,245,257,288,300,442,454,490,517,23,23,23,56,56,56,83,146,146,171,186,211,211,211,211],"floor_reached":50,"language":"ENG","playtime":3472,"items_purged":["Strike_B"],"score":793,"play_id":"3866dc3b-3156-4070-9229-b9947fabf443","local_time":"20210216201404","is_ascension_mode":true,"campfire_choices":[{"data":"Dualcast","floor":6.0,"key":"SMITH"},{"data":"Redo","floor":11.0,"key":"SMITH"},{"data":"Loop","floor":13.0,"key":"SMITH"},{"data":"Scrape","floor":15.0,"key":"SMITH"},{"floor":24.0,"key":"REST"},{"data":"Biased Cognition","floor":28.0,"key":"SMITH"},{"data":"Static Discharge","floor":30.0,"key":"SMITH"},{"floor":32.0,"key":"REST"},{"data":"Apotheosis","floor":41,"key":"SMITH"},{"floor":45,"key":"REST"},{"floor":49,"key":"REST"}],"circlet_count":0,"master_deck":["Strike_B","Defend_B","Defend_B","Zap+1","Dualcast+1","Beam Cell+1","Leap+1","Rebound","Scrape+1","Glacier","Redo+1","Steam","Loop+1","Gash","Biased Cognition+1","Tempest","Gash","Sweeping Beam","Chaos","Ball Lightning","Genetic Algorithm","Ball Lightning","Static Discharge+1","Conserve Battery","Amplify","Darkness+1","Stack","Apotheosis+1","Doom and Gloom+1","Aggregate","Rebound+1","White Noise+1","Barrage+1","Skim+1","Aggregate+1","Hello World+1"],"relics":["Astrolabe","Boot","Golden Idol","Bag of Preparation","Nunchaku","Lizard Tail","Inserter","MawBank","Thread and Needle","Regal Pillow","MealTicket","Shuriken","Molten Egg 2","SacredBark","Chemical X","Bird Faced Urn","Pocketwatch","Potion Belt","Peace Pipe"],"acts_visited":["Exordium","TheCity","TheBeyond"],"potions_floor_usage":[40,40,47,48],"damage_taken":[{"damage":7.0,"enemies":"Small Slimes","floor":1.0,"turns":4.0},{"damage":2.0,"enemies":"Jaw Worm","floor":4.0,"turns":3.0},{"damage":0.0,"enemies":"2 Louse","floor":5.0,"turns":3.0},{"damage":9.0,"enemies":"3 Sentries","floor":7.0,"turns":12.0},{"damage":9.0,"enemies":"Lagavulin","floor":10.0,"turns":6.0},{"damage":7.0,"enemies":"Gremlin Nob","floor":12.0,"turns":3.0},{"damage":2.0,"enemies":"Exordium Wildlife","floor":14.0,"turns":6.0},{"damage":0.0,"enemies":"Slime Boss","floor":16.0,"turns":6.0},{"damage":13.0,"enemies":"Spheric Guardian","floor":18.0,"turns":7.0},{"damage":2.0,"enemies":"2 Thieves","floor":22.0,"turns":5.0},{"damage":28.0,"enemies":"Slavers","floor":23.0,"turns":6.0},{"damage":30.0,"enemies":"Book of Stabbing","floor":27.0,"turns":5.0},{"damage":0.0,"enemies":"Gremlin Leader","floor":29.0,"turns":6.0},{"damage":8.0,"enemies":"Cultist and Chosen","floor":31.0,"turns":3.0},{"damage":25.0,"enemies":"Automaton","floor":33.0,"turns":6.0},{"damage":13.0,"enemies":"3 Darklings","floor":35.0,"turns":5.0},{"damage":20.0,"enemies":"Orb Walker","floor":36.0,"turns":4.0},{"damage":28,"enemies":"Nemesis","floor":40,"turns":9},{"damage":7,"enemies":"Mind Bloom Boss Battle","floor":44,"turns":8},{"damage":38,"enemies":"Sphere and 2 Shapes","floor":46,"turns":5},{"damage":22,"enemies":"4 Shapes","floor":47,"turns":2},{"damage":9,"enemies":"Spire Growth","floor":48,"turns":5},{"damage":94,"enemies":"Awakened One","floor":50,"turns":6}],"seed_played":"-5109934312902698936","potions_obtained":[{"floor":7.0,"key":"Swift Potion"},{"floor":10.0,"key":"EssenceOfSteel"},{"floor":12.0,"key":"AttackPotion"},{"floor":18.0,"key":"SkillPotion"},{"floor":31.0,"key":"Block Potion"},{"floor":44,"key":"LiquidMemories"},{"floor":46,"key":"SteroidPotion"},{"floor":47,"key":"Weak Potion"}],"is_trial":false,"path_per_floor":["M","?","?","M","M","R","E","?","T","E","R","E","R","M","R","B",null,"M","$","?","T","M","E","R","?","T","E","R","E","R","M","R","B",null,"M","M","$","?","?","E","R","T","T","?","R","M","M","M","R","B"],"character_chosen":"DEFECT","items_purchased":["Gash","Sweeping Beam","Chaos","EntropicBrew","Apotheosis","Doom and Gloom+1","Aggregate","Chemical X","Rebound+1"],"campfire_rested":4,"item_purchase_floors":[19,19,19,19,37,37,37,37,37],"current_hp_per_floor":[68,68,68,66,66,66,57,57,57,48,48,41,41,39,39,39,69,56,56,56,56,54,26,61,61,61,31,31,31,31,23,58,33,69,56,36,51,51,51,23,23,23,23,24,59,31,13,10,45,0,0],"gold":211,"neow_bonus":"BOSS_RELIC","is_daily":false,"chose_seed":false,"campfire_upgraded":7,"win_rate":0.0,"timestamp":1613528044,"path_taken":["M","?","?","M","M","R","E","?","T","E","R","E","R","M","R","BOSS","M","$","?","?","M","E","R","?","T","E","R","E","R","?","R","BOSS","M","M","$","?","?","E","R","?","T","?","R","M","M","M","R","BOSS"],"items_purchased_type":["Card","Card","Card","Potion","Card","Card","Card","Relic","Card"],"build_version":"2020-12-22","purchased_purges":1,"victory":false,"max_hp_per_floor":[75,75,75,75,75,75,75,69,69,69,69,69,69,69,69,69,69,69,69,69,69,69,69,69,69,69,69,69,69,69,69,69,69,69,69,69,69,69,69,69,69,69,69,69,69,69,69,69,69,69,69],"relic_stats":{"Regal Pillow":60,"Inserter":[41],"counters":[23,124],"Golden Idol":144,"Astrolabe":["Beam Cell","Heatsinks","Leap"],"Bag of Preparation":[38],"Boot":[65],"MawBank":204,"Peace Pipe":0,"Nunchaku":[18],"Lizard Tail":34,"Shuriken":[18],"Bird Faced Urn":[32],"MealTicket":15,"Chemical X":[5],"obtain_stats":[{"Potion Belt":43,"Regal Pillow":23,"Inserter":17,"Golden Idol":8,"Astrolabe":0,"SacredBark":34,"Thread and Needle":21,"Bag of Preparation":9,"Boot":7,"MawBank":20,"Peace Pipe":44,"Nunchaku":10,"Lizard Tail":12,"Shuriken":27,"Bird Faced Urn":40,"MealTicket":26,"Molten Egg 2":29,"Chemical X":37,"Cracked Core":0,"Pocketwatch":42},{"Potion Belt":18,"Regal Pillow":11,"Inserter":8,"Golden Idol":4,"Astrolabe":0,"SacredBark":15,"Thread and Needle":9,"Bag of Preparation":4,"Boot":4,"MawBank":9,"Peace Pipe":19,"Nunchaku":5,"Lizard Tail":6,"Shuriken":12,"Bird Faced Urn":18,"MealTicket":11,"Molten Egg 2":13,"Chemical X":17,"Cracked Core":0,"Pocketwatch":18},{"Potion Belt":98,"Regal Pillow":61,"Inserter":43,"Golden Idol":22,"Astrolabe":0,"SacredBark":81,"Thread and Needle":50,"Bag of Preparation":22,"Boot":22,"MawBank":50,"Peace Pipe":106,"Nunchaku":28,"Lizard Tail":31,"Shuriken":66,"Bird Faced Urn":98,"MealTicket":61,"Molten Egg 2":72,"Chemical X":89,"Cracked Core":0,"Pocketwatch":98}],"Pocketwatch":[15]},"card_choices":[{"not_picked":["Barrage","Consume"],"picked":"Rebound","floor":1.0},{"not_picked":["Recycle","Barrage"],"picked":"Scrape","floor":4.0},{"not_picked":["Coolheaded","Chaos"],"picked":"Glacier","floor":5.0},{"not_picked":["Barrage","Skim"],"picked":"Redo","floor":7.0},{"not_picked":["Compile Driver","Coolheaded"],"picked":"Steam","floor":10.0},{"not_picked":["Chill","Leap"],"picked":"Loop","floor":12.0},{"not_picked":["Hologram","Redo"],"picked":"Gash","floor":14.0},{"not_picked":["Machine Learning","Echo Form"],"picked":"Biased Cognition","floor":16.0},{"not_picked":["Compile Driver","Steam"],"picked":"Tempest","floor":18.0},{"not_picked":["Reinforced Body","Redo+1"],"picked":"Ball Lightning","floor":22.0},{"not_picked":["Rip and Tear","Thunder Strike"],"picked":"Genetic Algorithm","floor":23.0},{"not_picked":["Core Surge","Streamline"],"picked":"Ball Lightning","floor":27.0},{"not_picked":["Leap","Redo"],"picked":"Static Discharge","floor":29.0},{"not_picked":["Blizzard+1","Compile Driver+1"],"picked":"Conserve Battery","floor":31.0},{"not_picked":["Hyperbeam+1","Multi-Cast"],"picked":"Amplify","floor":33.0},{"not_picked":["Streamline+1","Gash+1"],"picked":"Darkness+1","floor":35.0},{"not_picked":["Auto Shields","Beam Cell+1"],"picked":"Stack","floor":36.0},{"not_picked":["Coolheaded+1","Ball Lightning+1"],"picked":"White Noise+1","floor":40},{"not_picked":["Double Energy","Hologram+1"],"picked":"Barrage+1","floor":44},{"not_picked":["Compile Driver+1","Loop+1"],"picked":"Skim+1","floor":46},{"not_picked":["Gash+1","Amplify"],"picked":"Aggregate+1","floor":47},{"not_picked":["Beam Cell+1","Turbo+1"],"picked":"Hello World+1","floor":48}],"player_experience":180199,"relics_obtained":[{"floor":7.0,"key":"Boot"},{"floor":9.0,"key":"Bag of Preparation"},{"floor":10.0,"key":"Nunchaku"},{"floor":12.0,"key":"Lizard Tail"},{"floor":21.0,"key":"Thread and Needle"},{"floor":23.0,"key":"Regal Pillow"},{"floor":26.0,"key":"MealTicket"},{"floor":27.0,"key":"Shuriken"},{"floor":29.0,"key":"Molten Egg 2"},{"floor":40,"key":"Bird Faced Urn"},{"floor":42,"key":"Pocketwatch"},{"floor":43,"key":"Potion Belt"},{"floor":44,"key":"Peace Pipe"}],"event_choices":[{"damage_healed":0.0,"max_hp_gain":0.0,"max_hp_loss":0.0,"gold_gain":0.0,"event_name":"Living Wall","player_choice":"Grow","floor":2.0,"gold_loss":0.0,"damage_taken":0.0,"cards_upgraded":["Zap"]},{"damage_healed":0.0,"max_hp_gain":0.0,"max_hp_loss":0.0,"gold_gain":0.0,"event_name":"The Cleric","player_choice":"Leave","floor":3.0,"gold_loss":0.0,"damage_taken":0.0},{"damage_healed":0.0,"max_hp_gain":0.0,"max_hp_loss":6.0,"gold_gain":0.0,"event_name":"Golden Idol","player_choice":"Lose Max HP","floor":8.0,"gold_loss":0.0,"damage_taken":0.0,"relics_obtained":["Golden Idol"]},{"damage_healed":0.0,"max_hp_gain":0.0,"max_hp_loss":0.0,"gold_gain":0.0,"event_name":"The Mausoleum","player_choice":"Opened","floor":20.0,"gold_loss":0.0,"damage_taken":0.0,"relics_obtained":["MawBank"]},{"cards_removed":["Defend_B"],"damage_healed":0.0,"max_hp_gain":0.0,"max_hp_loss":0.0,"gold_gain":0.0,"event_name":"Beggar","player_choice":"Gave Gold","floor":25.0,"gold_loss":75.0,"damage_taken":0.0},{"damage_healed":0,"gold_gain":0,"player_choice":"Ignored","damage_taken":0,"max_hp_gain":0,"max_hp_loss":0,"event_name":"Mysterious Sphere","floor":38,"gold_loss":0},{"cards_removed":["Heatsinks"],"damage_healed":0,"gold_gain":0,"player_choice":"Removed Power","damage_taken":0,"max_hp_gain":0,"max_hp_loss":0,"event_name":"Falling","floor":39,"gold_loss":0},{"damage_healed":0,"gold_gain":0,"player_choice":"Fight","damage_taken":0,"max_hp_gain":0,"max_hp_loss":0,"event_name":"MindBloom","floor":44,"gold_loss":0}],"is_beta":false,"boss_relics":[{"not_picked":["Ectoplasm","Tiny House"],"picked":"Inserter"},{"not_picked":["Busted Crown","Velvet Choker"],"picked":"SacredBark"}],"items_purged_floors":[19],"is_endless":false,"potions_floor_spawned":[7,10,12,18,22,31,44,46,47],"killed_by":"Awakened One","ascension_level":4}}