{"host":"wmojtwekh6s3tor5","time":1613533952,"event":{"mods":["BaseMod","Colored Map","Colored Powertips","DeckTracker","Highlight Path","Minty Spire (QoL Compilation)","StSLib"],"gold_per_floor":[119,85,85,85,99,124,49,49,49,49,66,85,98,128,128,233,233,245,264,264,264,264],"floor_reached":21,"language":"ZHS","playtime":739,"items_purged":["Defend_G"],"score":265,"play_id":"a89b5825-e8ba-4a88-9eff-c985d02d7488","local_time":"20210217115232","is_ascension_mode":true,"campfire_choices":[{"data":"Terror","floor":8.0,"key":"SMITH"},{"data":"Neutralize","floor":10.0,"key":"SMITH"},{"data":"Expertise","floor":15.0,"key":"SMITH"}],"circlet_count":0,"master_deck":["Strike_G","Strike_G","Strike_G","Strike_G","Strike_G","Defend_G","Defend_G","Survivor","Neutralize+1","Expertise+1","Terror+1","Backflip"],"relics":["Ring of the Snake","NeowsBlessing","Blue Candle","Tingsha","Mummified Hand","Empty Cage"],"acts_visited":["Exordium","TheCity"],"potions_floor_usage":[],"damage_taken":[{"damage":0.0,"enemies":"Small Slimes","floor":1.0,"turns":1.0},{"damage":0.0,"enemies":"2 Louse","floor":5.0,"turns":1.0},{"damage":0.0,"enemies":"Gremlin Nob","floor":6.0,"turns":1.0},{"damage":0.0,"enemies":"Cultist","floor":11.0,"turns":3.0},{"damage":2.0,"enemies":"Red Slaver","floor":12.0,"turns":3.0},{"damage":4.0,"enemies":"2 Fungi Beasts","floor":13.0,"turns":3.0},{"damage":44.0,"enemies":"Hexaghost","floor":16.0,"turns":12.0},{"damage":13.0,"enemies":"Chosen","floor":18.0,"turns":5.0},{"damage":21.0,"enemies":"3 Byrds","floor":19.0,"turns":8.0},{"damage":0,"enemies":"Sentry and Sphere","floor":21,"turns":1}],"seed_played":"6196987317974800345","potions_obtained":[{"floor":1.0,"key":"LiquidMemories"},{"floor":4.0,"key":"PowerPotion"},{"floor":4.0,"key":"Fruit Juice"},{"floor":4.0,"key":"Weak Potion"},{"floor":6.0,"key":"Dexterity Potion"},{"floor":18.0,"key":"Weak Potion"}],"is_trial":false,"path_per_floor":["M","$","?","?","M","E","$","R","T","R","M","M","M","?","R","B",null,"M","M","?","M"],"character_chosen":"THE_SILENT","items_purchased":["Terror"],"campfire_rested":0,"item_purchase_floors":[2],"current_hp_per_floor":[63,63,63,68,68,68,68,68,68,68,68,66,62,62,62,18,61,48,27,27,27,27],"gold":264,"neow_bonus":"THREE_ENEMY_KILL","is_daily":false,"chose_seed":false,"campfire_upgraded":3,"win_rate":0.0,"timestamp":1613533952,"path_taken":["M","$","?","?","?","E","?","R","T","R","M","M","M","?","R","BOSS","M","M","?","?"],"items_purchased_type":["Card"],"build_version":"2020-12-22","purchased_purges":1,"victory":false,"max_hp_per_floor":[70,70,70,75,75,75,75,75,75,75,75,75,75,75,75,75,75,75,75,75,75,75],"card_choices":[{"not_picked":["Sucker Punch","Slice"],"picked":"Expertise","floor":1.0},{"not_picked":["Bane","Dash","Acrobatics"],"picked":"SKIP","floor":5.0},{"not_picked":["Terror","Deflect","Expertise"],"picked":"SKIP","floor":6.0},{"not_picked":["Bane","Quick Slash","Sucker Punch"],"picked":"SKIP","floor":11.0},{"not_picked":["Deflect","Eviscerate","Flying Knee"],"picked":"SKIP","floor":12.0},{"not_picked":["Deflect","Deadly Poison","Bouncing Flask"],"picked":"SKIP","floor":13.0},{"not_picked":["Acrobatics","Blade Dance","Calculated Gamble"],"picked":"SKIP","floor":18.0},{"not_picked":["Dagger Spray","Choke+1"],"picked":"Backflip","floor":19.0}],"player_experience":654881,"relics_obtained":[{"floor":6.0,"key":"Blue Candle"},{"floor":9.0,"key":"Tingsha"}],"event_choices":[{"damage_healed":0.0,"max_hp_gain":0.0,"max_hp_loss":0.0,"gold_gain":0.0,"event_name":"Golden Idol","player_choice":"Ignored","floor":3.0,"gold_loss":0.0,"damage_taken":0.0},{"damage_healed":0.0,"max_hp_gain":0.0,"max_hp_loss":0.0,"gold_gain":0.0,"event_name":"Lab","player_choice":"Got Potions","floor":4.0,"gold_loss":0.0,"damage_taken":0.0},{"damage_healed":0.0,"max_hp_gain":0.0,"max_hp_loss":0.0,"gold_gain":30.0,"event_name":"Dead Adventurer","player_choice":"Searched \u00273\u0027 times","floor":14.0,"gold_loss":0.0,"damage_taken":0.0,"relics_obtained":["Mummified Hand"]},{"damage_healed":0.0,"max_hp_gain":0.0,"max_hp_loss":0.0,"gold_gain":0.0,"event_name":"Duplicator","player_choice":"Ignored","floor":20.0,"gold_loss":0.0,"damage_taken":0.0}],"is_beta":false,"boss_relics":[{"not_picked":["Black Star","Pandora\u0027s Box"],"picked":"Empty Cage"}],"items_purged_floors":[7],"is_endless":false,"potions_floor_spawned":[1,6,13,18],"killed_by":"Sentry and Sphere","ascension_level":6}}