{"host":"v4tuy5ykrbdcm9o9","time":1613574020,"event":{"mods":["BaseMod","Duelist Mod","Minty Spire (QoL Compilation)","Replay The Spire","StSLib"],"gold_per_floor":[116,116,128,147,157,188,201,228,228,228,254,11,46,143,143,243,243,258,272,286,106,117,145,145,174,254,299,179,203,245,271,283,295,295],"floor_reached":33,"language":"ENG","playtime":2943,"items_purged":[],"score":665,"play_id":"addf812e-b886-444d-a522-ad12581677b5","local_time":"20210217100020","is_ascension_mode":true,"campfire_choices":[{"floor":10,"key":"REST"},{"floor":15,"key":"RECALL"},{"data":"Crow Ritual","floor":24,"key":"SMITH"},{"floor":32,"key":"REST"}],"circlet_count":0,"master_deck":["Strike_B","Strike_B","Strike_B","Strike_B","Defend_B","Defend_B","Defend_B","Defend_B","Zap","Dualcast","Genetic Algorithm","Undo","Dramatic Entrance","Conserve Battery","Sunder","Sweeping Beam","Melter","Go for the Eyes","Ball Lightning","Crow Ritual+1","Cold Snap","Sweeping Beam","Sweeping Beam","Cold Snap","Panic Button","Mirror Shield","Lockon","Go for the Eyes","Conserve Battery+1","Sunder","Flash of Steel","Barrage+1","Static Discharge+1","All For One","Steam","Ball Lightning+1","Turbo","Auto Shields+1"],"relics":["Cracked Core","Omamori","StrikeDummy","Mango","Replay:Bottled Steam","Philosopher\u0027s Stone","ReplayTheSpireMod:TigerMarble","MawBank","Letter Opener","Replay:Ringing Soul","Eternal Feather","Bag of Preparation"],"acts_visited":["Exordium","TheCity"],"potions_floor_usage":[6,8,13,20,22,22,25,25,30,30,33],"damage_taken":[{"damage":0,"enemies":"2 Louse","floor":1,"turns":3},{"damage":0,"enemies":"Cultist","floor":3,"turns":5},{"damage":0,"enemies":"Small Slimes","floor":4,"turns":3},{"damage":2,"enemies":"Exordium Thugs","floor":5,"turns":4},{"damage":35,"enemies":"Gremlin Nob","floor":6,"turns":4},{"damage":1,"enemies":"Lots of Slimes","floor":7,"turns":2},{"damage":3,"enemies":"Lagavulin","floor":8,"turns":6},{"damage":8,"enemies":"3 Sentries","floor":11,"turns":4},{"damage":0,"enemies":"Lagavulin","floor":13,"turns":5},{"damage":50,"enemies":"The Guardian","floor":16,"turns":15},{"damage":6,"enemies":"Shell Parasite","floor":18,"turns":4},{"damage":4,"enemies":"Spheric Guardian","floor":19,"turns":4},{"damage":0,"enemies":"3 Cultists","floor":20,"turns":4},{"damage":0,"enemies":"Snake Plant","floor":22,"turns":4},{"damage":0,"enemies":"theDuelist:KaibaA2","floor":23,"turns":6},{"damage":11,"enemies":"Slavers","floor":25,"turns":3},{"damage":7,"enemies":"theDuelist:KaibaA2","floor":27,"turns":3},{"damage":4,"enemies":"Cultist and Chosen","floor":29,"turns":4},{"damage":51,"enemies":"Slavers","floor":30,"turns":5},{"damage":20,"enemies":"Snecko","floor":31,"turns":4},{"damage":90,"enemies":"Collector","floor":33,"turns":10}],"seed_played":"-2952001925838469042","potions_obtained":[{"floor":1,"key":"AttackPotion"},{"floor":7,"key":"FearPotion"},{"floor":8,"key":"Block Potion"},{"floor":13,"key":"AttackPotion"},{"floor":16,"key":"Block Potion"},{"floor":20,"key":"Explosive Potion"},{"floor":22,"key":"Explosive Potion"},{"floor":23,"key":"FairyPotion"},{"floor":25,"key":"Energy Potion"},{"floor":27,"key":"PowerPotion"},{"floor":30,"key":"Reflective Coating"}],"is_trial":false,"path_per_floor":["M","?","M","M","M","E","M","E","T","R","E","$","E","?","R","B",null,"M","M","M","$","M","E","R","E","T","E","?","M","E","M","R","B"],"character_chosen":"DEFECT","items_purchased":["Crow Ritual","Cold Snap","Sunder","Flash of Steel","Adrenaline Potion"],"campfire_rested":2,"item_purchase_floors":[12,12,21,21,21],"current_hp_per_floor":[75,75,75,75,73,38,37,34,34,58,64,64,64,64,64,14,76,70,66,66,66,66,66,66,55,55,51,51,50,33,16,69,0,0],"gold":295,"neow_bonus":"TEN_PERCENT_HP_BONUS","is_daily":false,"chose_seed":false,"campfire_upgraded":1,"win_rate":0.0,"timestamp":1613574020,"path_taken":["M","?","?","M","M","E","M","E","T","R","E","$","E","?","R","BOSS","M","M","M","$","M","E","R","E","T","E","?","M","E","M","R","BOSS"],"items_purchased_type":["Card","Card","Card","Card","Potion"],"build_version":"2020-12-22","purchased_purges":0,"victory":false,"max_hp_per_floor":[82,82,82,82,82,82,82,82,82,82,96,96,96,96,96,96,96,96,96,96,96,96,96,96,96,96,99,99,102,105,108,108,108,108],"card_choices":[{"not_picked":["Redo","Panic Button"],"picked":"Genetic Algorithm","floor":1},{"not_picked":["Chill","Beam Cell"],"picked":"Conserve Battery","floor":3},{"not_picked":["BasicCrystalCard","Redo"],"picked":"Sunder","floor":4},{"not_picked":["Compile Driver","ReplaySolidLightProjector"],"picked":"Sweeping Beam","floor":5},{"not_picked":["Compile Driver","Creative AI"],"picked":"Melter","floor":6},{"not_picked":["Capacitor","Darkness"],"picked":"Go for the Eyes","floor":7},{"not_picked":["ReplayTheSpireMod:Reroute Power","Recycle","Force Field"],"picked":"SKIP","floor":8},{"not_picked":["Leap","Redo"],"picked":"Ball Lightning","floor":11},{"not_picked":["Turbo","Biased Cognition"],"picked":"Sweeping Beam","floor":13},{"not_picked":["ReplayTheSpireMod:System Scan","ReplayTheSpireMod:GoodbyeWorld"],"picked":"Sweeping Beam","floor":14},{"not_picked":["Barrage","ReplaySolidLightProjector"],"picked":"Cold Snap","floor":14},{"not_picked":["ReplayGash","Glacier"],"picked":"Panic Button","floor":14},{"not_picked":["Hyperbeam","Seek"],"picked":"Mirror Shield","floor":16},{"not_picked":["Gash","Ball Lightning"],"picked":"Lockon","floor":18},{"not_picked":["Crystallizer","Gash"],"picked":"Go for the Eyes","floor":19},{"not_picked":["Static Discharge","Turbo"],"picked":"Conserve Battery+1","floor":20},{"not_picked":["ReplayTheSpireMod:GoodbyeWorld","Turbo"],"picked":"Barrage+1","floor":22},{"not_picked":["Panic Button+1","Hologram+1"],"picked":"Static Discharge+1","floor":23},{"not_picked":["ReplayRNGCard","Tempest"],"picked":"All For One","floor":25},{"not_picked":["FIFO Queue","Gash"],"picked":"Steam","floor":27},{"not_picked":["Barrage","Compile Driver"],"picked":"Ball Lightning+1","floor":29},{"not_picked":["ReplayTheSpireMod:GoodbyeWorld","Tempest"],"picked":"Turbo","floor":30},{"not_picked":["Streamline","Stack+1"],"picked":"Auto Shields+1","floor":31}],"player_experience":902598,"relics_obtained":[{"floor":6,"key":"Omamori"},{"floor":8,"key":"StrikeDummy"},{"floor":11,"key":"Mango"},{"floor":13,"key":"Replay:Bottled Steam"},{"floor":23,"key":"ReplayTheSpireMod:TigerMarble"},{"floor":25,"key":"MawBank"},{"floor":26,"key":"Letter Opener"},{"floor":27,"key":"Replay:Ringing Soul"},{"floor":30,"key":"Bag of Preparation"}],"event_choices":[{"damage_healed":0,"gold_gain":0,"player_choice":"2 cards matched","damage_taken":0,"max_hp_gain":0,"max_hp_loss":0,"event_name":"Match and Keep!","floor":2,"gold_loss":0,"cards_obtained":["Undo","Dramatic Entrance"]},{"damage_healed":0,"gold_gain":0,"player_choice":"Paid Gold","damage_taken":0,"relics_obtained":["Eternal Feather"],"max_hp_gain":0,"max_hp_loss":0,"event_name":"WeMeetAgain","floor":28,"gold_loss":132}],"is_beta":false,"boss_relics":[{"not_picked":["Coffee Dripper","FrozenCore"],"picked":"Philosopher\u0027s Stone"}],"items_purged_floors":[],"is_endless":false,"potions_floor_spawned":[1,7,8,13,16,20,22,23,25,27,30],"killed_by":"Collector","ascension_level":9}}