{"host":"3twtdwjpiqhvvn5s","time":1613564159,"event":{"mods":["AchievementEnabler","Act Like it!","Aspiration","BaseMod","BetterRewards","Colored Map","Colored Powertips","Downfall","Duelist Mod","Friendly Minions","GifTheSpireLib","Hermit","Hubris","Infinite Spire","Jorbs\u0027s Wanderer Trilogy","Koishi","KomeijiMod","Marisa????????","Minty Spire (QoL Compilation)","Quick Restart","Rare Cards Sparkle","Replay The Spire","Shop Mod","StSLib","Td1madao Mod","The Administrix","The Animator","The Bug Knight","The Caster","The Cursed","The Disciple","The Hierophant","The Necromancer","The Poker Player","The Runesmith","The Servant 0.9.4"],"gold_per_floor":[114,130,143,159,178,204,204,217,217,248,265,285,305,317,317,416,416,433,443,458,458,458],"floor_reached":21,"language":"ENG","playtime":3101,"items_purged":[],"score":251,"play_id":"b83f6e43-9f0a-447a-ba23-df320f4282b4","local_time":"20210217061559","daily_mods":["Time Dilation","Terminal"],"is_ascension_mode":false,"metric_token":2322,"campfire_choices":[{"data":"PokerPlayerMod:GamblerForm","floor":7,"key":"SMITH"},{"data":"PokerPlayerMod:CardPrinter","floor":15,"key":"SMITH"}],"circlet_count":0,"master_deck":["PokerPlayerMod:Diamond1","PokerPlayerMod:Diamond2","PokerPlayerMod:Diamond3","PokerPlayerMod:Diamond4","PokerPlayerMod:Diamond5","PokerPlayerMod:Spade1","PokerPlayerMod:Spade2","PokerPlayerMod:Spade3","PokerPlayerMod:Spade4","PokerPlayerMod:Club1","PokerPlayerMod:Club2","PokerPlayerMod:Heart2","PokerPlayerMod:Mulligan","PokerPlayerMod:Diamond4","PokerPlayerMod:Raise","PokerPlayerMod:Spade4","PokerPlayerMod:Spade3","PokerPlayerMod:GamblerForm+1","PokerPlayerMod:Diamond7","PokerPlayerMod:Diamond5","PokerPlayerMod:CardPrinter+1","PokerPlayerMod:Diamond5","PokerPlayerMod:Club9","downfall:Haunted","Exhaustion"],"relics":["PokerPlayerMod:DeckCase","Replay:WaspNest","Toy Ornithopter","infinitespire:PuzzleCube","Kintsugi"],"acts_visited":["Exordium","TheCity"],"potions_floor_usage":[10,16,19],"damage_taken":[{"damage":0,"enemies":"Cultist","floor":1,"turns":2},{"damage":0,"enemies":"Small Slimes","floor":2,"turns":2},{"damage":0,"enemies":"2 Louse","floor":3,"turns":1},{"damage":3,"enemies":"Lots of Slimes","floor":4,"turns":4},{"damage":0,"enemies":"2 Fungi Beasts","floor":5,"turns":2},{"damage":0,"enemies":"Lagavulin","floor":6,"turns":6},{"damage":5,"enemies":"Gremlin Gang","floor":8,"turns":3},{"damage":0,"enemies":"Gremlin Nob","floor":10,"turns":3},{"damage":5,"enemies":"Exordium Wildlife","floor":11,"turns":3},{"damage":0,"enemies":"Blue Slaver","floor":12,"turns":2},{"damage":0,"enemies":"Lots of Slimes","floor":13,"turns":2},{"damage":0,"enemies":"3 Louse","floor":14,"turns":1},{"damage":16,"enemies":"Hexaghost","floor":16,"turns":5},{"damage":0,"enemies":"Spheric Guardian","floor":18,"turns":4},{"damage":8,"enemies":"2 Thieves","floor":19,"turns":4},{"damage":0,"enemies":"Chosen and Byrds","floor":20,"turns":4},{"damage":45,"enemies":"Cultist and Chosen","floor":21,"turns":6}],"seed_played":"6703589651675462662","potions_obtained":[{"floor":3,"key":"champ:CounterPotion"},{"floor":4,"key":"Flashbang"},{"floor":6,"key":"Reflective Coating"},{"floor":8,"key":"Strength Potion"},{"floor":14,"key":"DuplicationPotion"},{"floor":18,"key":"SteroidPotion"},{"floor":20,"key":"Flashbang"}],"is_trial":true,"path_per_floor":["M","M","M","M","M","E","R","M","T","E","M","M","M","M","R","B",null,"M","M","M","M"],"character_chosen":"THE_POKER_PLAYER","items_purchased":[],"campfire_rested":0,"item_purchase_floors":[],"current_hp_per_floor":[50,49,48,45,46,45,44,43,42,41,36,36,36,36,36,20,34,33,30,30,0,0],"gold":458,"neow_bonus":"","is_daily":false,"chose_seed":false,"campfire_upgraded":2,"win_rate":0.0,"timestamp":1613564159,"path_taken":["M","M","M","?","M","E","R","M","T","E","M","M","M","M","R","BOSS","M","M","M","M"],"items_purchased_type":[],"build_version":"2020-12-22","purchased_purges":0,"victory":false,"max_hp_per_floor":[50,49,48,47,46,45,44,43,42,41,40,39,38,37,36,35,34,33,32,31,31,31],"card_choices":[{"not_picked":["PokerPlayerMod:Configure","PokerPlayerMod:CardBurn"],"picked":"PokerPlayerMod:Diamond4","floor":1},{"not_picked":["PokerPlayerMod:Club3","PokerPlayerMod:SpadeStrike"],"picked":"PokerPlayerMod:Raise","floor":2},{"not_picked":["PokerPlayerMod:DartThrow","PokerPlayerMod:Club1"],"picked":"PokerPlayerMod:FillThePot","floor":3},{"not_picked":["PokerPlayerMod:Club2","PokerPlayerMod:Configure"],"picked":"PokerPlayerMod:Spade4","floor":4},{"not_picked":["PokerPlayerMod:Club2","PokerPlayerMod:Configure"],"picked":"PokerPlayerMod:Spade3","floor":5},{"not_picked":["PokerPlayerMod:Diamond4","PokerPlayerMod:Diamond5"],"picked":"PokerPlayerMod:GamblerForm","floor":6},{"not_picked":["PokerPlayerMod:Diamond2","PokerPlayerMod:SpadeStrike"],"picked":"PokerPlayerMod:Diamond7","floor":8},{"not_picked":["PokerPlayerMod:Manipulation","PokerPlayerMod:Club2"],"picked":"PokerPlayerMod:DartThrow","floor":10},{"not_picked":["PokerPlayerMod:CardBurn","PokerPlayerMod:Club1"],"picked":"PokerPlayerMod:Diamond5","floor":11},{"not_picked":["PokerPlayerMod:Club4","PokerPlayerMod:Diamond8"],"picked":"PokerPlayerMod:CardPrinter","floor":12},{"not_picked":["PokerPlayerMod:Club3","PokerPlayerMod:Diamond3"],"picked":"PokerPlayerMod:ClubsClub","floor":13},{"not_picked":["PokerPlayerMod:DiamondStrike","PokerPlayerMod:Configure"],"picked":"PokerPlayerMod:Diamond5","floor":14},{"not_picked":["PokerPlayerMod:Duplicate","PokerPlayerMod:WasteCollection"],"picked":"PokerPlayerMod:Club9","floor":16},{"not_picked":["PokerPlayerMod:Fold","PokerPlayerMod:DartThrow+1","PokerPlayerMod:Spade4"],"picked":"SKIP","floor":18},{"not_picked":["PokerPlayerMod:DartThrow","PokerPlayerMod:HeartStrike","PokerPlayerMod:Spade4"],"picked":"SKIP","floor":19},{"not_picked":["PokerPlayerMod:Configure","PokerPlayerMod:CloakAndDiamond","PokerPlayerMod:Spade4"],"picked":"SKIP","floor":20}],"player_experience":3149196,"relics_obtained":[{"floor":6,"key":"Replay:WaspNest"},{"floor":9,"key":"Toy Ornithopter"},{"floor":10,"key":"infinitespire:PuzzleCube"}],"event_choices":[],"is_beta":false,"boss_relics":[{"not_picked":["Replay:Grab Bag","hubris:ScarierMask"],"picked":"Kintsugi"}],"items_purged_floors":[],"is_endless":false,"potions_floor_spawned":[3,4,6,8,14,18,20],"killed_by":"Cultist and Chosen","ascension_level":0}}