{"host":"36t3qd3wjvajtu1z","time":1613594814,"event":{"mods":["2.2 Compatiblity","AchievementEnabler","BaseMod","Bestiary","Block Reminder","Colored Powertips","Curses Come First","Filter the Spire","Highlight Path","Minty Spire (QoL Compilation)","Permanent Neow","Quick Restart","Random Character Button","Rare Cards Sparkle","Relic Stats","Slay-I","StSLib","Unknown Chances"],"gold_per_floor":[218,233,233,244,257,257,284,28,28,28,28,28,28,28],"floor_reached":13,"language":"ENG","playtime":373,"items_purged":[],"score":145,"play_id":"5f02a8bd-4fcc-43ca-b0cf-2d0d6487d6ac","local_time":"20210217124654","is_ascension_mode":true,"campfire_choices":[{"data":"Rip and Tear","floor":6,"key":"SMITH"},{"data":"Doom and Gloom","floor":10,"key":"SMITH"},{"data":"Buffer","floor":12,"key":"SMITH"}],"circlet_count":0,"master_deck":["AscendersBane","Strike_B","Strike_B","Strike_B","Defend_B","Defend_B","Defend_B","Defend_B","Zap","Dualcast","Rip and Tear+1","Doom and Gloom+1","Loop","Cold Snap","Ball Lightning","Buffer+1"],"relics":["Cracked Core","StoneCalendar","Letter Opener","Kunai"],"acts_visited":["Exordium"],"potions_floor_usage":[13],"damage_taken":[{"damage":4,"enemies":"2 Louse","floor":1,"turns":2},{"damage":1,"enemies":"Cultist","floor":2,"turns":3},{"damage":10,"enemies":"Small Slimes","floor":4,"turns":3},{"damage":5,"enemies":"2 Fungi Beasts","floor":5,"turns":3},{"damage":33,"enemies":"Gremlin Nob","floor":7,"turns":4},{"damage":19,"enemies":"3 Sentries","floor":13,"turns":2}],"seed_played":"-1459480151464310843","potions_obtained":[{"floor":4,"key":"SkillPotion"}],"is_trial":false,"path_per_floor":["M","M","?","M","M","R","E","$","T","R","?","R","E"],"character_chosen":"DEFECT","items_purchased":["Letter Opener"],"campfire_rested":0,"item_purchase_floors":[8],"current_hp_per_floor":[60,59,59,49,44,44,11,11,11,11,16,16,0,0],"gold":28,"neow_bonus":"HUNDRED_GOLD","is_daily":false,"chose_seed":false,"campfire_upgraded":3,"win_rate":0.0,"timestamp":1613594814,"path_taken":["M","M","?","M","M","R","E","?","T","R","?","R","E"],"items_purchased_type":["Relic"],"build_version":"2020-12-22","purchased_purges":0,"victory":false,"max_hp_per_floor":[71,71,71,71,71,71,71,71,71,71,76,76,76,76],"relic_stats":{"counters":[6,16],"StoneCalendar":[0],"Letter Opener":[0],"Kunai":[0],"obtain_stats":[{"StoneCalendar":7,"Letter Opener":8,"Kunai":9,"Cracked Core":0},{"StoneCalendar":5,"Letter Opener":5,"Kunai":5,"Cracked Core":0},{"StoneCalendar":14,"Letter Opener":14,"Kunai":14,"Cracked Core":0}]},"card_choices":[{"not_picked":["Beam Cell","Reprogram"],"picked":"Rip and Tear","floor":1},{"not_picked":["White Noise","Fusion"],"picked":"Doom and Gloom","floor":2},{"not_picked":["Coolheaded","Rip and Tear"],"picked":"Cold Snap","floor":4},{"not_picked":["Darkness","Steam"],"picked":"Ball Lightning","floor":5},{"not_picked":["Cold Snap","Compile Driver"],"picked":"Buffer","floor":7}],"player_experience":542649,"relics_obtained":[{"floor":7,"key":"StoneCalendar"},{"floor":9,"key":"Kunai"}],"event_choices":[{"damage_healed":0,"gold_gain":0,"cards_transformed":["Strike_B"],"player_choice":"Transformed","damage_taken":0,"max_hp_gain":0,"max_hp_loss":0,"event_name":"Transmorgrifier","floor":3,"gold_loss":0,"cards_obtained":["Loop"]},{"damage_healed":0,"gold_gain":0,"player_choice":"Donut","damage_taken":0,"max_hp_gain":5,"max_hp_loss":0,"event_name":"Big Fish","floor":11,"gold_loss":0}],"is_beta":false,"boss_relics":[],"items_purged_floors":[],"is_endless":false,"potions_floor_spawned":[4],"killed_by":"3 Sentries","ascension_level":15}}