{"host":"8vqkh0x3c7vpgzzm","time":1613588664,"event":{"mods":["AchievementEnabler","BaseMod","Colored Map","Colored Powertips","Curses Come First","DeckTracker","Highlight Path","Minty Spire (QoL Compilation)","Permanent Neow","Quick Restart","Random Character Mod","Rare Cards Sparkle","Relic Sorter","Relic Stats","StSLib","SuperFastMode","Unceasing Turn Reminder","egg","everything is the same but u backflip on backflip"],"gold_per_floor":[11,11,21,21,33,33,33,33,83,108,108,140,140,140,140,266,266,280,107,32,52,70,70,45,45,120,120,144,144,144,164,164,294,294,317,217,236,254,277,277,313,313,337,337,78,78,97,121,121,121,121],"floor_reached":50,"language":"ENG","playtime":3297,"items_purged":["Strike_B","Defend_B","Writhe"],"score":574,"play_id":"2150bd5f-8eea-4085-a632-23c2f149af80","local_time":"20210217200424","is_ascension_mode":true,"campfire_choices":[{"data":"Zap","floor":6,"key":"SMITH"},{"data":"Dualcast","floor":8,"key":"SMITH"},{"data":"Fusion","floor":11,"key":"SMITH"},{"data":"Rainbow","floor":13,"key":"SMITH"},{"data":"Beam Cell","floor":15,"key":"SMITH"},{"data":"Seek","floor":23,"key":"SMITH"},{"data":"Seek","floor":25,"key":"SMITH"},{"data":"Coolheaded","floor":27,"key":"SMITH"},{"data":"Capacitor","floor":29,"key":"SMITH"},{"floor":32,"key":"REST"},{"data":"Coolheaded","floor":40,"key":"SMITH"},{"data":"Hologram","floor":42,"key":"SMITH"},{"data":"Fusion","floor":44,"key":"SMITH"},{"data":"Meteor Strike","floor":49,"key":"SMITH"}],"circlet_count":0,"master_deck":["Strike_B","Defend_B","Defend_B","Zap+1","Dualcast+1","Auto Shields","Beam Cell+1","Leap","Fusion+1","Rainbow+1","Seek+1","CurseOfTheBell","Conserve Battery+1","Coolheaded+1","Capacitor+1","Consume+1","Seek+1","Coolheaded+1","Hologram+1","Self Repair","Meteor Strike+1","Fusion+1","Hologram+1","Recycle+1","Undo","Sweeping Beam","Coolheaded+1","Parasite","BootSequence+1"],"relics":["Cracked Core","DataDisk","Incense Burner","Sundial","Golden Idol","Calling Bell","Blood Vial","Matryoshka","Turnip","Bag of Preparation","HornCleat","Nilry\u0027s Codex","Cursed Key","Eternal Feather","Regal Pillow","Vajra"],"acts_visited":["Exordium","TheCity","TheBeyond"],"potions_floor_usage":[10,12,28,41,41,41,47,50,50],"damage_taken":[{"damage":0,"enemies":"Small Slimes","floor":1,"turns":2},{"damage":3,"enemies":"2 Louse","floor":3,"turns":3},{"damage":1,"enemies":"Jaw Worm","floor":5,"turns":2},{"damage":1,"enemies":"3 Sentries","floor":10,"turns":9},{"damage":26,"enemies":"Lagavulin","floor":12,"turns":7},{"damage":13,"enemies":"Hexaghost","floor":16,"turns":9},{"damage":18,"enemies":"Shell Parasite","floor":18,"turns":7},{"damage":0,"enemies":"Chosen","floor":21,"turns":4},{"damage":2,"enemies":"Snake Plant","floor":22,"turns":5},{"damage":7,"enemies":"Centurion and Healer","floor":28,"turns":9},{"damage":0,"enemies":"Cultist and Chosen","floor":31,"turns":8},{"damage":23,"enemies":"Collector","floor":33,"turns":13},{"damage":8,"enemies":"3 Shapes","floor":35,"turns":5},{"damage":27,"enemies":"3 Darklings","floor":37,"turns":8},{"damage":0,"enemies":"Sphere and 2 Shapes","floor":38,"turns":5},{"damage":0,"enemies":"Jaw Worm Horde","floor":39,"turns":5},{"damage":16,"enemies":"Giant Head","floor":41,"turns":12},{"damage":19,"enemies":"Transient","floor":47,"turns":5},{"damage":0,"enemies":"Writhing Mass","floor":48,"turns":7},{"damage":110,"enemies":"Time Eater","floor":50,"turns":13}],"seed_played":"9148580676519367198","potions_obtained":[{"floor":5,"key":"SkillPotion"},{"floor":10,"key":"Explosive Potion"},{"floor":12,"key":"Dexterity Potion"},{"floor":18,"key":"ColorlessPotion"},{"floor":21,"key":"DuplicationPotion"},{"floor":31,"key":"BlessingOfTheForge"},{"floor":38,"key":"EntropicBrew"},{"floor":39,"key":"Regen Potion"}],"is_trial":false,"path_per_floor":["M","$","M","?","M","R","?","R","T","E","R","E","R","?","R","B",null,"M","$","?","M","M","R","$","R","T","R","M","R","?","M","R","B",null,"M","$","M","M","M","R","E","R","T","R","$","?","M","M","R","B"],"character_chosen":"DEFECT","items_purchased":["Coolheaded","Capacitor","Coolheaded","Undo","Sweeping Beam","ColorlessPotion"],"campfire_rested":1,"item_purchase_floors":[19,19,24,45,45,45],"current_hp_per_floor":[89,89,86,86,85,85,85,85,85,84,84,58,58,58,58,45,82,64,64,64,66,66,66,66,66,66,66,61,61,45,47,71,57,82,81,81,62,71,80,80,73,82,82,82,82,82,63,72,82,0,0],"gold":121,"neow_bonus":"TWENTY_PERCENT_HP_BONUS","is_daily":false,"chose_seed":false,"campfire_upgraded":13,"win_rate":0.0,"timestamp":1613588664,"path_taken":["M","$","M","?","M","R","?","R","T","E","R","E","R","?","R","BOSS","M","$","?","M","M","R","$","R","T","R","M","R","?","M","R","BOSS","M","$","M","M","M","R","E","R","T","R","$","?","M","M","R","BOSS"],"items_purchased_type":["Card","Card","Card","Card","Card","Potion"],"build_version":"2020-12-22","purchased_purges":3,"victory":false,"max_hp_per_floor":[89,89,89,89,89,89,89,89,89,89,89,89,89,82,82,82,82,82,82,82,82,82,82,82,82,82,82,82,82,82,82,82,82,82,82,82,82,82,82,82,82,82,82,82,82,82,82,82,82,82,82],"relic_stats":{"Blood Vial":19,"Regal Pillow":0,"counters":[20,138],"Sundial":[20],"Golden Idol":105,"Eternal Feather":19,"Turnip":[26],"Bag of Preparation":[22],"Cursed Key":1,"obtain_stats":[{"Regal Pillow":43,"Golden Idol":14,"Nilry\u0027s Codex":30,"Vajra":43,"Eternal Feather":41,"Incense Burner":10,"Bag of Preparation":26,"Cursed Key":34,"Calling Bell":17,"Blood Vial":17,"DataDisk":9,"Matryoshka":17,"HornCleat":26,"Sundial":12,"Turnip":17,"Cracked Core":0},{"Regal Pillow":17,"Golden Idol":5,"Nilry\u0027s Codex":10,"Vajra":17,"Eternal Feather":17,"Incense Burner":4,"Bag of Preparation":9,"Cursed Key":12,"Calling Bell":6,"Blood Vial":6,"DataDisk":3,"Matryoshka":6,"HornCleat":9,"Sundial":5,"Turnip":6,"Cracked Core":0},{"Regal Pillow":113,"Golden Idol":23,"Nilry\u0027s Codex":57,"Vajra":113,"Eternal Feather":113,"Incense Burner":16,"Bag of Preparation":48,"Cursed Key":78,"Calling Bell":32,"Blood Vial":32,"DataDisk":7,"Matryoshka":32,"HornCleat":48,"Sundial":23,"Turnip":32,"Cracked Core":0}]},"card_choices":[{"not_picked":["Steam","Barrage"],"picked":"Auto Shields","floor":1},{"not_picked":["Conserve Battery","Coolheaded"],"picked":"Beam Cell","floor":3},{"not_picked":["Aggregate","Barrage"],"picked":"Leap","floor":5},{"not_picked":["Tempest","Steam"],"picked":"Fusion","floor":10},{"not_picked":["All For One","Compile Driver"],"picked":"Rainbow","floor":12},{"not_picked":["Thunder Strike","Reboot"],"picked":"Seek","floor":16},{"not_picked":["Gash","Turbo"],"picked":"Conserve Battery+1","floor":18},{"not_picked":["Beam Cell","Darkness"],"picked":"Consume+1","floor":21},{"not_picked":["Compile Driver+1","Conserve Battery"],"picked":"Seek","floor":22},{"not_picked":["Coolheaded","Sweeping Beam"],"picked":"Hologram+1","floor":28},{"not_picked":["Beam Cell","Cold Snap"],"picked":"Self Repair","floor":31},{"not_picked":["Thunder Strike","Echo Form"],"picked":"Meteor Strike","floor":33},{"not_picked":["Genetic Algorithm","Ball Lightning"],"picked":"Fusion","floor":35},{"not_picked":["Conserve Battery+1","Leap+1"],"picked":"Hologram","floor":37},{"not_picked":["Barrage","White Noise"],"picked":"Recycle+1","floor":38},{"not_picked":["Beam Cell+1","Conserve Battery","FTL"],"picked":"SKIP","floor":39},{"not_picked":["Ball Lightning+1","Static Discharge","Core Surge"],"picked":"SKIP","floor":41},{"not_picked":["Barrage","Turbo"],"picked":"Coolheaded+1","floor":47},{"not_picked":["Rebound","Gash"],"picked":"BootSequence+1","floor":48}],"player_experience":578603,"relics_obtained":[{"floor":9,"key":"DataDisk"},{"floor":10,"key":"Incense Burner"},{"floor":12,"key":"Sundial"},{"floor":17,"key":"Blood Vial"},{"floor":17,"key":"Matryoshka"},{"floor":17,"key":"Turnip"},{"floor":26,"key":"Bag of Preparation"},{"floor":26,"key":"HornCleat"},{"floor":30,"key":"Nilry\u0027s Codex"},{"floor":41,"key":"Eternal Feather"},{"floor":43,"key":"Regal Pillow"},{"floor":43,"key":"Vajra"}],"event_choices":[{"cards_removed":["Defend_B"],"damage_healed":0,"gold_gain":0,"player_choice":"Forget","damage_taken":0,"max_hp_gain":0,"max_hp_loss":0,"event_name":"Living Wall","floor":4,"gold_loss":0},{"damage_healed":0,"gold_gain":0,"player_choice":"Ignored","damage_taken":0,"max_hp_gain":0,"max_hp_loss":0,"event_name":"Liars Game","floor":7,"gold_loss":0},{"damage_healed":0,"gold_gain":0,"player_choice":"Lose Max HP","damage_taken":0,"relics_obtained":["Golden Idol"],"max_hp_gain":0,"max_hp_loss":7,"event_name":"Golden Idol","floor":14,"gold_loss":0},{"cards_removed":["Strike_B"],"damage_healed":0,"gold_gain":0,"player_choice":"Gave Gold","damage_taken":0,"max_hp_gain":0,"max_hp_loss":0,"event_name":"Beggar","floor":20,"gold_loss":75},{"damage_healed":0,"gold_gain":0,"player_choice":"Obtained Book","damage_taken":16,"max_hp_gain":0,"max_hp_loss":0,"event_name":"Cursed Tome","floor":30,"gold_loss":0},{"cards_removed":["Strike_B"],"damage_healed":0,"gold_gain":0,"player_choice":"Removed Attack","damage_taken":0,"max_hp_gain":0,"max_hp_loss":0,"event_name":"Falling","floor":46,"gold_loss":0}],"is_beta":false,"boss_relics":[{"not_picked":["Runic Pyramid","Pandora\u0027s Box"],"picked":"Calling Bell"},{"not_picked":["Tiny House","Black Star"],"picked":"Cursed Key"}],"items_purged_floors":[19,36,45],"is_endless":false,"potions_floor_spawned":[5,10,12,18,21,31,35,38,39],"killed_by":"Time Eater","ascension_level":4}}