{"host":"flm17o2q7bfjyna6","time":1613574648,"event":{"mods":["2.2 Compatiblity","Act Like it!","BaseMod","Better Altar","Better Match","Better Note","Better Sensory Stone","Better Skull","Better Third Choice","Better Vampires","Colored Map","Colored Powertips","DeckTracker","Fox Events","Hermit","Minty Spire (QoL Compilation)","Quick Restart","Replay The Spire","Reworked Bosses","Spicy Shops","StSLib","TheSwordswoman","Wandering Minibosses"],"gold_per_floor":[210,210,220,245,17,44,44,44,121,121,146,146,165,184,184,283,360,373,37,47,47,47],"floor_reached":21,"language":"ENG","playtime":1705,"items_purged":["blazmod:Strike"],"score":244,"play_id":"95fc9517-fb45-4c9c-a7e7-a9c265895443","local_time":"20210217101048","is_ascension_mode":true,"campfire_choices":[{"data":"blazmod:TrueOfHeart","floor":8,"key":"SMITH"},{"data":"blazmod:Trasient","floor":12,"key":"SMITH"},{"data":"blazmod:PureOfSoul","floor":15,"key":"SMITH"}],"circlet_count":0,"master_deck":["blazmod:Strike","blazmod:Strike","blazmod:Strike","blazmod:Defend","blazmod:Defend","blazmod:Defend","blazmod:Defend","blazmod:ButterflyEffect+1","blazmod:Kyokasuigetsu","blazmod:Trasient+1","blazmod:TrueOfHeart+1","blazmod:FocusThroughFalls","Parasite","blazmod:SidewaySolace","blazmod:PureOfSoul+1","blazmod:FancifulFlutter+1","blazmod:SureOfHand","blazmod:FortifiedVigor","blazmod:CrescentMoon","blazmod:WildButterfly","blazmod:FleetingDawn+1","Apotheosis","Deep Breath","Secret Weapon","blazmod:Swordstorm+1"],"relics":["blazmod:Venustas","foxEvents:LuckyCharm","Anchor","blazmod:BladeOfPurification","Frozen Egg 2","Prayer Wheel","SlaversCollar","Tiny Chest","ReplayTheSpireMod:ShopPack"],"acts_visited":["Exordium","TheCity"],"potions_floor_usage":[6,11,11,18,21],"damage_taken":[{"damage":1,"enemies":"Cultist","floor":1,"turns":4},{"damage":8,"enemies":"2 Louse","floor":3,"turns":3},{"damage":16,"enemies":"Colosseum Slavers","floor":4,"turns":6},{"damage":0,"enemies":"Replay:BlueRogue","floor":6,"turns":6},{"damage":1,"enemies":"Gremlin Nob","floor":11,"turns":4},{"damage":0,"enemies":"Jaw Worm","floor":13,"turns":4},{"damage":1,"enemies":"Large Slime","floor":14,"turns":6},{"damage":13,"enemies":"Slime Boss","floor":16,"turns":10},{"damage":10,"enemies":"2 Thieves","floor":18,"turns":3},{"damage":12,"enemies":"Chosen","floor":20,"turns":7},{"damage":18,"enemies":"Snake Plant","floor":21,"turns":2}],"seed_played":"-7309985622870935154","potions_obtained":[{"floor":3,"key":"Strength Potion"},{"floor":10,"key":"Flashbang"},{"floor":10,"key":"EssenceOfSteel"},{"floor":10,"key":"ColorlessPotion"},{"floor":11,"key":"LiquidMemories"},{"floor":13,"key":"Elixir"},{"floor":20,"key":"Doom Potion"}],"is_trial":false,"path_per_floor":["M","?","M","?","$","E","?","R","T","?","E","R","M","M","R","B",null,"M","$","M","M"],"character_chosen":"THE_SWORDSWOMAN","items_purchased":["Anchor","Tiny Chest","ReplayTheSpireMod:ShopPack","blazmod:FleetingDawn+1"],"campfire_rested":0,"item_purchase_floors":[5,19,19,19],"current_hp_per_floor":[39,39,31,15,15,15,25,25,25,25,24,24,24,23,23,10,40,30,30,18,0,0],"gold":47,"neow_bonus":"HUNDRED_GOLD","is_daily":false,"chose_seed":false,"campfire_upgraded":3,"win_rate":0.0,"timestamp":1613574648,"path_taken":["M","?","M","?","$","E","?","R","T","?","E","R","M","M","R","BOSS","M","$","M","?"],"items_purchased_type":["Relic","Relic","Relic","Card"],"build_version":"2020-12-22","purchased_purges":1,"victory":false,"max_hp_per_floor":[40,40,40,40,40,40,40,40,40,40,40,40,40,40,40,40,40,40,40,40,40,40],"card_choices":[{"not_picked":["blazmod:StanceChange","blazmod:SidewaySolace"],"picked":"blazmod:Trasient","floor":1},{"not_picked":["blazmod:BeTheBlade","blazmod:FlyFlyAgain"],"picked":"blazmod:TrueOfHeart","floor":3},{"not_picked":["blazmod:QuickBlade","blazmod:Valiance"],"picked":"blazmod:FocusThroughFalls","floor":6},{"not_picked":["blazmod:Crosscut","blazmod:BoulderFlash"],"picked":"blazmod:SidewaySolace","floor":11},{"not_picked":["blazmod:Setsuna","blazmod:BoulderFlash"],"picked":"blazmod:PureOfSoul","floor":13},{"not_picked":["blazmod:MentalFocus","blazmod:Unrestrained"],"picked":"blazmod:FancifulFlutter+1","floor":13},{"not_picked":["blazmod:Valiance","blazmod:ButterFlutter"],"picked":"blazmod:SureOfHand","floor":14},{"not_picked":["blazmod:Quickdraw","blazmod:Valiance"],"picked":"blazmod:FortifiedVigor","floor":14},{"not_picked":["blazmod:HoumatsuMugenKochouji","blazmod:ButterflyBlade"],"picked":"blazmod:CrescentMoon","floor":16},{"not_picked":["blazmod:SidewaySolace","blazmod:FleetOfFoot"],"picked":"blazmod:WildButterfly","floor":18},{"not_picked":["blazmod:Crosscut","blazmod:Valiance","blazmod:Trasient"],"picked":"SKIP","floor":18},{"not_picked":["Sadistic Nature","Crow Ritual"],"picked":"Apotheosis","floor":19},{"not_picked":["Apotheosis","Magnetism"],"picked":"Deep Breath","floor":19},{"not_picked":["Forethought","Replay:Sssssssssshield"],"picked":"Secret Weapon","floor":19},{"not_picked":["blazmod:ButterFlutter","blazmod:SidewaySolace+1"],"picked":"blazmod:Swordstorm+1","floor":20},{"not_picked":["blazmod:Valiance","blazmod:FlashRock","blazmod:MentalFocus"],"picked":"SKIP","floor":20}],"player_experience":1781947,"relics_obtained":[{"floor":4,"key":"foxEvents:LuckyCharm"},{"floor":6,"key":"blazmod:BladeOfPurification"},{"floor":9,"key":"Frozen Egg 2"},{"floor":11,"key":"Prayer Wheel"}],"event_choices":[{"damage_healed":0,"gold_gain":0,"player_choice":"Grow","damage_taken":0,"max_hp_gain":0,"max_hp_loss":0,"event_name":"Living Wall","floor":2,"gold_loss":0,"cards_upgraded":["blazmod:ButterflyEffect"]},{"damage_healed":10,"gold_gain":0,"player_choice":"Healed and dodged fight","damage_taken":0,"max_hp_gain":0,"max_hp_loss":0,"event_name":"Mushrooms","floor":7,"gold_loss":0,"cards_obtained":["Parasite"]},{"damage_healed":0,"gold_gain":0,"player_choice":"Got Potions","damage_taken":0,"max_hp_gain":0,"max_hp_loss":0,"event_name":"Lab","floor":10,"gold_loss":0}],"is_beta":false,"boss_relics":[{"not_picked":["Abe\u0027s Treasure","Velvet Choker"],"picked":"SlaversCollar"}],"items_purged_floors":[5],"is_endless":false,"potions_floor_spawned":[3,11,13,14,16,20],"killed_by":"Snake Plant","ascension_level":3}}