{"host":"o4h0rmbndwm6mjyo","time":1613601992,"event":{"mods":["BaseMod","Colored Map","Colored Powertips","DeckTracker","Googly Eyes","Minty Spire (QoL Compilation)","Rare Cards Sparkle","Synergy Search"],"gold_per_floor":[117,135,135,135,8,8,23,23,23,23,35,35,35],"floor_reached":12,"language":"FRA","playtime":483,"items_purged":["Strike_P"],"score":68,"play_id":"939bcee9-5569-42fe-b8b7-3ac8171fe178","local_time":"20210217234632","is_ascension_mode":false,"campfire_choices":[{"floor":6,"key":"RECALL"},{"data":"ConjureBlade","floor":8,"key":"SMITH"}],"circlet_count":0,"master_deck":["Strike_P","Strike_P","Strike_P","Defend_P","Defend_P","Defend_P","Defend_P","Eruption","Vigilance+1","Consecrate","PathToVictory","ConjureBlade+1"],"relics":["PureWater","NeowsBlessing","Bird Faced Urn"],"acts_visited":["Exordium"],"potions_floor_usage":[],"damage_taken":[{"damage":0,"enemies":"Small Slimes","floor":1,"turns":1},{"damage":0,"enemies":"Jaw Worm","floor":2,"turns":1},{"damage":0,"enemies":"2 Louse","floor":7,"turns":1},{"damage":27,"enemies":"Exordium Thugs","floor":11,"turns":5},{"damage":38,"enemies":"3 Sentries","floor":12,"turns":6}],"seed_played":"-6027502696578487706","potions_obtained":[],"is_trial":false,"path_per_floor":["M","M","?","?","$","R","M","R","T","$","M","E"],"character_chosen":"WATCHER","items_purchased":["PathToVictory"],"campfire_rested":0,"item_purchase_floors":[5],"current_hp_per_floor":[72,72,60,60,60,60,60,60,60,60,33,0,0],"gold":35,"neow_bonus":"THREE_ENEMY_KILL","is_daily":false,"chose_seed":false,"campfire_upgraded":1,"win_rate":0.0,"timestamp":1613601992,"path_taken":["M","M","?","?","$","R","M","R","T","$","M","E"],"items_purchased_type":["Card"],"build_version":"2020-12-22","purchased_purges":1,"victory":false,"max_hp_per_floor":[72,72,72,72,72,72,72,72,72,72,72,72,72],"card_choices":[{"not_picked":["FlyingSleeves","EmptyBody","CutThroughFate"],"picked":"SKIP","floor":1},{"not_picked":["FlurryOfBlows","Adaptation"],"picked":"Consecrate","floor":2},{"not_picked":["Crescendo","ClearTheMind"],"picked":"ConjureBlade","floor":7},{"not_picked":["EmptyFist","CutThroughFate","FlurryOfBlows"],"picked":"SKIP","floor":11}],"player_experience":2185316,"relics_obtained":[],"event_choices":[{"damage_healed":0,"gold_gain":0,"player_choice":"Success","damage_taken":12,"relics_obtained":["Bird Faced Urn"],"max_hp_gain":0,"max_hp_loss":0,"event_name":"Scrap Ooze","floor":3,"gold_loss":0},{"damage_healed":0,"gold_gain":0,"player_choice":"Grow","damage_taken":0,"max_hp_gain":0,"max_hp_loss":0,"event_name":"Living Wall","floor":4,"gold_loss":0,"cards_upgraded":["Vigilance"]}],"is_beta":false,"boss_relics":[],"items_purged_floors":[5],"is_endless":false,"potions_floor_spawned":[],"killed_by":"3 Sentries","ascension_level":0}}