{"host":"q786d26vp7h4gpli","time":1613523527,"event":{"mods":["BaseMod","Downfall","Minty Spire (QoL Compilation)","Quick Restart","Remove Card Discount Mod","StSLib","Td1madao Mod"],"gold_per_floor":[99,99,99,99,99,99,122,122,122,14,26,26,26,46,65,65,65,65],"floor_reached":16,"language":"ENG","playtime":733,"items_purged":[],"score":86,"play_id":"af3abeb8-9617-4c5d-9ee0-ca57ab01f275","local_time":"20210217085847","is_ascension_mode":false,"campfire_choices":[{"data":"bronze:Replicate","floor":1,"key":"SMITH"},{"data":"bronze:BronzeArmor","floor":8,"key":"SMITH"},{"data":"Discovery","floor":13,"key":"SMITH"}],"circlet_count":0,"master_deck":["bronze:Strike","bronze:Strike+1","bronze:Strike","bronze:Strike","bronze:Defend","bronze:Defend","bronze:Defend","bronze:Defend","bronze:Replicate+1","bronze:Goto","bronze:BronzeOrb+1","bronze:BronzeArmor+1","bronze:Shield","bronze:OilSpill","bronze:FollowUp","bronze:Constructor","bronze:ChildClass","Discovery+1","bronze:BurnOut","bronze:Turbo","bronze:WhirlingStrike"],"relics":["bronze:BronzeCore","downfall:HeartsMalice","Thread and Needle","MealTicket"],"acts_visited":["Exordium"],"potions_floor_usage":[16,16],"damage_taken":[{"damage":0,"enemies":"Small Slimes","floor":2,"turns":1},{"damage":0,"enemies":"Jaw Worm","floor":3,"turns":1},{"damage":0,"enemies":"2 Louse","floor":9,"turns":1},{"damage":0,"enemies":"downfall:FleeingMerchant","floor":10,"turns":4},{"damage":0,"enemies":"Gremlin Gang","floor":11,"turns":6},{"damage":0,"enemies":"Looter","floor":14,"turns":3},{"damage":0,"enemies":"Blue Slaver","floor":15,"turns":3},{"damage":75,"enemies":"DF_ARCHETYPE_STREAMLINE","floor":16,"turns":13}],"seed_played":"4218002439272786183","potions_obtained":[{"floor":11,"key":"SkillPotion"},{"floor":14,"key":"FearPotion"}],"is_trial":false,"path_per_floor":["R","M","M","?","?","T","T","R","M","$","M","?","R","M","M","B"],"character_chosen":"THE_AUTOMATON","items_purchased":["bronze:FollowUp","bronze:Constructor"],"campfire_rested":0,"item_purchase_floors":[10,10],"current_hp_per_floor":[70,70,70,56,56,56,56,56,56,70,70,70,70,70,70,0,0,0],"gold":65,"neow_bonus":"THREE_ENEMY_KILL","is_daily":false,"chose_seed":false,"campfire_upgraded":3,"win_rate":0.0,"timestamp":1613523527,"path_taken":["R","M","M","?","?","?","T","R","M","$","M","?","R","?","M","BOSS"],"items_purchased_type":["Card","Card"],"build_version":"2020-12-22","purchased_purges":0,"victory":false,"max_hp_per_floor":[70,70,70,70,70,70,70,70,70,70,70,70,70,70,70,70,70,70],"card_choices":[{"not_picked":["bronze:Deprecate","bronze:BitShift"],"picked":"bronze:BronzeOrb","floor":2},{"not_picked":["bronze:BitShift","bronze:Overload"],"picked":"bronze:BronzeArmor","floor":3},{"not_picked":["bronze:BuggyMess","bronze:DigitalCarnage"],"picked":"bronze:Shield","floor":9},{"not_picked":["bronze:BitShift","bronze:Shield"],"picked":"bronze:OilSpill","floor":10},{"not_picked":["bronze:Deprecate","bronze:ClassDefault"],"picked":"bronze:ChildClass","floor":11},{"not_picked":["bronze:ThunderWave","bronze:Deprecate"],"picked":"bronze:Turbo","floor":14},{"not_picked":["bronze:Iterate","bronze:Constructor"],"picked":"bronze:WhirlingStrike","floor":15}],"player_experience":610699,"relics_obtained":[{"floor":6,"key":"Thread and Needle"},{"floor":7,"key":"MealTicket"}],"event_choices":[{"damage_healed":0,"gold_gain":0,"player_choice":"Entered Light","damage_taken":14,"max_hp_gain":0,"max_hp_loss":0,"event_name":"Shining Light","floor":4,"gold_loss":0,"cards_upgraded":["bronze:BronzeOrb","bronze:Strike"]},{"damage_healed":0,"gold_gain":0,"player_choice":"2 cards matched","damage_taken":0,"max_hp_gain":0,"max_hp_loss":0,"event_name":"Match and Keep!","floor":12,"gold_loss":0,"cards_obtained":["Discovery","bronze:BurnOut"]}],"is_beta":false,"boss_relics":[],"items_purged_floors":[],"is_endless":false,"potions_floor_spawned":[11,14],"killed_by":"DF_ARCHETYPE_STREAMLINE","ascension_level":0}}