{"host":"8lno9xwgef3sjccz","time":1613584200,"event":{"mods":["AchievementEnabler","BaseMod","Minty Spire (QoL Compilation)","Relic Stats"],"gold_per_floor":[110,125,137,151,169,169,196,196,248,267,295,260,275,310,310,413,413,430,465,479,54,67,67,99,124,151,151,183,183,211,226,226,321,321,339,339,339,9,9,9,9],"floor_reached":40,"language":"ENG","playtime":2399,"items_purged":["Strike_R","Strike_R"],"score":508,"play_id":"07ab566e-0a1d-4448-81cf-316d361044af","local_time":"20210217125000","is_ascension_mode":true,"campfire_choices":[{"data":"Armaments","floor":6,"key":"SMITH"},{"floor":15,"key":"REST"},{"floor":23,"key":"REST"},{"floor":27,"key":"REST"},{"floor":32,"key":"REST"}],"circlet_count":0,"master_deck":["Strike_R+1","Defend_R","Defend_R","Bash","Wild Strike+1","Flex","Spot Weakness","Heavy Blade","Thunderclap","Armaments+1","Impervious","Fire Breathing","Power Through","Immolate","CurseOfTheBell","Inflame","Flex+1","Rampage+1","Feel No Pain","Fire Breathing","Reaper","Uppercut+1","Double Tap","Combust+1","Corruption","Carnage+1","Power Through+1","Brutality+1","Bandage Up","Magnetism"],"relics":["Burning Blood","Mummified Hand","Strawberry","The Courier","Whetstone","Calling Bell","Regal Pillow","Meat on the Bone","WingedGreaves","Red Mask","OrangePellets","Bronze Scales","Singing Bowl","Nunchaku","Blood Vial","Nilry\u0027s Codex","Bottled Lightning","Astrolabe","Membership Card","Kunai","Bag of Marbles"],"acts_visited":["Exordium","TheCity","TheBeyond"],"potions_floor_usage":[7,10,16,16,22,25,28,33,40,40],"damage_taken":[{"damage":1,"enemies":"Cultist","floor":1,"turns":3},{"damage":1,"enemies":"2 Louse","floor":2,"turns":3},{"damage":2,"enemies":"Small Slimes","floor":3,"turns":3},{"damage":10,"enemies":"Looter","floor":4,"turns":2},{"damage":9,"enemies":"3 Louse","floor":5,"turns":2},{"damage":27,"enemies":"3 Sentries","floor":7,"turns":7},{"damage":0,"enemies":"Large Slime","floor":10,"turns":3},{"damage":49,"enemies":"Gremlin Nob","floor":11,"turns":5},{"damage":6,"enemies":"Exordium Wildlife","floor":13,"turns":5},{"damage":16,"enemies":"3 Sentries","floor":14,"turns":6},{"damage":26,"enemies":"Slime Boss","floor":16,"turns":7},{"damage":12,"enemies":"3 Byrds","floor":18,"turns":5},{"damage":59,"enemies":"Masked Bandits","floor":19,"turns":4},{"damage":35,"enemies":"Spheric Guardian","floor":20,"turns":7},{"damage":22,"enemies":"Shelled Parasite and Fungi","floor":22,"turns":6},{"damage":45,"enemies":"Gremlin Leader","floor":24,"turns":5},{"damage":49,"enemies":"Book of Stabbing","floor":25,"turns":6},{"damage":28,"enemies":"Gremlin Leader","floor":28,"turns":7},{"damage":31,"enemies":"Slavers","floor":30,"turns":4},{"damage":31,"enemies":"Snake Plant","floor":31,"turns":4},{"damage":37,"enemies":"Automaton","floor":33,"turns":9},{"damage":12,"enemies":"Orb Walker","floor":35,"turns":3},{"damage":91,"enemies":"Reptomancer","floor":40,"turns":3}],"seed_played":"-4644086400633075066","potions_obtained":[{"floor":2,"key":"LiquidMemories"},{"floor":5,"key":"AttackPotion"},{"floor":11,"key":"SneckoOil"},{"floor":14,"key":"Regen Potion"},{"floor":19,"key":"SpeedPotion"},{"floor":24,"key":"BloodPotion"},{"floor":25,"key":"Explosive Potion"},{"floor":30,"key":"Explosive Potion"},{"floor":33,"key":"Strength Potion"},{"floor":35,"key":"BlessingOfTheForge"}],"is_trial":false,"path_per_floor":["M","M","M","M","M","R","E","?","T","M","E","?","M","E","R","B",null,"M","?","M","$","M","R","E","E","T","R","E","?","E","M","R","B",null,"M","?","?","$","?","E"],"character_chosen":"IRONCLAD","items_purchased":["OrangePellets","Feel No Pain","GamblersBrew","Fire Breathing","Reaper","Membership Card","Kunai","Bag of Marbles"],"campfire_rested":4,"item_purchase_floors":[21,21,21,21,21,38,38,38],"current_hp_per_floor":[80,80,80,76,73,73,52,45,52,58,15,36,36,26,52,47,87,81,40,23,23,19,60,45,33,33,74,54,38,39,30,72,55,93,89,81,81,81,81,0,0],"gold":9,"neow_bonus":"THREE_CARDS","is_daily":false,"chose_seed":false,"campfire_upgraded":1,"win_rate":0.0,"timestamp":1613584200,"path_taken":["M","?","M","M","M","R","E","?","T","M","E","?","M","E","R","BOSS","M","?","M","$","M","R","E","E","T","R","E","?","E","M","R","BOSS","M","?","?","$","?","E"],"items_purchased_type":["Relic","Card","Potion","Card","Card","Relic","Relic","Relic"],"build_version":"2020-12-22","purchased_purges":2,"victory":false,"max_hp_per_floor":[80,80,80,80,80,80,80,80,87,87,87,87,87,87,87,87,87,87,87,87,87,87,87,87,89,89,89,91,91,91,93,93,93,93,95,97,97,97,92,92,92],"relic_stats":{"Regal Pillow":45,"Singing Bowl":10,"counters":[23,109],"Astrolabe":["Carnage","Power Through","Brutality"],"Whetstone":["Wild Strike","Strike_R"],"Burning Blood":118,"Blood Vial":8,"OrangePellets":[11],"Nunchaku":[3],"Mummified Hand":[61],"Bronze Scales":[159],"Kunai":[0],"obtain_stats":[{"Regal Pillow":17,"Singing Bowl":25,"Nilry\u0027s Codex":29,"Astrolabe":34,"The Courier":11,"Whetstone":14,"Burning Blood":0,"Calling Bell":17,"Blood Vial":28,"OrangePellets":21,"Nunchaku":26,"Mummified Hand":7,"Strawberry":9,"Bronze Scales":24,"WingedGreaves":17,"Red Mask":19,"Bag of Marbles":38,"Bottled Lightning":30,"Membership Card":38,"Kunai":38,"Meat on the Bone":17},{"Regal Pillow":11,"Singing Bowl":17,"Nilry\u0027s Codex":18,"Astrolabe":21,"The Courier":8,"Whetstone":10,"Burning Blood":0,"Calling Bell":11,"Blood Vial":18,"OrangePellets":14,"Nunchaku":17,"Mummified Hand":6,"Strawberry":6,"Bronze Scales":16,"WingedGreaves":11,"Red Mask":13,"Bag of Marbles":22,"Bottled Lightning":19,"Membership Card":22,"Kunai":22,"Meat on the Bone":11},{"Regal Pillow":46,"Singing Bowl":79,"Nilry\u0027s Codex":86,"Astrolabe":103,"The Courier":28,"Whetstone":39,"Burning Blood":0,"Calling Bell":46,"Blood Vial":86,"OrangePellets":62,"Nunchaku":79,"Mummified Hand":20,"Strawberry":20,"Bronze Scales":73,"WingedGreaves":46,"Red Mask":55,"Bag of Marbles":106,"Bottled Lightning":90,"Membership Card":106,"Kunai":106,"Meat on the Bone":46}],"Meat on the Bone":96},"card_choices":[{"not_picked":["Anger","Reckless Charge"],"picked":"Wild Strike","floor":0},{"not_picked":["Shrug It Off","Wild Strike"],"picked":"Flex","floor":1},{"not_picked":["Ghostly Armor","Metallicize"],"picked":"Spot Weakness","floor":2},{"not_picked":["True Grit","Twin Strike"],"picked":"Heavy Blade","floor":3},{"not_picked":["True Grit","Metallicize"],"picked":"Thunderclap","floor":4},{"not_picked":["Wild Strike","Clash"],"picked":"Armaments","floor":5},{"not_picked":["Cleave","Clothesline"],"picked":"Impervious","floor":7},{"not_picked":["Havoc","Heavy Blade"],"picked":"Fire Breathing","floor":10},{"not_picked":["Second Wind","Thunderclap","Headbutt"],"picked":"SKIP","floor":11},{"not_picked":["Clash","Intimidate"],"picked":"Power Through","floor":13},{"not_picked":["Anger","Iron Wave"],"picked":"Fire Breathing","floor":14},{"not_picked":["Fiend Fire","Offering"],"picked":"Immolate","floor":16},{"not_picked":["Havoc","Dropkick+1"],"picked":"Inflame","floor":18},{"not_picked":["Clothesline","Searing Blow+1"],"picked":"Flex+1","floor":19},{"not_picked":["Body Slam","Sentinel"],"picked":"Rampage+1","floor":20},{"not_picked":["Carnage","Flex"],"picked":"Uppercut+1","floor":22},{"not_picked":["Warcry","Flex"],"picked":"Double Tap","floor":24},{"not_picked":["Searing Blow","Anger","Pommel Strike+1"],"picked":"Singing Bowl","floor":25},{"not_picked":["Perfected Strike","Clash","Body Slam"],"picked":"Singing Bowl","floor":28},{"not_picked":["Sword Boomerang","Clash+1"],"picked":"Combust+1","floor":30},{"not_picked":["Warcry+1","Sentinel+1","Immolate"],"picked":"Singing Bowl","floor":31},{"not_picked":["Bludgeon","Fiend Fire"],"picked":"Corruption","floor":33},{"not_picked":["Entrench+1","True Grit","Pommel Strike"],"picked":"Singing Bowl","floor":35},{"not_picked":["Deep Breath","Dramatic Entrance"],"picked":"Bandage Up","floor":36},{"not_picked":["Mind Blast","Secret Weapon","Enlightenment"],"picked":"Singing Bowl","floor":36},{"not_picked":["Trip","Panacea"],"picked":"Magnetism","floor":36}],"player_experience":122811,"relics_obtained":[{"floor":7,"key":"Mummified Hand"},{"floor":9,"key":"Strawberry"},{"floor":11,"key":"The Courier"},{"floor":14,"key":"Whetstone"},{"floor":17,"key":"Regal Pillow"},{"floor":17,"key":"Meat on the Bone"},{"floor":17,"key":"WingedGreaves"},{"floor":19,"key":"Red Mask"},{"floor":24,"key":"Bronze Scales"},{"floor":25,"key":"Singing Bowl"},{"floor":26,"key":"Nunchaku"},{"floor":28,"key":"Blood Vial"},{"floor":29,"key":"Nilry\u0027s Codex"},{"floor":30,"key":"Bottled Lightning"}],"event_choices":[{"cards_removed":["Strike_R"],"damage_healed":0,"gold_gain":0,"player_choice":"Card Removal","damage_taken":7,"max_hp_gain":0,"max_hp_loss":0,"event_name":"Golden Wing","floor":8,"gold_loss":0},{"damage_healed":21,"gold_gain":0,"player_choice":"Healed","damage_taken":0,"max_hp_gain":0,"max_hp_loss":0,"event_name":"The Cleric","floor":12,"gold_loss":35},{"damage_healed":0,"gold_gain":0,"player_choice":"Fought Bandits","damage_taken":0,"max_hp_gain":0,"max_hp_loss":0,"event_name":"Masked Bandits","floor":19,"gold_loss":0},{"damage_healed":0,"gold_gain":0,"player_choice":"Obtained Book","damage_taken":16,"max_hp_gain":0,"max_hp_loss":0,"event_name":"Cursed Tome","floor":29,"gold_loss":0},{"damage_healed":0,"gold_gain":0,"player_choice":"Memory 3","damage_taken":10,"max_hp_gain":0,"max_hp_loss":0,"event_name":"SensoryStone","floor":36,"gold_loss":0},{"cards_removed":["Fire Breathing"],"damage_healed":0,"gold_gain":0,"player_choice":"Removed Power","damage_taken":0,"max_hp_gain":0,"max_hp_loss":0,"event_name":"Falling","floor":37,"gold_loss":0},{"damage_healed":0,"gold_gain":0,"player_choice":"Max HP","damage_taken":0,"max_hp_gain":0,"max_hp_loss":5,"event_name":"Winding Halls","floor":39,"gold_loss":0}],"is_beta":false,"boss_relics":[{"not_picked":["SacredBark","Fusion Hammer"],"picked":"Calling Bell"},{"not_picked":["SlaversCollar","Sozu"],"picked":"Astrolabe"}],"items_purged_floors":[21,38],"is_endless":false,"potions_floor_spawned":[2,5,11,14,19,24,25,30,33,35],"killed_by":"Reptomancer","ascension_level":1}}