{"host":"cyiefo55v5hz1ih5","time":1613543175,"event":{"mods":["2.2 Compatiblity","AchievementEnabler","Act Like it!","Arknights","BaseMod","Downfall","GifTheSpireLib","Hubris","Minty Spire (QoL Compilation)","Reliquary","Replay The Spire","Spicy Shops","StSLib","The Marked"],"gold_per_floor":[118,118,118,134,134,161,161,173,223,223,258,258,273,325,325,430,530,548,604,604,621,633,668,668,701,727,737,261,261,280,305,305,401,401,419,419,438,258,274,274,274],"floor_reached":40,"language":"ENG","playtime":3614,"items_purged":["ats:Strike G","downfall:Bewildered","ats:Strike C"],"score":477,"play_id":"b9e7cb49-82d5-444b-9dda-8832a1e508f7","local_time":"20210217012615","is_ascension_mode":true,"campfire_choices":[{"floor":7,"key":"REST"},{"floor":10,"key":"REST"},{"floor":12,"key":"REST"},{"data":"ats:Neurotoxin","floor":15,"key":"SMITH"},{"floor":24,"key":"REST"},{"floor":32,"key":"REST"}],"circlet_count":0,"master_deck":["ats:Strike S","ats:Armor Crushing Shot","ats:Defend","ats:Defend","ats:Defend","ats:Defend","ats:Emotion Absorption+1","ats:Shell Defense","ats:Ignite","ats:Neurotoxin+1","ats:Healing Strengthening","ats:Volcano","ats:Part Time Job","ats:Magnetic Hammer","Apotheosis","Specialist","ats:Very Hot Blade","ats:Ambush","ats:Sunburst"],"relics":["ats:Sanity Plus","Pen Nib","ats:Originium","ReplayFunnel","Replay:Grab Bag","reliquary:RedPaperclip","Replay:Wanted Poster","hubris:BottledRain","hubris:Icosahedron","reliquary:TuningFork","reliquary:BallBearing","Smiling Mask","ats:Arts","sneckomod:BabySnecko","Regal Pillow","hubris:Stopwatch"],"acts_visited":["Exordium","TheCity","TheBeyond"],"potions_floor_usage":[6,6,23,23,31,31,40,40],"damage_taken":[{"damage":5,"enemies":"Small Slimes","floor":1,"turns":4},{"damage":12,"enemies":"ats:Genji","floor":4,"turns":5},{"damage":46,"enemies":"Lagavulin","floor":6,"turns":14},{"damage":4,"enemies":"2 Louse","floor":8,"turns":2},{"damage":19,"enemies":"Replay:BlueRogue","floor":11,"turns":6},{"damage":14,"enemies":"Exordium Thugs","floor":13,"turns":5},{"damage":77,"enemies":"The Guardian","floor":16,"turns":17},{"damage":15,"enemies":"3 Byrds","floor":18,"turns":5},{"damage":11,"enemies":"Chosen","floor":21,"turns":6},{"damage":29,"enemies":"Snake Plant","floor":22,"turns":5},{"damage":37,"enemies":"Book of Stabbing","floor":23,"turns":6},{"damage":13,"enemies":"Replay:Snechameleon","floor":25,"turns":9},{"damage":29,"enemies":"Shelled Parasite and Fungi","floor":27,"turns":6},{"damage":23,"enemies":"Sentry and Sphere","floor":30,"turns":7},{"damage":37,"enemies":"Book of Stabbing","floor":31,"turns":6},{"damage":43,"enemies":"Automaton","floor":33,"turns":11},{"damage":17,"enemies":"3 Shapes","floor":35,"turns":3},{"damage":25,"enemies":"3 Darklings","floor":37,"turns":5},{"damage":43,"enemies":"Jaw Worm Horde","floor":39,"turns":4},{"damage":29,"enemies":"Reptomancer","floor":40,"turns":4}],"seed_played":"14241779190429014","potions_obtained":[{"floor":1,"key":"Dexterity Potion"},{"floor":4,"key":"SkillPotion"},{"floor":8,"key":"GamblersBrew"},{"floor":11,"key":"FairyPotion"},{"floor":21,"key":"BlessingOfTheForge"},{"floor":22,"key":"Swift Potion"},{"floor":23,"key":"Regen Potion"},{"floor":30,"key":"champ:CounterPotion"},{"floor":31,"key":"ats:Emergency Sanity Potion"},{"floor":37,"key":"Swift Potion"},{"floor":39,"key":"Guardian:BlockOnCardUsePotion"}],"is_trial":false,"path_per_floor":["M","?","?","M","?","E","R","M","T","R","E","R","M","T","R","B",null,"M","?","?","M","M","E","R","E","T","M","$","?","M","E","R","B",null,"M","?","M","$","M","E"],"character_chosen":"DOCTOR_CLASS","items_purchased":["Apotheosis","ats:Arts","Specialist","ats:Sunburst"],"campfire_rested":5,"item_purchase_floors":[28,28,28,38],"current_hp_per_floor":[67,67,49,42,35,14,35,31,31,52,38,59,50,50,50,14,72,65,47,47,52,42,28,49,60,60,45,45,45,46,39,72,63,72,55,55,35,35,25,0,0],"gold":274,"neow_bonus":"UPGRADE_CARD","is_daily":false,"chose_seed":false,"campfire_upgraded":1,"win_rate":0.0,"timestamp":1613543175,"path_taken":["M","?","?","M","?","E","R","M","T","R","E","R","M","?","R","BOSS","M","?","?","M","M","E","R","E","T","M","$","?","M","E","R","BOSS","M","?","M","$","M","E"],"items_purchased_type":["Card","Relic","Card","Card"],"build_version":"2020-12-22","purchased_purges":3,"victory":false,"max_hp_per_floor":[72,72,72,72,72,72,72,72,72,72,72,72,72,72,72,72,72,72,72,72,72,72,72,72,72,72,72,72,72,72,72,72,72,72,72,72,72,72,72,72,72],"card_choices":[{"not_picked":["ats:Red Shift","ats:Very Hot Blade"],"picked":"ats:Shell Defense","floor":1},{"not_picked":["ats:Poison Spread","ats:LN2 Cannon","ats:Shadow Raid"],"picked":"SKIP","floor":4},{"not_picked":["ats:Flame Of Heaven","ats:Demon Strength"],"picked":"ats:Ignite","floor":6},{"not_picked":["ats:Defend Order","ats:Poison Spread"],"picked":"ats:Neurotoxin","floor":8},{"not_picked":["ats:Steam Pump","ats:True Silver Slash"],"picked":"ats:Healing Strengthening","floor":11},{"not_picked":["ats:Defend Order","ats:Cat Scratch","ats:Shadow Raid"],"picked":"SKIP","floor":13},{"not_picked":["ats:Disruption Kick","ats:Rat Pack"],"picked":"ats:Volcano","floor":16},{"not_picked":["ats:Guard Mode","ats:Cat Scratch","ats:Ignite"],"picked":"SKIP","floor":18},{"not_picked":["ats:Leaping Hammer+1","ats:Guard Mode"],"picked":"ats:Part Time Job","floor":19},{"not_picked":["ats:Leaping Hammer","ats:Assault Order","ats:Encircling Forest"],"picked":"SKIP","floor":21},{"not_picked":["ats:Chain Hook","ats:Cat Scratch","ats:Curse Doll"],"picked":"SKIP","floor":22},{"not_picked":["ats:Healing Drone","ats:Shell Defense"],"picked":"ats:Magnetic Hammer","floor":23},{"not_picked":["ats:Absolute Focus","ats:Powerful Strike","ats:Magnetic Hammer+1"],"picked":"SKIP","floor":25},{"not_picked":["ats:Absolute Focus","ats:Powerful Strike","ats:Magnetic Hammer+1"],"picked":"SKIP","floor":25},{"not_picked":["ats:Chain Hook","ats:Explosion Area Strengthen","ats:Counter Healing Mode"],"picked":"SKIP","floor":27},{"not_picked":["ats:Dogmatic Field","ats:Phantom","ats:Consecutive Shot Auto+1"],"picked":"SKIP","floor":30},{"not_picked":["ats:Shell Defense","ats:Part Time Job+1"],"picked":"ats:Very Hot Blade","floor":31},{"not_picked":["ats:Nebulous Foxfire","ats:Echo Reverb"],"picked":"ats:Ambush","floor":33},{"not_picked":["ats:Song Of Battle+1","ats:Blood Oath","ats:Hammer On"],"picked":"SKIP","floor":35},{"not_picked":["ats:Very Hot Blade+1","ats:Charging Defense","ats:Consecutive Shot Auto+1"],"picked":"SKIP","floor":37},{"not_picked":["ats:Cat Scratch","ats:Rapid Magazine","ats:Hook Shot+1"],"picked":"SKIP","floor":39}],"player_experience":908757,"relics_obtained":[{"floor":6,"key":"ats:Originium"},{"floor":6,"key":"ats:Ability Aura"},{"floor":11,"key":"ats:Originium"},{"floor":11,"key":"ReplayFunnel"},{"floor":14,"key":"Nunchaku"},{"floor":19,"key":"hubris:BottledRain"},{"floor":23,"key":"ats:Originium"},{"floor":23,"key":"reliquary:TuningFork"},{"floor":25,"key":"ats:Originium"},{"floor":25,"key":"reliquary:BallBearing"},{"floor":26,"key":"Smiling Mask"},{"floor":31,"key":"ats:Originium"},{"floor":31,"key":"Regal Pillow"}],"event_choices":[{"damage_healed":0,"gold_gain":0,"player_choice":"Ignored","damage_taken":0,"max_hp_gain":0,"max_hp_loss":0,"event_name":"Liars Game","floor":2,"gold_loss":0},{"damage_healed":0,"gold_gain":0,"player_choice":"Success","damage_taken":18,"relics_obtained":["Pen Nib"],"max_hp_gain":0,"max_hp_loss":0,"event_name":"Scrap Ooze","floor":3,"gold_loss":0},{"cards_removed":["ats:Strike V"],"damage_healed":0,"gold_gain":0,"player_choice":"Card Removal","damage_taken":7,"max_hp_gain":0,"max_hp_loss":0,"event_name":"Golden Wing","floor":5,"gold_loss":0}],"is_beta":false,"boss_relics":[{"not_picked":["Replay:Bronze Core","Snecko Eye"],"picked":"Replay:Grab Bag"},{"not_picked":["hubris:GrandSneckoEye","hubris:TerracottaHorce"],"picked":"reliquary:RedPaperclip"},{"not_picked":["hubris:CrackedHourglass","bronze:MakeshiftBattery"],"picked":"Replay:Wanted Poster"},{"not_picked":["Ring of Chaos","hubris:BlackHole"],"picked":"ats:Sanity Plus"},{"not_picked":["Runic Pyramid","SlaversCollar"],"picked":"hubris:Stopwatch"}],"items_purged_floors":[28,38,38],"is_endless":false,"potions_floor_spawned":[1,4,8,11,21,22,23,30,31,37,39],"killed_by":"Reptomancer","ascension_level":1}}