{"host":"qxeepl7ydvsgmfdb","time":1613576652,"event":{"mods":["AchievementEnabler","BaseMod","Colored Powertips","Minty Spire (QoL Compilation)","Quick Restart","slay the spire mod where everything is the same but ironclad has a cowboy hat"],"gold_per_floor":[118,293,34,46,321,348,359,359,385,460,492,502,502,515,515,618,618,632,334,364,463,378,411,411,441,466,482,74,74,74,89,89,190,190,207,3,3,14,64,64,92,92,92],"floor_reached":42,"language":"ENG","playtime":1351,"items_purged":["Strike_B"],"score":638,"play_id":"46137bae-5b8e-4116-9d18-946f921fbc9c","local_time":"20210217104412","is_ascension_mode":true,"campfire_choices":[{"data":"Zap","floor":8.0,"key":"SMITH"},{"floor":13.0,"key":"REST"},{"data":"Redo","floor":15.0,"key":"SMITH"},{"floor":24,"key":"REST"},{"floor":29,"key":"REST"},{"floor":32,"key":"REST"},{"floor":40,"key":"REST"}],"circlet_count":0,"master_deck":["Strike_B","Strike_B","Defend_B","Defend_B","Defend_B+1","Defend_B+1","Zap+1","Dualcast","CurseOfTheBell","Sweeping Beam","Static Discharge","Ball Lightning","Redo+1","Capacitor","Ball Lightning","Ball Lightning","Defragment","Chill","Defragment","Dramatic Entrance","Redo","Redo","White Noise","Defragment"],"relics":["Calling Bell","Omamori","White Beast Statue","FossilizedHelix","Membership Card","Vajra","DataDisk","Nunchaku","Turnip","Busted Crown","Bottled Flame","MealTicket","ClockworkSouvenir","Red Mask","Cables","InkBottle","Gremlin Horn","Dream Catcher","WingedGreaves","Runic Capacitor","Centennial Puzzle","Shuriken","Emotion Chip","War Paint"],"acts_visited":["Exordium","TheCity","TheBeyond"],"potions_floor_usage":[23,23,23,27,27,38,38,39,41,42],"damage_taken":[{"damage":0.0,"enemies":"Small Slimes","floor":1.0,"turns":4.0},{"damage":0.0,"enemies":"Cultist","floor":4.0,"turns":3.0},{"damage":10.0,"enemies":"Lagavulin","floor":6.0,"turns":6.0},{"damage":0.0,"enemies":"Jaw Worm","floor":7.0,"turns":4.0},{"damage":5.0,"enemies":"3 Sentries","floor":11.0,"turns":4.0},{"damage":12.0,"enemies":"3 Louse","floor":12.0,"turns":3.0},{"damage":7.0,"enemies":"Large Slime","floor":14.0,"turns":4.0},{"damage":42.0,"enemies":"Slime Boss","floor":16.0,"turns":9.0},{"damage":7.0,"enemies":"Shell Parasite","floor":18.0,"turns":5.0},{"damage":46.0,"enemies":"Masked Bandits","floor":20.0,"turns":4.0},{"damage":20,"enemies":"Book of Stabbing","floor":23,"turns":3},{"damage":20,"enemies":"Gremlin Leader","floor":25,"turns":6},{"damage":0,"enemies":"3 Byrds","floor":27,"turns":3},{"damage":0,"enemies":"Cultist and Chosen","floor":31,"turns":4},{"damage":28,"enemies":"Champ","floor":33,"turns":7},{"damage":28,"enemies":"3 Darklings","floor":35,"turns":4},{"damage":6,"enemies":"Orb Walker","floor":38,"turns":3},{"damage":52,"enemies":"2 Orb Walkers","floor":39,"turns":5},{"damage":38,"enemies":"Nemesis","floor":41,"turns":5},{"damage":14,"enemies":"4 Shapes","floor":42,"turns":1}],"seed_played":"7587709092269523895","potions_obtained":[{"floor":1.0,"key":"EssenceOfDarkness"},{"floor":4.0,"key":"PowerPotion"},{"floor":6.0,"key":"Fire Potion"},{"floor":7.0,"key":"FairyPotion"},{"floor":11.0,"key":"AttackPotion"},{"floor":12.0,"key":"SteroidPotion"},{"floor":14.0,"key":"SneckoOil"},{"floor":16.0,"key":"EssenceOfSteel"},{"floor":20.0,"key":"DistilledChaos"},{"floor":23,"key":"Fruit Juice"},{"floor":25,"key":"DistilledChaos"},{"floor":27,"key":"Fruit Juice"},{"floor":31,"key":"PotionOfCapacity"},{"floor":35,"key":"DistilledChaos"},{"floor":38,"key":"Fruit Juice"},{"floor":39,"key":"BlessingOfTheForge"},{"floor":41,"key":"SkillPotion"}],"is_trial":false,"path_per_floor":["M","?","$","M","?","E","M","R","T","?","E","M","R","M","R","B",null,"M","$","?","?","?","E","R","E","T","M","$","R","?","M","R","B",null,"M","$","?","M","?","R","E","M"],"character_chosen":"DEFECT","items_purchased":["Membership Card","Vajra","Static Discharge","Bottled Flame","MealTicket","Ball Lightning","ClockworkSouvenir","WingedGreaves","Runic Capacitor","Regen Potion","Chill","Centennial Puzzle","Shuriken","Dramatic Entrance","Redo"],"campfire_rested":5,"item_purchase_floors":[3,3,3,19,19,19,19,28,28,28,28,28,36,36,36],"current_hp_per_floor":[75,75,75,75,75,65,65,65,65,54,49,37,59,52,52,10,59,52,52,6,6,6,17,41,21,21,26,41,66,50,50,75,47,76,48,63,63,62,24,51,13,0,0],"gold":92,"neow_bonus":"BOSS_RELIC","is_daily":false,"chose_seed":false,"campfire_upgraded":2,"win_rate":0.0,"timestamp":1613576652,"path_taken":["M","?","$","M","?","E","?","R","T","?","E","M","R","M","R","BOSS","M","$","?","?","?","E","R","E","T","M","?","R","?","?","R","BOSS","M","$","?","?","?","R","E","M"],"items_purchased_type":["Relic","Relic","Card","Relic","Relic","Card","Relic","Relic","Relic","Potion","Card","Relic","Relic","Card","Card"],"build_version":"2020-12-22","purchased_purges":1,"victory":false,"max_hp_per_floor":[75,75,75,75,75,75,75,75,75,75,75,75,75,75,75,75,75,75,75,75,75,75,80,80,80,80,85,85,85,85,85,85,85,85,85,85,85,90,90,90,90,90,90],"card_choices":[{"not_picked":["Leap","Aggregate"],"picked":"Sweeping Beam","floor":1.0},{"not_picked":["Reinforced Body","Turbo","Rip and Tear"],"picked":"SKIP","floor":4.0},{"not_picked":["Sweeping Beam","Beam Cell","Barrage"],"picked":"SKIP","floor":6.0},{"not_picked":["Stack","Hologram"],"picked":"Ball Lightning","floor":7.0},{"not_picked":["Stack","Hologram","Tempest"],"picked":"SKIP","floor":11.0},{"not_picked":["Steam","Rebound","Beam Cell"],"picked":"SKIP","floor":12.0},{"not_picked":["Seek","Undo"],"picked":"Redo","floor":14.0},{"not_picked":[],"picked":"Capacitor","floor":18.0},{"not_picked":[],"picked":"Ball Lightning","floor":20.0},{"not_picked":[],"picked":"Defragment","floor":23},{"not_picked":["Heatsinks"],"picked":"SKIP","floor":25},{"not_picked":["Capacitor"],"picked":"SKIP","floor":27},{"not_picked":[],"picked":"Defragment","floor":31},{"not_picked":["Hologram+1"],"picked":"SKIP","floor":35},{"not_picked":["Barrage"],"picked":"SKIP","floor":38},{"not_picked":[],"picked":"White Noise","floor":40},{"not_picked":[],"picked":"Defragment","floor":41}],"player_experience":162165,"relics_obtained":[{"floor":0.0,"key":"Omamori"},{"floor":0.0,"key":"White Beast Statue"},{"floor":0.0,"key":"FossilizedHelix"},{"floor":6.0,"key":"DataDisk"},{"floor":9.0,"key":"Nunchaku"},{"floor":11.0,"key":"Turnip"},{"floor":20.0,"key":"Red Mask"},{"floor":23,"key":"InkBottle"},{"floor":25,"key":"Gremlin Horn"},{"floor":26,"key":"Dream Catcher"},{"floor":39,"key":"Emotion Chip"},{"floor":41,"key":"War Paint"}],"event_choices":[{"damage_healed":0.0,"max_hp_gain":0.0,"max_hp_loss":0.0,"gold_gain":175.0,"event_name":"Liars Game","player_choice":"AGREE","floor":2.0,"gold_loss":0.0,"damage_taken":0.0,"cards_obtained":["Doubt"]},{"damage_healed":0.0,"max_hp_gain":0.0,"max_hp_loss":0.0,"gold_gain":275.0,"event_name":"Golden Shrine","player_choice":"Desecrate","floor":5.0,"gold_loss":0.0,"damage_taken":0.0,"cards_obtained":["Regret"]},{"damage_healed":0.0,"max_hp_gain":0.0,"max_hp_loss":0.0,"gold_gain":75.0,"event_name":"World of Goop","player_choice":"Gather Gold","floor":10.0,"gold_loss":0.0,"damage_taken":11.0},{"damage_healed":0.0,"max_hp_gain":0.0,"max_hp_loss":0.0,"gold_gain":0.0,"event_name":"Masked Bandits","player_choice":"Fought Bandits","floor":20.0,"gold_loss":0.0,"damage_taken":0.0},{"damage_healed":0.0,"max_hp_gain":0.0,"max_hp_loss":0.0,"gold_gain":99.0,"event_name":"Nest","player_choice":"Stole From Cult","floor":21.0,"gold_loss":0.0,"damage_taken":0.0},{"damage_healed":0.0,"max_hp_gain":0.0,"max_hp_loss":0.0,"gold_gain":0.0,"event_name":"Addict","player_choice":"Obtained Relic","floor":22.0,"gold_loss":85.0,"damage_taken":0.0,"relics_obtained":["Cables"]},{"damage_healed":0,"gold_gain":0,"player_choice":"Obtained Book","damage_taken":16,"max_hp_gain":0,"max_hp_loss":0,"event_name":"Cursed Tome","floor":30,"gold_loss":0},{"damage_healed":0,"gold_gain":0,"cards_transformed":["Strike_B"],"player_choice":"Transformed","damage_taken":0,"max_hp_gain":0,"max_hp_loss":0,"event_name":"Transmorgrifier","floor":37,"gold_loss":0,"cards_obtained":["Redo"]},{"damage_healed":0,"gold_gain":0,"player_choice":"Fight","damage_taken":0,"max_hp_gain":0,"max_hp_loss":0,"event_name":"Mysterious Sphere","floor":39,"gold_loss":0}],"is_beta":false,"boss_relics":[{"not_picked":["SlaversCollar","Runic Dome"],"picked":"Busted Crown"},{"not_picked":["Sozu","Snecko Eye","Pandora\u0027s Box"]}],"items_purged_floors":[28],"is_endless":false,"potions_floor_spawned":[1,4,6,7,11,12,14,16,18,20,23,25,27,31,33,35,38,39,41],"killed_by":"4 Shapes","ascension_level":5}}