{"host":"l46m38yewlsb1e16","time":1613576499,"event":{"mods":["BaseMod","Infinite Spire","Minty Spire (QoL Compilation)","Replay The Spire","Shop Mod","StSLib","The Jungle"],"gold_per_floor":[118,138,138,155,155,187,187,200,200,31,63,63,79,99,99,200,200,213,213,213,213,233,233,253,253,253,282,282,311,311,346,346,356,356,456,456,469,486,553,129,193,228,228,271,295,51,70,108,108,124,124,124],"floor_reached":53,"language":"ENG","playtime":4724,"items_purged":["Defend_R","Strike_R"],"score":1107,"play_id":"668f9c18-2a41-4c2c-ad60-293be425aa1e","local_time":"20210217154139","is_ascension_mode":true,"campfire_choices":[{"data":"ReplayTheSpireMod:Muscle Training","floor":12,"key":"SMITH"},{"data":"Heavy Blade","floor":15,"key":"SMITH"},{"data":"Limit Break","floor":25,"key":"SMITH"},{"data":"Evolve","floor":30,"key":"SMITH"},{"data":"Flex","floor":34,"key":"SMITH"},{"data":"1","floor":43,"key":"LIFT"},{"data":"2","floor":49,"key":"LIFT"},{"data":"3","floor":51,"key":"LIFT"}],"circlet_count":0,"master_deck":["Strike_R","Strike_R","Defend_R+1","Defend_R+1","Bash","ReplayTheSpireMod:Muscle Training+1","Heavy Blade+1","Flex+1","Flex","Burning Pact","Cleave","Fiend Fire","ReplayTheSpireMod:Strike From Hell","Shrug It Off","Flame Barrier","Body Slam","Limit Break+1","ReplayTheSpireMod:Muscle Training+1","infinitespire:Fortify","ReplayTheSpireMod:Echoes of Time","Evolve+1","infinitespire:FutureSight","Abandon","Ghostly","Ghostly","Ghostly","Ghostly","Ghostly","Twin Strike+1","Impervious","Disarm+1","True Grit+1","Flex+1","Heavy Blade","Fire Breathing","Pummel+1","Dark Embrace","Heavy Blade+1"],"relics":["Burning Blood","ReplayTheSpireMod:Shallot","Bottled Lightning","Bottled Flame","Pet Ghost","Replay:Ancient Bell","Vajra","Onion Ring","Thread and Needle","Painkiller Herb","Quantum Egg","Bottled Tornado","Red Skull","ReplayTheSpireMod:Spearhead","Runic Cube","CeramicFish","Girya","infinitespire:Golems Mask","Omamori","infinitespire:PuzzleCube","Simple Rune","Paper Frog","Kunai"],"acts_visited":["Exordium","TheCity","TheBeyond"],"potions_floor_usage":[6,13,16,24,52,52,52,52,52,52],"damage_taken":[{"damage":1,"enemies":"Cultist","floor":1,"turns":3},{"damage":8,"enemies":"2 Louse","floor":2,"turns":3},{"damage":8,"enemies":"Small Slimes","floor":4,"turns":3},{"damage":31,"enemies":"Lagavulin","floor":6,"turns":7},{"damage":1,"enemies":"Exordium Wildlife","floor":8,"turns":3},{"damage":18,"enemies":"3 Sentries","floor":11,"turns":6},{"damage":1,"enemies":"Large Slime","floor":13,"turns":4},{"damage":1,"enemies":"Exordium Thugs","floor":14,"turns":3},{"damage":18,"enemies":"The Guardian","floor":16,"turns":10},{"damage":7,"enemies":"Shell Parasite","floor":18,"turns":3},{"damage":0,"enemies":"Spheric Guardian","floor":22,"turns":3},{"damage":12,"enemies":"Snake Plant","floor":24,"turns":2},{"damage":2,"enemies":"Gremlin Leader","floor":27,"turns":5},{"damage":3,"enemies":"Replay:Snechameleon","floor":29,"turns":5},{"damage":9,"enemies":"Book of Stabbing","floor":31,"turns":3},{"damage":2,"enemies":"3 Cultists","floor":33,"turns":4},{"damage":14,"enemies":"Champ","floor":35,"turns":9},{"damage":1,"enemies":"3 Darklings","floor":37,"turns":6},{"damage":1,"enemies":"Orb Walker","floor":38,"turns":4},{"damage":10,"enemies":"2 Orb Walkers","floor":41,"turns":3},{"damage":0,"enemies":"Nemesis","floor":42,"turns":7},{"damage":5,"enemies":"Giant Head","floor":44,"turns":7},{"damage":0,"enemies":"Sphere and 2 Shapes","floor":47,"turns":3},{"damage":12,"enemies":"Nemesis","floor":48,"turns":7},{"damage":3,"enemies":"4 Shapes","floor":50,"turns":4},{"damage":1,"enemies":"Donu and Deca","floor":52,"turns":7}],"seed_played":"-3580693499221937140","potions_obtained":[{"floor":2,"key":"AttackPotion"},{"floor":4,"key":"Regen Potion"},{"floor":11,"key":"Block Potion"},{"floor":16,"key":"SteroidPotion"},{"floor":18,"key":"Weak Potion"},{"floor":24,"key":"Fire Potion"},{"floor":31,"key":"Adrenaline Potion"},{"floor":37,"key":"Strength Potion"},{"floor":39,"key":"EntropicBrew"}],"is_trial":false,"path_per_floor":["M","M","?","M","?","E","?","M","T","$","E","R","M","M","R","B",null,"M","AVR","PTL","PTL","?","?","?","T","?","E","T","E","T","E","?","?","T","B",null,"?","?","?","T","?","E","T","E","T","T","?","E","T","?","T","B",null],"character_chosen":"IRONCLAD","items_purchased":["Fiend Fire","ReplayTheSpireMod:Strike From Hell","Girya","Heavy Blade","Paper Frog"],"campfire_rested":0,"item_purchase_floors":[10,10,40,40,46],"current_hp_per_floor":[77,75,75,73,55,42,42,47,47,47,35,35,40,45,45,33,68,67,67,67,67,73,53,47,47,40,40,40,40,40,37,37,40,40,32,38,40,40,30,30,26,32,32,33,33,33,39,33,33,36,36,40],"gold":124,"neow_bonus":"REMOVE_CARD","is_daily":false,"chose_seed":false,"campfire_upgraded":5,"win_rate":0.0,"timestamp":1613576499,"path_taken":["M","M","?","M","?","E","?","M","T","$","E","R","M","?","R","BOSS","M","AVR","PTL","PTL","?","?","?","T","?","E","T","E","T","E","?","?","T","BOSS","?","?","?","T","?","E","T","E","T","T","?","E","T","?","T","BOSS"],"items_purchased_type":["Card","Card","Relic","Card","Relic"],"build_version":"2020-12-22","purchased_purges":2,"victory":true,"max_hp_per_floor":[80,80,80,80,80,80,80,80,80,80,80,80,80,80,80,80,80,80,80,80,80,80,80,80,80,40,40,40,40,40,40,40,40,40,40,40,40,40,40,40,40,40,40,40,40,40,40,40,40,40,40,40],"card_choices":[{"not_picked":["ReplayTheSpireMod:Stacked","Power Through"],"picked":"ReplayTheSpireMod:Muscle Training","floor":1},{"not_picked":["Warcry","Armaments"],"picked":"Heavy Blade","floor":2},{"not_picked":["Combust","Reckless Charge"],"picked":"Flex","floor":4},{"not_picked":["Twin Strike","Clothesline"],"picked":"Flex","floor":6},{"not_picked":["ReplayTheSpireMod:Strike From Hell","Sever Soul"],"picked":"Cleave","floor":8},{"not_picked":["ReplayTheSpireMod:LeadingStrike","Clash"],"picked":"Shrug It Off","floor":11},{"not_picked":["Thunderclap","Run Through"],"picked":"Flame Barrier","floor":13},{"not_picked":["Clash","Pommel Strike"],"picked":"Body Slam","floor":14},{"not_picked":["Juggernaut","Brutality"],"picked":"Limit Break","floor":16},{"not_picked":["Amnesia","Decay"],"picked":"Writhe","floor":17},{"not_picked":["Amnesia","Normality"],"picked":"Overencumbered","floor":17},{"not_picked":["ReplayTheSpireMod:Restless Dread","Regret"],"picked":"Delirium","floor":17},{"not_picked":["Twin Strike","Uppercut"],"picked":"ReplayTheSpireMod:Muscle Training+1","floor":18},{"not_picked":["Pommel Strike+1","Disarm"],"picked":"Evolve","floor":22},{"not_picked":["ReplayTheSpireMod:Black Plague","ReplayTheSpireMod:??????????????????????"],"picked":"infinitespire:FutureSight","floor":23},{"not_picked":["Anger","Clash"],"picked":"Abandon","floor":24},{"not_picked":["Armaments","Clothesline","Bludgeon"],"picked":"SKIP","floor":27},{"not_picked":["Shrug It Off","Second Wind+1","Combust"],"picked":"SKIP","floor":29},{"not_picked":["Clothesline+1","Cleave"],"picked":"Twin Strike+1","floor":31},{"not_picked":["Run Through","ReplayTheSpireMod:Strike From Hell","Warcry"],"picked":"SKIP","floor":33},{"not_picked":["Demon Form","Feed"],"picked":"Impervious","floor":35},{"not_picked":["ReplayTheSpireMod:Corrosion Curse","Run Through+1"],"picked":"Disarm+1","floor":37},{"not_picked":["Replay:Undeath\u0027s Touch","Rupture","Shrug It Off"],"picked":"SKIP","floor":38},{"not_picked":["Entrench","Twin Strike"],"picked":"True Grit+1","floor":39},{"not_picked":["Sword Boomerang","Clothesline"],"picked":"Flex+1","floor":39},{"not_picked":["True Grit+1","Clothesline"],"picked":"Fire Breathing","floor":41},{"not_picked":["Iron Wave+1","Run Through"],"picked":"Pummel+1","floor":42},{"not_picked":["True Grit+1","Demonic Infusion"],"picked":"Dark Embrace","floor":44},{"not_picked":["Flex","Wild Strike","Flame Barrier"],"picked":"SKIP","floor":47},{"not_picked":["Body Slam","Eclipse"],"picked":"Heavy Blade+1","floor":48},{"not_picked":["Sword Boomerang","Warcry+1","True Grit"],"picked":"SKIP","floor":50}],"player_experience":355337,"relics_obtained":[{"floor":6,"key":"Bottled Lightning"},{"floor":9,"key":"Bottled Flame"},{"floor":11,"key":"Pet Ghost"},{"floor":27,"key":"Bottled Tornado"},{"floor":29,"key":"Red Skull"},{"floor":31,"key":"ReplayTheSpireMod:Spearhead"},{"floor":39,"key":"CeramicFish"},{"floor":41,"key":"infinitespire:Golems Mask"},{"floor":42,"key":"Omamori"},{"floor":44,"key":"infinitespire:PuzzleCube"},{"floor":45,"key":"Simple Rune"},{"floor":48,"key":"Kunai"}],"event_choices":[{"damage_healed":0,"gold_gain":0,"player_choice":"Success","damage_taken":18,"relics_obtained":["ReplayTheSpireMod:Shallot"],"max_hp_gain":0,"max_hp_loss":0,"event_name":"Scrap Ooze","floor":5,"gold_loss":0},{"damage_healed":0,"gold_gain":0,"cards_transformed":["Strike_R"],"player_choice":"Transformed","damage_taken":0,"max_hp_gain":0,"max_hp_loss":0,"event_name":"Transmorgrifier","floor":7,"gold_loss":0,"cards_obtained":["Burning Pact"]},{"damage_healed":0,"gold_gain":0,"player_choice":"Became a Ghost","damage_taken":0,"max_hp_gain":0,"max_hp_loss":40,"event_name":"Ghosts","floor":26,"gold_loss":0,"cards_obtained":["Ghostly","Ghostly","Ghostly","Ghostly","Ghostly"]},{"cards_removed":["Delirium","Overencumbered","Writhe"],"damage_healed":0,"gold_gain":0,"player_choice":"Removed Curses","damage_taken":0,"max_hp_gain":0,"max_hp_loss":0,"event_name":"Fountain of Cleansing","floor":32,"gold_loss":0},{"damage_healed":0,"gold_gain":0,"player_choice":"Fight","damage_taken":0,"max_hp_gain":0,"max_hp_loss":0,"event_name":"Mysterious Sphere","floor":41,"gold_loss":0}],"is_beta":false,"boss_relics":[{"not_picked":["Replay:Drink Me","Runic Pyramid"],"picked":"Replay:Ancient Bell"},{"not_picked":["infinitespire:Satchel","Ancient Tea Set"],"picked":"Vajra"},{"not_picked":["ReplayTheSpireMod:Ninjato","Replay:WaspNest"],"picked":"Onion Ring"},{"not_picked":["Prayer Wheel","Ice Cream"],"picked":"Thread and Needle"},{"not_picked":["Black Blood","Ooze Armor"],"picked":"Runic Cube"}],"items_purged_floors":[19,40],"is_endless":false,"potions_floor_spawned":[2,4,11,16,18,24,31,35,37,38,47,50],"ascension_level":6}}