{"host":"uv5ws9rdk87e8i5k","time":1613603015,"event":{"mods":["AchievementEnabler","BaseMod","Colored Map","Minty Spire (QoL Compilation)","Permanent Neow","Quick Restart","StSLib","SuperFastMode","The Necromancer"],"gold_per_floor":[10,21,39,9,24,52,70,105,152,152,179,179,179],"floor_reached":12,"language":"ENG","playtime":367,"items_purged":[],"score":122,"play_id":"4842ea9b-b275-471e-a362-e1a857cee7bd","local_time":"20210217170335","is_ascension_mode":true,"campfire_choices":[{"data":"Storm","floor":10,"key":"SMITH"}],"circlet_count":0,"master_deck":["Strike_B","Strike_B","Strike_B","Strike_B","Defend_B","Defend_B","Defend_B","Defend_B","Zap","Dualcast","Coolheaded","Turbo","Cold Snap","Force Field","White Noise","Turbo","Storm+1","Hello World"],"relics":["Cracked Core","Ice Cream","Emotion Chip","Art of War","Akabeko","Odd Mushroom"],"acts_visited":["Exordium"],"potions_floor_usage":[7,8],"damage_taken":[{"damage":0,"enemies":"2 Louse","floor":1,"turns":2},{"damage":0,"enemies":"Jaw Worm","floor":2,"turns":5},{"damage":0,"enemies":"Small Slimes","floor":3,"turns":4},{"damage":4,"enemies":"Looter","floor":4,"turns":4},{"damage":1,"enemies":"Large Slime","floor":5,"turns":6},{"damage":16,"enemies":"3 Sentries","floor":6,"turns":8},{"damage":6,"enemies":"2 Fungi Beasts","floor":7,"turns":3},{"damage":10,"enemies":"Gremlin Nob","floor":8,"turns":3},{"damage":15,"enemies":"The Mushroom Lair","floor":11,"turns":4},{"damage":0,"enemies":"3 Sentries","floor":12,"turns":1}],"seed_played":"-8364297250607040362","potions_obtained":[{"floor":2,"key":"Energy Potion"},{"floor":5,"key":"DuplicationPotion"},{"floor":6,"key":"EssenceOfSteel"},{"floor":7,"key":"PowerPotion"}],"is_trial":false,"path_per_floor":["M","M","M","M","M","E","M","E","T","R","?","E"],"character_chosen":"DEFECT","items_purchased":[],"campfire_rested":0,"item_purchase_floors":[],"current_hp_per_floor":[68,68,68,64,63,47,41,31,31,31,16,16,16],"gold":179,"neow_bonus":"ONE_RARE_RELIC","is_daily":false,"chose_seed":false,"campfire_upgraded":1,"win_rate":0.0,"timestamp":1613603015,"path_taken":["M","M","M","M","M","E","M","E","T","R","?","E"],"items_purchased_type":[],"build_version":"2020-12-22","purchased_purges":0,"victory":false,"max_hp_per_floor":[75,75,75,75,75,75,75,75,75,75,75,75,75],"card_choices":[{"not_picked":["Sweeping Beam","Gash"],"picked":"Coolheaded","floor":1},{"not_picked":["Redo","Go for the Eyes"],"picked":"Turbo","floor":2},{"not_picked":["Stack","Leap"],"picked":"Cold Snap","floor":3},{"not_picked":["Gash","Coolheaded"],"picked":"Force Field","floor":4},{"not_picked":["Streamline","Seek"],"picked":"White Noise","floor":5},{"not_picked":["Redo","Leap","Turbo"],"picked":"SKIP","floor":6},{"not_picked":["Redo","Leap"],"picked":"Turbo","floor":6},{"not_picked":["Chill","Streamline"],"picked":"Storm","floor":7},{"not_picked":["Compile Driver","Scrape","Darkness"],"picked":"SKIP","floor":8},{"not_picked":["Static Discharge","Stack"],"picked":"Hello World","floor":11}],"player_experience":220646,"relics_obtained":[{"floor":6,"key":"Emotion Chip"},{"floor":8,"key":"Art of War"},{"floor":9,"key":"Akabeko"},{"floor":11,"key":"Odd Mushroom"}],"event_choices":[{"damage_healed":0,"gold_gain":0,"player_choice":"Fought Mushrooms","damage_taken":0,"max_hp_gain":0,"max_hp_loss":0,"event_name":"Mushrooms","floor":11,"gold_loss":0}],"is_beta":false,"boss_relics":[],"items_purged_floors":[],"is_endless":false,"potions_floor_spawned":[2,5,6,7],"killed_by":"3 Sentries","ascension_level":7}}