{"host":"i09pxcjttd31eh4q","time":1613535705,"event":{"mods":["AchievementEnabler","BaseMod","Colored Map","Keyboard Shortcuts","Minty Spire (QoL Compilation)","StSLib","SuperFastMode"],"gold_per_floor":[113,263,263,21,37,64,64,96,176,176,187,200,200,214,214,285,285,301,15,31,31,31,31,31,47,47,47,47,47],"floor_reached":28,"language":"KOR","playtime":696,"items_purged":["Doubt"],"score":602,"play_id":"f40a748c-2a2e-4747-b9e0-51adcfd0a09e","local_time":"20210217132145","is_ascension_mode":true,"campfire_choices":[{"data":"Bouncing Flask","floor":7.0,"key":"SMITH"},{"data":"Malaise","floor":10.0,"key":"SMITH"},{"data":"Neutralize","floor":13.0,"key":"SMITH"},{"data":"Deadly Poison","floor":15.0,"key":"SMITH"},{"data":"Well Laid Plans","floor":23.0,"key":"SMITH"}],"circlet_count":0,"master_deck":["AscendersBane","Strike_G","Strike_G+1","Strike_G","Strike_G","Strike_G","Defend_G","Defend_G","Defend_G","Defend_G","Defend_G+1","Survivor","Neutralize+1","Deadly Poison+1","Bouncing Flask+1","Well Laid Plans+1","Malaise+1","Backflip","Acrobatics","Acrobatics","PiercingWail+1","Burst"],"relics":["Ring of the Snake","NeowsBlessing","Blood Vial","Lantern","Darkstone Periapt","White Beast Statue","HoveringKite","Meat on the Bone","Pantograph"],"acts_visited":["Exordium","TheCity"],"potions_floor_usage":[25,25],"damage_taken":[{"damage":0.0,"enemies":"Cultist","floor":1.0,"turns":1.0},{"damage":0.0,"enemies":"2 Louse","floor":5.0,"turns":1.0},{"damage":0.0,"enemies":"Lagavulin","floor":6.0,"turns":1.0},{"damage":34.0,"enemies":"Gremlin Nob","floor":8.0,"turns":4.0},{"damage":0.0,"enemies":"Jaw Worm","floor":11.0,"turns":4.0},{"damage":4.0,"enemies":"Lots of Slimes","floor":12.0,"turns":6.0},{"damage":4.0,"enemies":"3 Louse","floor":14.0,"turns":5.0},{"damage":0.0,"enemies":"Hexaghost","floor":16.0,"turns":7.0},{"damage":26.0,"enemies":"3 Byrds","floor":18.0,"turns":6.0},{"damage":3.0,"enemies":"Spheric Guardian","floor":20.0,"turns":4.0},{"damage":41,"enemies":"3 Cultists","floor":25,"turns":7},{"damage":32,"enemies":"Centurion and Healer","floor":28,"turns":10}],"seed_played":"-5269296425558325988","potions_obtained":[{"floor":1.0,"key":"ColorlessPotion"},{"floor":5.0,"key":"CultistPotion"},{"floor":14.0,"key":"DuplicationPotion"},{"floor":16.0,"key":"Regen Potion"},{"floor":18.0,"key":"Energy Potion"},{"floor":20.0,"key":"ColorlessPotion"},{"floor":25,"key":"Swift Potion"}],"is_trial":false,"path_per_floor":["M","?","?","$","M","E","R","E","T","R","M","M","R","M","R","B",null,"M","$","M","$","?","R","?","M","T","?","M"],"character_chosen":"THE_SILENT","items_purchased":["Blood Vial","Meat on the Bone"],"campfire_rested":0,"item_purchase_floors":[4,19],"current_hp_per_floor":[59,59,39,39,41,43,43,11,11,11,13,11,11,9,9,11,52,28,28,39,39,39,39,39,27,27,27,0,0],"gold":47,"neow_bonus":"THREE_ENEMY_KILL","is_daily":false,"chose_seed":false,"campfire_upgraded":5,"win_rate":0.0,"timestamp":1613535705,"path_taken":["M","?","?","?","M","E","R","E","T","R","M","M","R","?","R","BOSS","M","$","M","$","?","R","?","M","T","?","M"],"items_purchased_type":["Relic","Relic"],"build_version":"2020-12-22","purchased_purges":1,"victory":false,"max_hp_per_floor":[66,66,66,66,66,66,66,66,66,66,66,66,66,66,66,66,66,66,66,66,66,66,66,66,66,66,66,66,66],"card_choices":[{"not_picked":["Slice","Footwork"],"picked":"Deadly Poison","floor":1.0},{"not_picked":["Deflect","Blur"],"picked":"Bouncing Flask","floor":5.0},{"not_picked":["Poisoned Stab","Distraction"],"picked":"Well Laid Plans","floor":6.0},{"not_picked":["Backflip","Slice"],"picked":"Malaise","floor":8.0},{"not_picked":["Flying Knee","Well Laid Plans"],"picked":"Backflip","floor":11.0},{"not_picked":["Glass Knife","Flying Knee"],"picked":"Acrobatics","floor":12.0},{"not_picked":["Slice","Sucker Punch"],"picked":"Acrobatics","floor":14.0},{"not_picked":["Sucker Punch","Acrobatics"],"picked":"PiercingWail+1","floor":18.0},{"not_picked":["Deadly Poison","Quick Slash","Flying Knee"],"picked":"SKIP","floor":20.0},{"not_picked":["Dodge and Roll","Dagger Spray"],"picked":"Burst","floor":25}],"player_experience":914489,"relics_obtained":[{"floor":6.0,"key":"Lantern"},{"floor":8.0,"key":"Darkstone Periapt"},{"floor":9.0,"key":"White Beast Statue"},{"floor":26,"key":"Pantograph"}],"event_choices":[{"damage_healed":0.0,"max_hp_gain":0.0,"max_hp_loss":0.0,"gold_gain":150.0,"event_name":"Liars Game","player_choice":"AGREE","floor":2.0,"gold_loss":0.0,"damage_taken":0.0,"cards_obtained":["Doubt"]},{"damage_healed":0.0,"max_hp_gain":0.0,"max_hp_loss":0.0,"gold_gain":0.0,"event_name":"Shining Light","player_choice":"Entered Light","floor":3.0,"gold_loss":0.0,"damage_taken":20.0,"cards_upgraded":["Strike_G","Defend_G"]},{"damage_healed":0.0,"max_hp_gain":0.0,"max_hp_loss":0.0,"gold_gain":0.0,"event_name":"Vampires","player_choice":"Ignored","floor":22.0,"gold_loss":0.0,"damage_taken":0.0},{"damage_healed":0.0,"max_hp_gain":0.0,"max_hp_loss":0.0,"gold_gain":0.0,"event_name":"Cursed Tome","player_choice":"Ignored","floor":24.0,"gold_loss":0.0,"damage_taken":0.0},{"damage_healed":0,"gold_gain":0,"player_choice":"Ignored","damage_taken":0,"max_hp_gain":0,"max_hp_loss":0,"event_name":"The Mausoleum","floor":27,"gold_loss":0}],"is_beta":false,"boss_relics":[{"not_picked":["Sozu","Ring of the Serpent"],"picked":"HoveringKite"}],"items_purged_floors":[4],"is_endless":false,"potions_floor_spawned":[1,5,11,12,14,16,18,20,25],"killed_by":"Centurion and Healer","ascension_level":20}}