{"host":"q4axc00jr2bozlh9","time":1613559305,"event":{"mods":["AchievementEnabler","BaseMod","Bestiary","Colored Map","Colored Powertips","Curses Come First","Minty Spire (QoL Compilation)","Relic Stats","StSLib","SuperFastMode","UnlockEverythingMod"],"gold_per_floor":[110,129,146,157,127,127,144,144,215,215,33,64,64,81,81,180,180,192,205,205,220,232,232,232],"floor_reached":23,"language":"ENG","playtime":988,"items_purged":["Strike_R"],"score":197,"play_id":"f03317ca-8bde-404c-a6c1-6a2de64a2ab0","local_time":"20210217115505","is_ascension_mode":false,"campfire_choices":[{"data":"Corruption","floor":6,"key":"SMITH"},{"floor":8,"key":"RECALL"},{"floor":15,"key":"REST"}],"circlet_count":0,"master_deck":["Strike_R","Strike_R","Strike_R","Strike_R","Defend_R","Defend_R","Defend_R","Defend_R","Bash","Corruption+1","Thunderclap","Feel No Pain","Battle Trance","Second Wind","Pommel Strike","Inflame","Infernal Blade","Rampage","Carnage","Armaments+1","Immolate","Shockwave+1","Metallicize","RitualDagger","Inflame","Feel No Pain"],"relics":["Burning Blood","Pear","Pantograph","Toxic Egg 2","Fusion Hammer"],"acts_visited":["Exordium","TheCity"],"potions_floor_usage":[12,16,21,21,23],"damage_taken":[{"damage":1,"enemies":"Cultist","floor":1,"turns":4},{"damage":3,"enemies":"2 Louse","floor":2,"turns":3},{"damage":13,"enemies":"Jaw Worm","floor":3,"turns":5},{"damage":17,"enemies":"Looter","floor":4,"turns":4},{"damage":18,"enemies":"Exordium Thugs","floor":5,"turns":4},{"damage":21,"enemies":"2 Fungi Beasts","floor":7,"turns":5},{"damage":14,"enemies":"Lagavulin","floor":12,"turns":5},{"damage":10,"enemies":"Looter","floor":14,"turns":2},{"damage":42,"enemies":"Slime Boss","floor":16,"turns":9},{"damage":20,"enemies":"2 Thieves","floor":18,"turns":3},{"damage":14,"enemies":"Shell Parasite","floor":19,"turns":4},{"damage":27,"enemies":"Snake Plant","floor":21,"turns":4},{"damage":9,"enemies":"Centurion and Healer","floor":22,"turns":6},{"damage":33,"enemies":"Slavers","floor":23,"turns":3}],"seed_played":"-4350074309637598441","potions_obtained":[{"floor":3,"key":"DuplicationPotion"},{"floor":7,"key":"ColorlessPotion"},{"floor":12,"key":"Swift Potion"},{"floor":18,"key":"LiquidBronze"},{"floor":21,"key":"Ancient Potion"}],"is_trial":false,"path_per_floor":["M","M","M","M","M","R","M","R","T","T","$","E","$","M","R","B",null,"M","M","?","M","M","E"],"character_chosen":"IRONCLAD","items_purchased":["Infernal Blade","Rampage"],"campfire_rested":1,"item_purchase_floors":[11,11],"current_hp_per_floor":[72,72,65,54,42,42,27,27,37,37,37,29,29,25,49,38,82,68,60,54,33,30,0,0],"gold":232,"neow_bonus":"THREE_RARE_CARDS","is_daily":false,"chose_seed":false,"campfire_upgraded":1,"win_rate":0.0,"timestamp":1613559305,"path_taken":["M","M","M","M","?","R","M","R","T","?","$","E","$","M","R","BOSS","M","?","?","M","M","E"],"items_purchased_type":["Card","Card"],"build_version":"2020-12-22","purchased_purges":1,"victory":false,"max_hp_per_floor":[72,72,72,72,72,72,72,72,82,82,82,82,82,82,82,82,82,82,82,82,82,82,82,82],"relic_stats":{"counters":[14,61],"Pantograph":25,"obtain_stats":[{"Pear":9,"Pantograph":10,"Fusion Hammer":17,"Toxic Egg 2":12,"Burning Blood":0},{"Pear":6,"Pantograph":6,"Fusion Hammer":9,"Toxic Egg 2":7,"Burning Blood":0},{"Pear":25,"Pantograph":25,"Fusion Hammer":41,"Toxic Egg 2":30,"Burning Blood":0}],"Burning Blood":70},"card_choices":[{"not_picked":["Brutality","Berserk"],"picked":"Corruption","floor":0},{"not_picked":["Headbutt","Wild Strike"],"picked":"Thunderclap","floor":1},{"not_picked":["Warcry","Burning Pact"],"picked":"Feel No Pain","floor":2},{"not_picked":["Thunderclap","Second Wind"],"picked":"Battle Trance","floor":3},{"not_picked":["Warcry","Anger"],"picked":"Second Wind","floor":4},{"not_picked":["Anger","Spot Weakness"],"picked":"Pommel Strike","floor":5},{"not_picked":["Clothesline","Rage"],"picked":"Inflame","floor":7},{"not_picked":["Body Slam","Perfected Strike"],"picked":"Carnage","floor":12},{"not_picked":["Burning Pact+1","Blood for Blood"],"picked":"Armaments+1","floor":14},{"not_picked":["Limit Break+1","Impervious+1"],"picked":"Immolate","floor":16},{"not_picked":["Shrug It Off+1","Anger+1"],"picked":"Shockwave+1","floor":18},{"not_picked":["Pommel Strike","Flex+1"],"picked":"Metallicize","floor":19},{"not_picked":["Headbutt+1","Cleave"],"picked":"Inflame","floor":21},{"not_picked":["Offering+1","Pommel Strike"],"picked":"Feel No Pain","floor":22}],"player_experience":266352,"relics_obtained":[{"floor":9,"key":"Pear"},{"floor":10,"key":"Pantograph"},{"floor":12,"key":"Toxic Egg 2"}],"event_choices":[{"damage_healed":0,"gold_gain":0,"player_choice":"Joined the Cult","damage_taken":6,"max_hp_gain":0,"max_hp_loss":0,"event_name":"Nest","floor":20,"gold_loss":0,"cards_obtained":["RitualDagger"]}],"is_beta":false,"boss_relics":[{"not_picked":["Runic Dome","Black Star"],"picked":"Fusion Hammer"}],"items_purged_floors":[11],"is_endless":false,"potions_floor_spawned":[3,5,7,12,18,21],"killed_by":"Slavers","ascension_level":0}}