{"host":"¿à÷økuyou","time":1613539245,"event":{"mods":["ATMod(°¢èªMod)","Act Like it!","BaseMod","BetterRewards","Minty Spire (QoL Compilation)","Quick Restart","StSLib"],"gold_per_floor":[114,114,39,54,54,54,84,84,84,99,114,129,144,159,159,259,259,274,274,289,39,39,39,69,109,184,59,74,74,114,129,129,229,229,244,259,304,349,364,364,49,49,49,79,79,124,126,141,141,141],"floor_reached":51,"language":"ZHS","playtime":1360,"items_purged":["Zap","Strike_G","AT_DivineConfetti","Strike_B"],"score":805,"play_id":"ee842ad3-9dc8-4437-b435-f3de9709cb24","local_time":"20210217132045","daily_mods":["Chimera","Uncertain Future","Terminal"],"is_ascension_mode":false,"campfire_choices":[{"data":"PathToVictory","floor":6.0,"key":"SMITH"},{"data":"Eruption","floor":8.0,"key":"SMITH"},{"data":"MentalFortress","floor":15.0,"key":"SMITH"},{"data":"AT_EmpoweredMortalDraw","floor":23.0,"key":"SMITH"},{"data":"PathToVictory","floor":29.0,"key":"SMITH"},{"data":"Wish","floor":32.0,"key":"SMITH"},{"data":"PathToVictory","floor":40.0,"key":"SMITH"},{"data":"AT_EmpoweredMortalDraw","floor":42.0,"key":"SMITH"},{"data":"Prostrate","floor":49,"key":"SMITH"}],"circlet_count":0,"master_deck":["Survivor","Eruption+1","Defend_G","Defend_P","AT_Dispersion+1","MentalFortress+1","PathToVictory+1","Wallop","Wish+1","AT_EmpoweredMortalDraw+1","AT_OneInchPunch+1","BattleHymn","PathToVictory+1","InnerPeace","Prostrate+1","Tantrum","PathToVictory+1","AT_EmpoweredMortalDraw+1","ConjureBlade","Pray+1","AT_IrregularMenstruation"],"relics":["PureWater","AT_ATBox","TungstenRod","Bronze Scales","TeardropLocket","AT_MortalBlade","TheAbacus","Pear","AT_BellowingDragoncrestRing","Black Star","Darkstone Periapt","Pocketwatch","Gambling Chip","AT_Kusabimaru"],"acts_visited":["Exordium","TheCity","TheBeyond"],"potions_floor_usage":[47,50,50,50,50,50],"damage_taken":[{"damage":0.0,"enemies":"2 Louse","floor":1.0,"turns":3.0},{"damage":0.0,"enemies":"Small Slimes","floor":4.0,"turns":4.0},{"damage":0.0,"enemies":"3 Sentries","floor":7.0,"turns":10.0},{"damage":0.0,"enemies":"Cultist","floor":10.0,"turns":3.0},{"damage":0.0,"enemies":"Looter","floor":11.0,"turns":3.0},{"damage":1.0,"enemies":"2 Fungi Beasts","floor":12.0,"turns":3.0},{"damage":0.0,"enemies":"Blue Slaver","floor":13.0,"turns":2.0},{"damage":0.0,"enemies":"Red Slaver","floor":14.0,"turns":3.0},{"damage":0.0,"enemies":"Hexaghost","floor":16.0,"turns":10.0},{"damage":0.0,"enemies":"Spheric Guardian","floor":18.0,"turns":3.0},{"damage":0.0,"enemies":"2 Thieves","floor":20.0,"turns":1.0},{"damage":0.0,"enemies":"Book of Stabbing","floor":24.0,"turns":2.0},{"damage":0.0,"enemies":"Cultist and Chosen","floor":25.0,"turns":3.0},{"damage":0.0,"enemies":"Snake Plant","floor":28.0,"turns":1.0},{"damage":0.0,"enemies":"Shelled Parasite and Fungi","floor":30.0,"turns":2.0},{"damage":4.0,"enemies":"Centurion and Healer","floor":31.0,"turns":3.0},{"damage":24.0,"enemies":"Automaton","floor":33.0,"turns":8.0},{"damage":3.0,"enemies":"Orb Walker","floor":35.0,"turns":2.0},{"damage":0.0,"enemies":"3 Shapes","floor":36.0,"turns":1.0},{"damage":10.0,"enemies":"Maw","floor":37.0,"turns":6.0},{"damage":12.0,"enemies":"3 Darklings","floor":38.0,"turns":8.0},{"damage":0.0,"enemies":"Sphere and 2 Shapes","floor":39.0,"turns":3.0},{"damage":6.0,"enemies":"Nemesis","floor":44.0,"turns":3.0},{"damage":4,"enemies":"Maw","floor":46,"turns":4},{"damage":0,"enemies":"2 Orb Walkers","floor":47,"turns":1},{"damage":0,"enemies":"Jaw Worm Horde","floor":48,"turns":1},{"damage":5,"enemies":"Donu and Deca","floor":50,"turns":6}],"seed_played":"6706742764168558924","potions_obtained":[{"floor":1.0,"key":"DistilledChaos"},{"floor":10.0,"key":"SpeedPotion"},{"floor":14.0,"key":"Explosive Potion"},{"floor":20.0,"key":"DuplicationPotion"},{"floor":28.0,"key":"Regen Potion"},{"floor":33.0,"key":"EntropicBrew"},{"floor":39.0,"key":"Fire Potion"},{"floor":47,"key":"SteroidPotion"}],"is_trial":false,"path_per_floor":["M","?","$","M","?","R","E","R","T","M","M","M","M","M","R","B",null,"M","?","M","$","?","R","E","M","T","$","M","R","M","M","R","B",null,"M","M","M","M","M","R","$","R","T","E","?","M","?","M","R","B",null],"character_chosen":"WATCHER","items_purchased":["TheAbacus","AT_EmpoweredMortalDraw"],"campfire_rested":0,"item_purchase_floors":[21,41],"current_hp_per_floor":[70,58,58,58,58,58,58,58,58,58,58,57,57,57,56,55,54,53,52,51,50,49,48,57,56,55,54,53,52,51,47,47,23,47,44,44,34,43,42,41,40,39,38,32,32,28,28,28,28,23],"gold":141,"neow_bonus":"","is_daily":true,"chose_seed":false,"campfire_upgraded":9,"win_rate":0.0,"timestamp":1613539245,"path_taken":["M","?","$","M","?","R","E","R","T","M","M","M","?","M","R","BOSS","M","?","M","$","?","R","E","M","T","?","M","R","M","M","R","BOSS","M","M","M","M","M","R","$","R","T","E","?","?","?","M","R","BOSS"],"items_purchased_type":["Relic","Card"],"build_version":"2020-12-18","purchased_purges":4,"victory":true,"max_hp_per_floor":[70,69,68,67,66,65,64,63,62,61,60,59,58,57,56,55,54,53,52,51,50,49,48,57,56,55,54,53,52,51,50,49,48,47,46,45,44,43,42,41,40,39,38,37,36,35,34,33,32,31],"card_choices":[{"not_picked":["Evaluate","ReachHeaven"],"picked":"MentalFortress","floor":1.0},{"not_picked":["Wireheading","FlyingSleeves"],"picked":"PathToVictory","floor":4.0},{"not_picked":["BowlingBash","FlurryOfBlows"],"picked":"Wallop","floor":7.0},{"not_picked":["SashWhip","FlyingSleeves","Swivel"],"picked":"SKIP","floor":10.0},{"not_picked":["FlyingSleeves","SashWhip","WaveOfTheHand"],"picked":"SKIP","floor":11.0},{"not_picked":["Weave","JustLucky","Conclude"],"picked":"SKIP","floor":12.0},{"not_picked":["Judgement","Halt","DeceiveReality"],"picked":"SKIP","floor":13.0},{"not_picked":["Prostrate","Sanctity","Crescendo"],"picked":"SKIP","floor":14.0},{"not_picked":["Brilliance","Judgement"],"picked":"Wish","floor":16.0},{"not_picked":["EmptyFist","InnerPeace"],"picked":"AT_OneInchPunch+1","floor":18.0},{"not_picked":["Conclude","Consecrate","Collect"],"picked":"SKIP","floor":20.0},{"not_picked":["CutThroughFate","Worship+1","WaveOfTheHand+1"],"picked":"SKIP","floor":24.0},{"not_picked":["CutThroughFate","MentalFortress"],"picked":"PathToVictory","floor":25.0},{"not_picked":["Swivel","ReachHeaven","SashWhip"],"picked":"SKIP","floor":28.0},{"not_picked":["SandsOfTime","AT_ChampionStep","Pray"],"picked":"SKIP","floor":30.0},{"not_picked":["Collect","Halt+1","ThirdEye"],"picked":"SKIP","floor":31.0},{"not_picked":["AT_ChampionKick","DeusExMachina"],"picked":"MasterReality","floor":33.0},{"not_picked":["FollowUp+1","Protect+1"],"picked":"InnerPeace","floor":35.0},{"not_picked":["Wallop","Evaluate"],"picked":"Prostrate","floor":36.0},{"not_picked":["Halt+1","Adaptation"],"picked":"Tantrum","floor":37.0},{"not_picked":["MentalFortress","Halt","Crescendo"],"picked":"SKIP","floor":38.0},{"not_picked":["EmptyBody+1","Wallop+1"],"picked":"PathToVictory","floor":39.0},{"not_picked":["FollowUp","FlurryOfBlows","JustLucky"],"picked":"SKIP","floor":44.0},{"not_picked":["SashWhip","EmptyFist","Tantrum+1"],"picked":"SKIP","floor":46},{"not_picked":["Prostrate+1","ClearTheMind+1"],"picked":"Pray+1","floor":47},{"not_picked":["Conclude+1","Protect+1"],"picked":"AT_IrregularMenstruation","floor":48}],"player_experience":216434,"relics_obtained":[{"floor":7.0,"key":"Bronze Scales"},{"floor":9.0,"key":"TeardropLocket"},{"floor":24.0,"key":"Pear"},{"floor":26.0,"key":"AT_BellowingDragoncrestRing"},{"floor":43.0,"key":"Darkstone Periapt"},{"floor":44.0,"key":"Pocketwatch"},{"floor":44.0,"key":"Gambling Chip"},{"floor":47,"key":"AT_Kusabimaru"}],"event_choices":[{"damage_healed":0.0,"max_hp_gain":0.0,"max_hp_loss":0.0,"gold_gain":0.0,"event_name":"Scrap Ooze","player_choice":"Success","floor":2.0,"gold_loss":0.0,"damage_taken":12.0,"relics_obtained":["TungstenRod"]},{"damage_healed":0.0,"max_hp_gain":0.0,"max_hp_loss":0.0,"gold_gain":0.0,"event_name":"Upgrade Shrine","player_choice":"Upgraded","floor":5.0,"gold_loss":0.0,"damage_taken":0.0,"cards_upgraded":["AT_Dispersion"]},{"damage_healed":0.0,"max_hp_gain":0.0,"max_hp_loss":0.0,"gold_gain":0.0,"cards_transformed":["Bash","Strike_R"],"event_name":"Drug Dealer","player_choice":"Became Test Subject","floor":19.0,"gold_loss":0.0,"damage_taken":0.0,"cards_obtained":["AT_DivineConfetti","BattleHymn"]},{"cards_removed":["Defend_R"],"damage_healed":0.0,"max_hp_gain":0.0,"max_hp_loss":0.0,"gold_gain":0.0,"event_name":"Back to Basics","player_choice":"Elegance","floor":22.0,"gold_loss":0.0,"damage_taken":0.0},{"damage_healed":0.0,"max_hp_gain":0.0,"max_hp_loss":0.0,"gold_gain":0.0,"cards_transformed":["MasterReality"],"event_name":"Transmorgrifier","player_choice":"Transformed","floor":45.0,"gold_loss":0.0,"damage_taken":0.0,"cards_obtained":["ConjureBlade"]},{"damage_healed":0,"gold_gain":0,"player_choice":"Fight","damage_taken":0,"max_hp_gain":0,"max_hp_loss":0,"event_name":"Mysterious Sphere","floor":47,"gold_loss":0}],"is_beta":true,"boss_relics":[{"not_picked":["Runic Pyramid","HolyWater"],"picked":"AT_MortalBlade"},{"not_picked":["Philosopher\u0027s Stone","Empty Cage"],"picked":"Black Star"}],"items_purged_floors":[3,21,27,41],"is_endless":false,"potions_floor_spawned":[1,10,14,20,24,28,31,33,36,39,47],"ascension_level":0}}