{"host":"684z1xpuwaoqmmh1","time":1613556827,"event":{"mods":["A Magickal Journey","BaseMod","Downfall","Hermit","Jorbs\u0027s Wanderer Trilogy","Marisa????????","Minty Spire (QoL Compilation)","Robot Space Explorer","Shade Mod","StSLib","The Bug Knight","The Dragon Tamer","The Elementalist","The Hayseed","The Hierophant","The Marked","The Mystic","The Runesmith","The Saiyan","The Senshi","The Spell Scribe","The Vixen","TheBandit","TheFirefly"],"gold_per_floor":[115,115,126,139,154,188,188,220,220,220,220],"floor_reached":10,"language":"ENG","playtime":663,"items_purged":[],"score":94,"play_id":"d97ec3be-16e2-42b5-9d12-4fe1653dc2f5","local_time":"20210217121347","is_ascension_mode":true,"campfire_choices":[{"data":"HollowMod:MawleksShell","floor":7,"key":"SMITH"}],"circlet_count":0,"master_deck":["HollowMod:NailStrikeStart","HollowMod:NailStrikeStart","HollowMod:NailStrikeStart","HollowMod:NailStrikeStart","HollowMod:QuickDashStart","HollowMod:QuickDashStart","HollowMod:QuickDashStart","HollowMod:QuickDashStart","HollowMod:FocusHealStart+1","HollowMod:PogoStrike","HollowMod:CornifersMapStart","HollowMod:TaintedHusks","HollowMod:MawleksShell+1","HollowMod:DesolateDive","HollowMod:SoulSplash","HollowMod:DashSlash"],"relics":["HollowMod:VesselMask","Runesmith:AutoHammer","Omamori","Dead Branch","Pear"],"acts_visited":["Exordium"],"potions_floor_usage":[6],"damage_taken":[{"damage":2,"enemies":"Jaw Worm","floor":1,"turns":4},{"damage":1,"enemies":"Cultist","floor":3,"turns":4},{"damage":0,"enemies":"2 Louse","floor":4,"turns":3},{"damage":24,"enemies":"Large Slime","floor":5,"turns":9},{"damage":8,"enemies":"Gremlin Nob","floor":6,"turns":3},{"damage":34,"enemies":"HollowMod:MossKnight","floor":8,"turns":9},{"damage":66,"enemies":"Gremlin Nob","floor":10,"turns":4}],"seed_played":"8946136709594101854","potions_obtained":[{"floor":1,"key":"SteroidPotion"},{"floor":4,"key":"PowerPotion"}],"is_trial":false,"path_per_floor":["M","?","M","M","M","E","R","E","T","E"],"character_chosen":"THE_BUGKNIGHT","items_purchased":[],"campfire_rested":0,"item_purchase_floors":[],"current_hp_per_floor":[73,73,75,75,61,53,53,31,41,0,0],"gold":220,"neow_bonus":"UPGRADE_CARD","is_daily":false,"chose_seed":false,"campfire_upgraded":1,"win_rate":0.0,"timestamp":1613556827,"path_taken":["M","?","M","M","M","E","R","E","T","E"],"items_purchased_type":[],"build_version":"2020-12-22","purchased_purges":0,"victory":false,"max_hp_per_floor":[75,75,75,75,75,75,75,75,85,85,85],"card_choices":[{"not_picked":["HollowMod:SiblingsShadow","HollowMod:GoodIntentions"],"picked":"HollowMod:CornifersMapStart","floor":1},{"not_picked":["HollowMod:InfectedCysts","HollowMod:ChannelNail"],"picked":"HollowMod:TaintedHusks","floor":3},{"not_picked":["HollowMod:FallenFury","HollowMod:LuriensSpire"],"picked":"HollowMod:MawleksShell","floor":4},{"not_picked":["HollowMod:NewLittleFool","HollowMod:WhiteLadysBlessing"],"picked":"HollowMod:DesolateDive","floor":5},{"not_picked":["HollowMod:SoulShaman","HollowMod:CornifersMapStart"],"picked":"HollowMod:SoulSplash","floor":6},{"not_picked":["HollowMod:ChannelNail","HollowMod:SoulShaman"],"picked":"HollowMod:DashSlash","floor":8}],"player_experience":3320995,"relics_obtained":[{"floor":6,"key":"Omamori"},{"floor":8,"key":"Dead Branch"},{"floor":9,"key":"Pear"}],"event_choices":[{"damage_healed":0,"gold_gain":0,"player_choice":"Gave Potion","damage_taken":0,"relics_obtained":["Runesmith:AutoHammer"],"max_hp_gain":0,"max_hp_loss":0,"event_name":"WeMeetAgain","floor":2,"gold_loss":0}],"is_beta":false,"boss_relics":[],"items_purged_floors":[],"is_endless":false,"potions_floor_spawned":[1,4],"killed_by":"Gremlin Nob","ascension_level":4}}