{"host":"c44ey07ufggfw2m8","time":1613563211,"event":{"mods":["2.2 Compatiblity","BaseMod","Colored Map","DeckTracker","Hermit","Highlight Path","Keyboard Shortcuts","Minty Spire (QoL Compilation)","Permanent Neow","Quick Restart","StSLib","SuperFastMode","UnlockEverythingMod"],"gold_per_floor":[119,194,204,53,53,53,65,80,80,100,275,288,313,313,313,313,313],"floor_reached":16,"language":"KOR","playtime":508,"items_purged":[],"score":127,"play_id":"3f433259-4465-4932-b491-d32dc045d2c2","local_time":"20210217210011","is_ascension_mode":false,"campfire_choices":[{"data":"hermit:Deadeye","floor":6,"key":"SMITH"},{"data":"hermit:CursedWeapon","floor":15,"key":"SMITH"}],"circlet_count":0,"master_deck":["hermit:Strike_Hermit","hermit:Strike_Hermit","hermit:Strike_Hermit","hermit:Defend_Hermit","hermit:Defend_Hermit","hermit:Defend_Hermit","hermit:Defend_Hermit","hermit:Snapshot","hermit:Covet","Clumsy","hermit:TrackingShot","hermit:SprayPray","hermit:Dive","hermit:HoleUp","hermit:Deadeye+1","hermit:Roulette","hermit:Ricochet","hermit:EyeOfTheStorm","hermit:WideOpen","hermit:CursedWeapon+1","Doubt","hermit:DeadMansHand","hermit:SprayPray"],"relics":["hermit:Momento","Ginger","Orrery","HornCleat","Kunai"],"acts_visited":["Exordium"],"potions_floor_usage":[16],"damage_taken":[{"damage":0.0,"enemies":"2 Louse","floor":1.0,"turns":2.0},{"damage":4,"enemies":"Cultist","floor":3,"turns":5},{"damage":4,"enemies":"Small Slimes","floor":7,"turns":3},{"damage":0,"enemies":"Red Slaver","floor":8,"turns":2},{"damage":7,"enemies":"2 Fungi Beasts","floor":10,"turns":3},{"damage":8,"enemies":"3 Louse","floor":12,"turns":2},{"damage":2,"enemies":"Gremlin Nob","floor":13,"turns":4},{"damage":41,"enemies":"The Guardian","floor":16,"turns":13}],"seed_played":"7979221046571179194","potions_obtained":[{"floor":1.0,"key":"Energy Potion"},{"floor":8,"key":"DuplicationPotion"},{"floor":13,"key":"AttackPotion"}],"is_trial":false,"path_per_floor":["M","?","M","$","$","R","M","M","T","M","?","M","E","?","R","B"],"character_chosen":"HERMIT","items_purchased":["Orrery"],"campfire_rested":0,"item_purchase_floors":[4],"current_hp_per_floor":[75,68,64,64,64,64,60,60,60,53,53,45,43,43,43,2,2],"gold":313,"neow_bonus":"ONE_RARE_RELIC","is_daily":false,"chose_seed":false,"campfire_upgraded":2,"win_rate":0.0,"timestamp":1613563211,"path_taken":["M","?","M","?","$","R","M","?","T","M","?","M","E","?","R","BOSS"],"items_purchased_type":["Relic"],"build_version":"2020-12-22","purchased_purges":0,"victory":false,"max_hp_per_floor":[75,75,75,75,75,75,75,75,75,75,75,75,75,75,75,75,75],"card_choices":[{"not_picked":["hermit:TakeAim","hermit:Glare"],"picked":"hermit:TrackingShot","floor":1.0},{"not_picked":["hermit:Vantage","hermit:NoHoldsBarred"],"picked":"hermit:SprayPray","floor":3},{"not_picked":["hermit:TakeAim","hermit:Showdown"],"picked":"hermit:Dive","floor":4},{"not_picked":["hermit:Feint","hermit:Vantage"],"picked":"hermit:HoleUp","floor":4},{"not_picked":["hermit:Cheat","hermit:Determination"],"picked":"hermit:Deadeye","floor":4},{"not_picked":["hermit:TakeAim","hermit:HighNoon"],"picked":"hermit:Roulette","floor":4},{"not_picked":["hermit:Desperado","hermit:Determination"],"picked":"hermit:Ricochet","floor":4},{"not_picked":["hermit:LowProfile","hermit:Coalescence"],"picked":"hermit:EyeOfTheStorm","floor":7},{"not_picked":["hermit:Ricochet","hermit:Coalescence"],"picked":"hermit:WideOpen","floor":8},{"not_picked":["hermit:Feint","hermit:Enervate"],"picked":"hermit:CursedWeapon","floor":10},{"not_picked":["hermit:BigShot","hermit:Quickdraw","hermit:LoneWolf"],"picked":"SKIP","floor":12},{"not_picked":["hermit:CalledShot","hermit:SprayPray"],"picked":"hermit:DeadMansHand","floor":13}],"player_experience":137280,"relics_obtained":[{"floor":9,"key":"HornCleat"},{"floor":13,"key":"Kunai"}],"event_choices":[{"damage_healed":0,"gold_gain":75,"player_choice":"Touch","damage_taken":7,"max_hp_gain":0,"max_hp_loss":0,"event_name":"FaceTrader","floor":2,"gold_loss":0},{"damage_healed":0,"gold_gain":175,"player_choice":"AGREE","damage_taken":0,"max_hp_gain":0,"max_hp_loss":0,"event_name":"Liars Game","floor":11,"gold_loss":0,"cards_obtained":["Doubt"]},{"damage_healed":0,"gold_gain":0,"cards_transformed":["hermit:Strike_Hermit"],"player_choice":"Transformed","damage_taken":0,"max_hp_gain":0,"max_hp_loss":0,"event_name":"Transmorgrifier","floor":14,"gold_loss":0,"cards_obtained":["hermit:SprayPray"]}],"is_beta":false,"boss_relics":[],"items_purged_floors":[],"is_endless":false,"potions_floor_spawned":[1,8,13],"killed_by":"The Guardian","ascension_level":0}}