{"host":"0fmi5fguj5lvt8pf","time":1613544732,"event":{"mods":["BaseMod","Colored Map","Curses Come First","Downfall","Minty Spire (QoL Compilation)","Permanent Neow","StSLib"],"gold_per_floor":[99,111,124,8,108,108,135,150,162,612,612,612,787,799,812,917,917,917,936,936,947,526,526,552,582,601,601,611,561,382,401,420,518,518,518,536,536,203,549,430,430,430,130,149,168,199,199,249,267,267,267,297,17,17,17,17],"floor_reached":57,"language":"ENG","playtime":4614,"items_purged":["Pain","Doubt","Doubt"],"score":1367,"play_id":"eeefc49e-f0c0-476a-baf9-5cf16d73f320","local_time":"20210216225212","is_ascension_mode":false,"campfire_choices":[{"data":"sneckomod:SnekBite","floor":1,"key":"SMITH"},{"floor":11,"key":"REST"},{"data":"sneckomod:SoulExchange","floor":18,"key":"SMITH"},{"data":"sneckomod:SerpentIdol","floor":23,"key":"SMITH"},{"floor":27,"key":"REST"},{"floor":35,"key":"RECALL"},{"data":"expansioncontent:StudyTheSpire","floor":43,"key":"SMITH"},{"floor":47,"key":"REST"},{"data":"sneckomod:SoulExchange","floor":54,"key":"SMITH"}],"circlet_count":0,"master_deck":["sneckomod:Strike","sneckomod:Strike","sneckomod:Defend","sneckomod:Defend","sneckomod:TailWhip","sneckomod:SnekBite+1","sneckomod:Unknown","sneckomod:Unknown","sneckomod:SoulDraw","sneckomod:Mudshield","sneckomod:MasterEye","sneckomod:DangerNoodle","sneckomod:QuickBite","downfall:Haunted","downfall:Haunted","Shame","sneckomod:Restock","sneckomod:Unknown1Cost","downfall:Icky","downfall:Icky","downfall:Icky","sneckomod:DefensiveFlair","sneckomod:QuickBite","sneckomod:SoulExchange+1","sneckomod:UnknownClassSLIMEBOUND+1","Pride","sneckomod:SerpentIdol+1","sneckomod:UnknownRareSkill","sneckomod:UnknownX+1","sneckomod:UnknownStrike+1","sneckomod:SoulDraw","sneckomod:UnknownX","sneckomod:SlitherStrike","sneckomod:SoulExchange+1","sneckomod:Nope+1","expansioncontent:PrepareCrush","expansioncontent:PrepareCrush","expansioncontent:LastStand","expansioncontent:StudyTheSpire+1","sneckomod:QuickBite","sneckomod:ImprovisedGuard+1","sneckomod:SlitherStrike+1","sneckomod:UnknownStrength+1","sneckomod:SerpentMind","sneckomod:SnakeSap"],"relics":["sneckomod:SneckoSoul","Darkstone Periapt","StrikeDummy","MealTicket","hexamod:CandleOfCauterizing","Empty Cage","champ:DuelingGlove","Chemical X","Gremlin Horn","Snecko Eye","Old Coin","Strawberry","sneckomod:SleevedAce","PreservedInsect","downfall:HeartBlessingRed","downfall:HeartBlessingGreen","downfall:HeartBlessingBlue","Sundial","hexamod:Sixitude","Art of War","bronze:DecasWashers"],"acts_visited":["Exordium","TheCity","TheBeyond","TheEnding"],"potions_floor_usage":[9,22,25,25,25,25,30,40,50,52,55,56],"damage_taken":[{"damage":17,"enemies":"2 Louse","floor":2,"turns":3},{"damage":16,"enemies":"Small Slimes","floor":3,"turns":3},{"damage":7,"enemies":"downfall:FleeingMerchant","floor":4,"turns":4},{"damage":21,"enemies":"Jaw Worm","floor":8,"turns":3},{"damage":29,"enemies":"Blue Slaver","floor":9,"turns":3},{"damage":25,"enemies":"Exordium Wildlife","floor":14,"turns":4},{"damage":13,"enemies":"2 Fungi Beasts","floor":15,"turns":3},{"damage":31,"enemies":"IC_STATUS_ARCHETYPE","floor":16,"turns":7},{"damage":22,"enemies":"Spheric Guardian","floor":19,"turns":4},{"damage":10,"enemies":"Chosen","floor":21,"turns":3},{"damage":10,"enemies":"downfall:FleeingMerchant","floor":22,"turns":4},{"damage":42,"enemies":"Slavers","floor":25,"turns":7},{"damage":17,"enemies":"3 Cultists","floor":26,"turns":5},{"damage":37,"enemies":"Snake Plant","floor":28,"turns":3},{"damage":20,"enemies":"downfall:FleeingMerchant","floor":30,"turns":4},{"damage":6,"enemies":"Shelled Parasite and Fungi","floor":31,"turns":3},{"damage":17,"enemies":"Centurion and Healer","floor":32,"turns":4},{"damage":28,"enemies":"WA_ARCHETYPE_CALM","floor":33,"turns":8},{"damage":24,"enemies":"3 Shapes","floor":36,"turns":3},{"damage":15,"enemies":"2 Orb Walkers","floor":39,"turns":3},{"damage":0,"enemies":"downfall:FleeingMerchant","floor":40,"turns":1},{"damage":15,"enemies":"Orb Walker","floor":44,"turns":3},{"damage":48,"enemies":"Jaw Worm Horde","floor":45,"turns":4},{"damage":9,"enemies":"Reptomancer","floor":46,"turns":6},{"damage":7,"enemies":"Reptomancer","floor":48,"turns":5},{"damage":23,"enemies":"3 Darklings","floor":49,"turns":3},{"damage":115,"enemies":"DF_ARCHETYPE_ORBS","floor":50,"turns":9},{"damage":29,"enemies":"downfall:CharBossMerchant","floor":52,"turns":5},{"damage":39,"enemies":"downfall:NeowBoss","floor":55,"turns":11},{"damage":129,"enemies":"downfall:NeowBossFinal","floor":56,"turns":6}],"seed_played":"-2259174433671015470","potions_obtained":[{"floor":8,"key":"DistilledChaos"},{"floor":14,"key":"Guardian:BlockOnCardUsePotion"},{"floor":19,"key":"DistilledChaos"},{"floor":21,"key":"EntropicBrew"},{"floor":31,"key":"LiquidBronze"},{"floor":33,"key":"BlessingOfTheForge"},{"floor":39,"key":"Weak Potion"},{"floor":44,"key":"Swift Potion"},{"floor":52,"key":"SteroidPotion"}],"is_trial":false,"path_per_floor":["R","M","M","$","?","?","T","M","M","?","R","T","?","M","M","B",null,"R","M","?","M","$","R","T","E","M","R","M","?","$","M","M","B",null,"R","M","?","?","?","$","T","$","R","M","M","E","R","?","M","B",null,"E","$","R","B","B",null],"character_chosen":"THE_SNECKO","items_purchased":["sneckomod:QuickBite","Chemical X","sneckomod:UnknownRareSkill","sneckomod:UnknownX","expansioncontent:StudyTheSpire","Strawberry","sneckomod:SleevedAce","bronze:DecasWashers","sneckomod:SnakeSap"],"campfire_rested":3,"item_purchase_floors":[4,22,22,30,40,40,40,53,53],"current_hp_per_floor":[90,73,57,50,85,91,91,70,51,69,113,113,119,94,81,50,155,155,133,139,129,134,134,134,92,75,123,86,136,131,125,108,86,161,161,137,127,181,166,188,188,188,198,183,135,126,185,178,155,40,198,169,184,184,151,22],"gold":17,"neow_bonus":"TRANSFORM_TWO_CARDS","is_daily":false,"chose_seed":false,"campfire_upgraded":5,"win_rate":0.0,"timestamp":1613544732,"path_taken":["R","M","M","$","?","?","T","M","M","?","R","?","?","M","M","BOSS","R","M","?","M","?","R","T","E","M","R","M","?","$","M","M","BOSS","R","M","?","?","?","$","T","$","R","M","M","E","R","?","M","BOSS","E","$","R","BOSS","BOSS"],"items_purchased_type":["Card","Relic","Card","Card","Card","Relic","Relic","Relic","Card"],"build_version":"2020-12-22","purchased_purges":3,"victory":true,"max_hp_per_floor":[90,90,90,90,125,131,131,131,131,149,149,149,155,155,155,155,155,155,155,161,161,161,161,161,161,161,161,161,161,161,161,161,161,161,161,161,161,181,181,188,188,188,198,198,198,198,198,198,198,198,198,198,198,198,198,198],"card_choices":[{"not_picked":["sneckomod:UnknownClassTHE_BRONZE_AUTOMATON","sneckomod:DiceBlock","sneckomod:UnknownCommonAttack"],"picked":"SKIP","floor":2},{"not_picked":["sneckomod:UnknownExhaust","sneckomod:UnknownClassGUARDIAN"],"picked":"sneckomod:MasterEye","floor":3},{"not_picked":["sneckomod:WideSting","sneckomod:UnknownX"],"picked":"sneckomod:DangerNoodle","floor":4},{"not_picked":["sneckomod:UnknownCommonAttack","sneckomod:WideSting","sneckomod:UnknownDexterity"],"picked":"SKIP","floor":8},{"not_picked":["sneckomod:DiceBoulder","sneckomod:WideSting"],"picked":"sneckomod:Unknown1Cost","floor":9},{"not_picked":["sneckomod:SlitherStrike","sneckomod:UnknownVulnerable"],"picked":"sneckomod:DefensiveFlair","floor":14},{"not_picked":["sneckomod:Nope","sneckomod:UnknownCommonSkill"],"picked":"sneckomod:QuickBite","floor":14},{"not_picked":["sneckomod:SoulRoll","sneckomod:UnknownClassTHE_BRONZE_AUTOMATON","sneckomod:UnknownClassGREEN"],"picked":"SKIP","floor":15},{"not_picked":["sneckomod:Unknown3Cost","sneckomod:Cheat"],"picked":"sneckomod:SoulExchange","floor":16},{"not_picked":["sneckomod:QuickMove","sneckomod:DiceBoulder"],"picked":"sneckomod:UnknownClassSLIMEBOUND+1","floor":19},{"not_picked":["sneckomod:UnknownUncommonSkill","sneckomod:UnknownCommonSkill","sneckomod:UnknownCommonAttack"],"picked":"SKIP","floor":21},{"not_picked":["sneckomod:UnknownClassTHE_CHAMP_GRAY","sneckomod:UnknownClassSLIMEBOUND+1"],"picked":"sneckomod:SerpentIdol","floor":22},{"not_picked":["sneckomod:UnknownClassTHE_BRONZE_AUTOMATON","sneckomod:UnknownVulnerable"],"picked":"sneckomod:UnknownX+1","floor":25},{"not_picked":["sneckomod:UnknownDraw","sneckomod:UnknownColorless","sneckomod:UnknownClassBLUE"],"picked":"SKIP","floor":26},{"not_picked":["sneckomod:ImprovisedAttack","sneckomod:SoulExchange"],"picked":"sneckomod:UnknownStrike+1","floor":28},{"not_picked":["sneckomod:Unknown2Cost","sneckomod:Nope"],"picked":"sneckomod:SoulDraw","floor":30},{"not_picked":["sneckomod:UnknownClassGREEN","sneckomod:UnknownClassTHE_BRONZE_AUTOMATON+1","sneckomod:DiceBlock+1"],"picked":"SKIP","floor":31},{"not_picked":["sneckomod:UnknownCommonAttack","sneckomod:UnknownClassSLIMEBOUND"],"picked":"sneckomod:SlitherStrike","floor":32},{"not_picked":["sneckomod:UnknownRareAttack","sneckomod:Restock"],"picked":"sneckomod:SoulExchange","floor":33},{"not_picked":["sneckomod:Unknown0Cost+1","sneckomod:UnknownWeak"],"picked":"sneckomod:Nope+1","floor":36},{"not_picked":["expansioncontent:Chronoboost","expansioncontent:InvincibleStrength"],"picked":"expansioncontent:PrepareCrush","floor":37},{"not_picked":["expansioncontent:Chronoboost","expansioncontent:GuardianWhirl"],"picked":"expansioncontent:PrepareCrush","floor":37},{"not_picked":["expansioncontent:HyperBeam","expansioncontent:Chronoboost"],"picked":"expansioncontent:LastStand","floor":37},{"not_picked":["sneckomod:SoulRoll+1","sneckomod:DiceCrush+1","sneckomod:UnknownExhaust+1"],"picked":"SKIP","floor":40},{"not_picked":["sneckomod:RainOfDice","sneckomod:Unknown0Cost"],"picked":"sneckomod:QuickBite","floor":44},{"not_picked":["sneckomod:UnknownClassTHE_BRONZE_AUTOMATON+1","sneckomod:Unknown2Cost"],"picked":"sneckomod:ImprovisedGuard+1","floor":45},{"not_picked":["sneckomod:UnknownClassBLUE","sneckomod:SoulRoll+1","sneckomod:SoulDraw"],"picked":"SKIP","floor":46},{"not_picked":["sneckomod:UnknownColorless","sneckomod:DiceCrush+1"],"picked":"sneckomod:SlitherStrike+1","floor":48},{"not_picked":["sneckomod:QuickBite","sneckomod:UnknownCommonSkill+1"],"picked":"sneckomod:UnknownStrength+1","floor":49},{"not_picked":["sneckomod:MasterEye","sneckomod:SnekBeam+1"],"picked":"sneckomod:SerpentMind","floor":52}],"player_experience":1500699,"relics_obtained":[{"floor":7,"key":"MealTicket"},{"floor":12,"key":"hexamod:CandleOfCauterizing"},{"floor":25,"key":"Gremlin Horn"},{"floor":39,"key":"Old Coin"},{"floor":41,"key":"PreservedInsect"},{"floor":46,"key":"Sundial"},{"floor":48,"key":"hexamod:Sixitude"},{"floor":52,"key":"Art of War"}],"event_choices":[{"damage_healed":0,"gold_gain":0,"player_choice":"Box","damage_taken":0,"relics_obtained":["StrikeDummy"],"max_hp_gain":0,"max_hp_loss":0,"event_name":"Big Fish","floor":6,"gold_loss":0,"cards_obtained":["Regret"]},{"damage_healed":0,"gold_gain":0,"player_choice":"Stole Relic","damage_taken":0,"relics_obtained":["champ:DuelingGlove"],"max_hp_gain":0,"max_hp_loss":0,"event_name":"Addict","floor":20,"gold_loss":0,"cards_obtained":["Pride"]},{"damage_healed":0,"gold_gain":0,"player_choice":"Fight","damage_taken":0,"max_hp_gain":0,"max_hp_loss":0,"event_name":"Mysterious Sphere","floor":39,"gold_loss":0}],"is_beta":false,"boss_relics":[{"not_picked":["Runic Dome","Fusion Hammer"],"picked":"Empty Cage"},{"not_picked":["Tiny House","Philosopher\u0027s Stone"],"picked":"Snecko Eye"}],"items_purged_floors":[4,22,30],"is_endless":false,"potions_floor_spawned":[8,14,19,21,31,33,39,44,48,52],"ascension_level":0}}