{"host":"clf2hd4adhiiw0zf","time":1613600578,"event":{"mods":["AchievementEnabler","BaseMod","Beaked The Cultist","Bestiary","Dark Map","Downfall","Gremlin Mod","Hermit","Jorbs\u0027s Wanderer Trilogy","Marisa????????","Minty Spire (QoL Compilation)","Quick Restart","Shop Mod","Spire Arcade","StSLib","The Construct","The Cursed","Wide Potions"],"gold_per_floor":[99,99,155,155,155,167,194,94,107,124,149,49,66,166,181,281,281,281,299,311,19,19,19,19,19],"floor_reached":23,"language":"ENG","playtime":1030,"items_purged":[],"score":227,"play_id":"e43622ae-9f7b-4501-a42b-e7bbac926cf0","local_time":"20210217152258","is_ascension_mode":true,"campfire_choices":[{"floor":1.0,"key":"RECALL"},{"data":"hexamod:PhantomFireball","floor":8,"key":"SMITH"},{"data":"hexamod:HeatShield","floor":12,"key":"SMITH"},{"data":"hexamod:WildfireWeapon","floor":18,"key":"SMITH"}],"circlet_count":0,"master_deck":["hexamod:Strike","hexamod:Defend","hexamod:Defend","hexamod:Sear","hexamod:Float","hexamod:SwordOfDarkness","hexamod:EtherealExpedition","hexamod:PhantomFireball+1","hexamod:HeatShield+1","hexamod:RadiantFlame","hexamod:BurningTouch","hexamod:ThermalTransfer","hexamod:WildfireWeapon+1","hexamod:TurnItUp+1","hexamod:NightmareGuise+1","hexamod:ForkedFlame+1","hexamod:HeatMetal","hexamod:ExtraCrispy+1","hexamod:TimeOfNeed","hexamod:Incineration","hexamod:ThermalTransfer","hexamod:PhantomCloak","hexamod:ApocalypticArmor"],"relics":["hexamod:SpiritBrand","downfall:HeartsMalice","Bronze Scales","Slimebound:StickyStick","downfall:HeartBlessingRed","Tiny Chest","downfall:HeartBlessingGreen","Astrolabe","Oddly Smooth Stone"],"acts_visited":["Exordium","TheCity"],"potions_floor_usage":[16,16,20,21],"damage_taken":[{"damage":0.0,"enemies":"Small Slimes","floor":2.0,"turns":1.0},{"damage":0.0,"enemies":"3 Sentries","floor":3.0,"turns":1.0},{"damage":0.0,"enemies":"2 Louse","floor":4.0,"turns":1.0},{"damage":0,"enemies":"Cultist","floor":6,"turns":2},{"damage":1,"enemies":"3 Louse","floor":9,"turns":2},{"damage":2,"enemies":"2 Fungi Beasts","floor":10,"turns":3},{"damage":18,"enemies":"Lagavulin","floor":11,"turns":8},{"damage":0,"enemies":"Large Slime","floor":13,"turns":3},{"damage":5,"enemies":"Exordium Thugs","floor":15,"turns":3},{"damage":4,"enemies":"SI_SHIV_ARCHETYPE","floor":16,"turns":6},{"damage":27,"enemies":"downfall:LooterAlt2","floor":19,"turns":3},{"damage":0,"enemies":"3 Byrds","floor":20,"turns":4},{"damage":0,"enemies":"downfall:FleeingMerchant","floor":21,"turns":4},{"damage":46,"enemies":"Slavers","floor":23,"turns":2}],"seed_played":"582944044131503210","potions_obtained":[{"floor":3.0,"key":"Dexterity Potion"},{"floor":6,"key":"bronze:BurnAndBuffPotion"},{"floor":11,"key":"Fire Potion"},{"floor":15,"key":"hexamod:DoubleChargePotion"},{"floor":16,"key":"Block Potion"},{"floor":19,"key":"Swift Potion"}],"is_trial":false,"path_per_floor":["R","M","?","M","?","M","T","R","M","M","E","R","M","?","M","B",null,"R","M","M","$","?","E"],"character_chosen":"THE_SPIRIT","items_purchased":["Oddly Smooth Stone","hexamod:Incineration","hexamod:ThermalTransfer"],"campfire_rested":0,"item_purchase_floors":[21,21,21],"current_hp_per_floor":[70,70,70,70,70,70,70,70,69,67,49,49,49,49,44,40,70,70,43,43,43,43,0,0,0],"gold":19,"neow_bonus":"THREE_ENEMY_KILL","is_daily":false,"chose_seed":false,"campfire_upgraded":3,"win_rate":0.0,"timestamp":1613600578,"path_taken":["R","M","?","M","?","?","T","R","M","M","E","R","M","?","M","BOSS","R","M","M","$","?","E"],"items_purchased_type":["Relic","Card","Card"],"build_version":"2020-12-22","purchased_purges":0,"victory":false,"max_hp_per_floor":[70,70,70,70,70,70,70,70,70,70,70,70,70,70,70,70,70,70,70,70,70,70,70,70,70],"card_choices":[{"not_picked":["hexamod:FirstSeal","hexamod:ThermalTransfer"],"picked":"hexamod:SwordOfDarkness","floor":2.0},{"not_picked":["hexamod:RetreatToShadows","hexamod:Haunt"],"picked":"hexamod:EtherealExpedition","floor":3.0},{"not_picked":["hexamod:ExtraCrispy","hexamod:GhostflameBarrier"],"picked":"hexamod:PhantomFireball","floor":4.0},{"not_picked":["hexamod:PowerFromBeyond","hexamod:SecondSeal"],"picked":"hexamod:HeatShield","floor":6},{"not_picked":["hexamod:BacktrackSmack","hexamod:FirstSeal"],"picked":"hexamod:RadiantFlame","floor":9},{"not_picked":["hexamod:SuperheatedStrike","hexamod:SwordOfDarkness"],"picked":"hexamod:BurningTouch","floor":10},{"not_picked":["hexamod:HauntingEcho","hexamod:NightmareStrike","hexamod:InspiringFlames"],"picked":"SKIP","floor":11},{"not_picked":["hexamod:PhantomFireball","hexamod:SwordOfDarkness"],"picked":"hexamod:ThermalTransfer","floor":13},{"not_picked":["hexamod:SwordOfDarkness","hexamod:AdvancingGuard","hexamod:HauntingEcho"],"picked":"SKIP","floor":15},{"not_picked":["hexamod:FifthSeal","hexamod:FlameSwitch"],"picked":"hexamod:WildfireWeapon","floor":16},{"not_picked":["hexamod:SuperheatedStrike","hexamod:ThermalTransfer"],"picked":"hexamod:HeatMetal","floor":19},{"not_picked":["hexamod:ChargedBarrage","hexamod:RetreatToShadows"],"picked":"hexamod:ExtraCrispy+1","floor":20},{"not_picked":["hexamod:FirstSeal","hexamod:SpectersWail"],"picked":"hexamod:TimeOfNeed","floor":21}],"player_experience":349574,"relics_obtained":[{"floor":3.0,"key":"Bronze Scales"},{"floor":7,"key":"Slimebound:StickyStick"},{"floor":11,"key":"Tiny Chest"}],"event_choices":[{"damage_healed":0,"gold_gain":0,"player_choice":"Leave","damage_taken":0,"max_hp_gain":0,"max_hp_loss":0,"event_name":"FaceTrader","floor":5,"gold_loss":0},{"damage_healed":0,"gold_gain":0,"cards_transformed":["hexamod:Strike","hexamod:Strike"],"player_choice":"Became Test Subject","damage_taken":0,"max_hp_gain":0,"max_hp_loss":0,"event_name":"Drug Dealer","floor":22,"gold_loss":0,"cards_obtained":["hexamod:PhantomCloak","hexamod:ApocalypticArmor"]}],"is_beta":false,"boss_relics":[{"not_picked":["Velvet Choker","Fusion Hammer"],"picked":"Astrolabe"}],"items_purged_floors":[],"is_endless":false,"potions_floor_spawned":[3,6,10,11,13,15,16,19],"killed_by":"Slavers","ascension_level":4}}