{"host":"utqe55yv0jihe4d6","time":1613528876,"event":{"mods":["2.2 Compatiblity","AchievementEnabler","BaseMod","Block Reminder","Colored Map","Colored Powertips","Minty Spire (QoL Compilation)","Quick Restart","Rare Cards Sparkle","Relic Stats","SuperFastMode"],"gold_per_floor":[119,136,136,101,121,121,152,172,221,221,221,240,240,240,240,319,319,339,29,29,49,62,102,102,146,169,206,216,238,247,267,267,267,267],"floor_reached":33,"language":"ENG","playtime":1088,"items_purged":["Strike_R"],"score":764,"play_id":"de51d576-b287-4fce-8869-aa0951906854","local_time":"20210216212756","is_ascension_mode":true,"campfire_choices":[{"data":"Bash","floor":6,"key":"SMITH"},{"floor":11,"key":"REST"},{"data":"Flame Barrier","floor":13,"key":"SMITH"},{"data":"Clothesline","floor":15,"key":"SMITH"},{"floor":24,"key":"REST"},{"floor":32,"key":"REST"}],"circlet_count":0,"master_deck":["AscendersBane","Strike_R+1","Strike_R+1","Strike_R+1","Defend_R+1","Defend_R+1","Defend_R+1","Defend_R+1","Bash+1","Clothesline+1","Heavy Blade","Flame Barrier+1","Second Wind","Feed","Flame Barrier","Shrug It Off","Carnage+1","Entrench","Sever Soul","Sentinel+1","Shrug It Off+1","RitualDagger","Immolate"],"relics":["Snecko Eye","Kunai","Bag of Preparation","Red Skull","Runic Dome","ClockworkSouvenir","CeramicFish","Anchor","Pen Nib","Toxic Egg 2"],"acts_visited":["Exordium","TheCity"],"potions_floor_usage":[16],"damage_taken":[{"damage":6,"enemies":"2 Louse","floor":1,"turns":3},{"damage":4,"enemies":"Jaw Worm","floor":2,"turns":4},{"damage":0,"enemies":"Cultist","floor":5,"turns":2},{"damage":21,"enemies":"Gremlin Nob","floor":7,"turns":4},{"damage":0,"enemies":"Blue Slaver","floor":8,"turns":2},{"damage":0,"enemies":"Large Slime","floor":12,"turns":2},{"damage":0,"enemies":"Hexaghost","floor":16,"turns":9},{"damage":7,"enemies":"Spheric Guardian","floor":18,"turns":4},{"damage":0,"enemies":"2 Thieves","floor":21,"turns":4},{"damage":4,"enemies":"3 Cultists","floor":22,"turns":6},{"damage":32,"enemies":"Gremlin Leader","floor":23,"turns":6},{"damage":7,"enemies":"Book of Stabbing","floor":25,"turns":3},{"damage":0,"enemies":"Slavers","floor":27,"turns":5},{"damage":7,"enemies":"Chosen and Byrds","floor":28,"turns":5},{"damage":6,"enemies":"Centurion and Healer","floor":29,"turns":6},{"damage":0,"enemies":"Cultist and Chosen","floor":31,"turns":5},{"damage":66,"enemies":"Collector","floor":33,"turns":8}],"seed_played":"-6482427648844190345","potions_obtained":[{"floor":2,"key":"SkillPotion"},{"floor":5,"key":"Weak Potion"},{"floor":10,"key":"PowerPotion"},{"floor":10,"key":"FearPotion"},{"floor":21,"key":"Block Potion"},{"floor":23,"key":"AttackPotion"},{"floor":27,"key":"Strength Potion"}],"is_trial":false,"path_per_floor":["M","M","?","?","M","R","E","M","T","?","R","M","R","?","R","B",null,"M","$","?","M","M","E","R","E","T","E","M","M","?","M","R","B"],"character_chosen":"IRONCLAD","items_purchased":["Flame Barrier","ClockworkSouvenir"],"campfire_rested":3,"item_purchase_floors":[19,19],"current_hp_per_floor":[62,58,32,50,50,50,29,29,29,29,51,51,51,44,44,44,67,63,63,63,63,59,30,54,50,50,53,46,40,34,34,60,0,0],"gold":267,"neow_bonus":"BOSS_RELIC","is_daily":false,"chose_seed":false,"campfire_upgraded":3,"win_rate":0.0,"timestamp":1613528876,"path_taken":["M","M","?","?","M","R","E","M","T","?","R","?","R","?","R","BOSS","M","$","?","M","M","E","R","E","T","E","M","M","?","M","R","BOSS"],"items_purchased_type":["Card","Relic"],"build_version":"2020-12-22","purchased_purges":1,"victory":false,"max_hp_per_floor":[75,75,75,75,75,75,75,75,75,75,75,75,75,75,75,75,75,78,78,78,78,78,81,81,84,84,87,87,87,87,87,87,87,87],"relic_stats":{"counters":[17,78],"CeramicFish":54,"Snecko Eye":[129,148,129,137],"Pen Nib":[5],"Bag of Preparation":[26],"Kunai":[30],"obtain_stats":[{"Runic Dome":17,"Anchor":25,"CeramicFish":23,"Snecko Eye":0,"Pen Nib":26,"Bag of Preparation":7,"Kunai":3,"Toxic Egg 2":27,"Burning Blood":0,"Red Skull":9,"ClockworkSouvenir":19},{"Runic Dome":7,"Anchor":12,"CeramicFish":11,"Snecko Eye":0,"Pen Nib":12,"Bag of Preparation":4,"Kunai":2,"Toxic Egg 2":13,"Burning Blood":0,"Red Skull":5,"ClockworkSouvenir":8},{"Runic Dome":26,"Anchor":49,"CeramicFish":46,"Snecko Eye":0,"Pen Nib":49,"Bag of Preparation":13,"Kunai":7,"Toxic Egg 2":54,"Burning Blood":0,"Red Skull":15,"ClockworkSouvenir":30}]},"card_choices":[{"not_picked":["Armaments","Battle Trance","Thunderclap"],"picked":"SKIP","floor":1},{"not_picked":["Spot Weakness","Hemokinesis"],"picked":"Clothesline","floor":2},{"not_picked":["Wild Strike","Flex"],"picked":"Heavy Blade","floor":5},{"not_picked":["Warcry","Havoc"],"picked":"Flame Barrier","floor":7},{"not_picked":["Cleave","Body Slam"],"picked":"Second Wind","floor":8},{"not_picked":["Sword Boomerang","Fire Breathing","Seeing Red"],"picked":"SKIP","floor":12},{"not_picked":["Double Tap","Juggernaut"],"picked":"Feed","floor":16},{"not_picked":["Rage","Perfected Strike","Warcry"],"picked":"SKIP","floor":18},{"not_picked":["Body Slam","Thunderclap"],"picked":"Shrug It Off","floor":21},{"not_picked":["Intimidate","Infernal Blade+1"],"picked":"Carnage+1","floor":22},{"not_picked":["Perfected Strike+1","Rupture+1"],"picked":"Entrench","floor":23},{"not_picked":["Bloodletting","Headbutt"],"picked":"Sever Soul","floor":25},{"not_picked":["Armaments+1","Headbutt"],"picked":"Sentinel+1","floor":27},{"not_picked":["Combust","Clothesline+1","Reckless Charge"],"picked":"SKIP","floor":28},{"not_picked":["Pummel","Armaments+1"],"picked":"Shrug It Off+1","floor":29},{"not_picked":["Entrench+1","Rage+1"],"picked":"Immolate","floor":31}],"player_experience":3077742,"relics_obtained":[{"floor":7,"key":"Bag of Preparation"},{"floor":9,"key":"Red Skull"},{"floor":23,"key":"CeramicFish"},{"floor":25,"key":"Anchor"},{"floor":26,"key":"Pen Nib"},{"floor":27,"key":"Toxic Egg 2"}],"event_choices":[{"damage_healed":0,"gold_gain":0,"player_choice":"Success","damage_taken":26,"relics_obtained":["Kunai"],"max_hp_gain":0,"max_hp_loss":0,"event_name":"Scrap Ooze","floor":3,"gold_loss":0},{"damage_healed":18,"gold_gain":0,"player_choice":"Healed","damage_taken":0,"max_hp_gain":0,"max_hp_loss":0,"event_name":"The Cleric","floor":4,"gold_loss":35},{"damage_healed":0,"gold_gain":0,"player_choice":"Got Potions","damage_taken":0,"max_hp_gain":0,"max_hp_loss":0,"event_name":"Lab","floor":10,"gold_loss":0},{"cards_removed":["Strike_R"],"damage_healed":0,"gold_gain":0,"player_choice":"Card Removal","damage_taken":7,"max_hp_gain":0,"max_hp_loss":0,"event_name":"Golden Wing","floor":14,"gold_loss":0},{"damage_healed":0,"gold_gain":0,"player_choice":"Simplicity","damage_taken":0,"max_hp_gain":0,"max_hp_loss":0,"event_name":"Back to Basics","floor":20,"gold_loss":0,"cards_upgraded":["Strike_R","Strike_R","Strike_R","Defend_R","Defend_R","Defend_R","Defend_R"]},{"damage_healed":0,"gold_gain":0,"player_choice":"Joined the Cult","damage_taken":6,"max_hp_gain":0,"max_hp_loss":0,"event_name":"Nest","floor":30,"gold_loss":0,"cards_obtained":["RitualDagger"]}],"is_beta":false,"boss_relics":[{"not_picked":["Coffee Dripper","Tiny House"],"picked":"Runic Dome"}],"items_purged_floors":[19],"is_endless":false,"potions_floor_spawned":[2,5,7,21,23,27,29,31],"killed_by":"Collector","ascension_level":20}}