{"host":"5h6e4l6hpn0p5lap","time":1613590686,"event":{"mods":["AchievementEnabler","BaseMod","Better Altar","Better Match","Better Sensory Stone","Better Skull","Better Third Choice","Colored Map","Filter the Spire","Minty Spire (QoL Compilation)","StSLib"],"gold_per_floor":[212,229,246,123,73,99,158,158,158,158,178,210,220,220,220,319,319,334,352,105,105,105,136,136,136,136,39,56,56,72,92,92,189,189,200,210,210,230,243,243,36,64,89,89,89,99,99,119,119,119],"floor_reached":51,"language":"ENG","playtime":2626,"items_purged":["Strike_R","Strike_R","Strike_R","Strike_R"],"score":987,"play_id":"53aa3d3d-be14-4f93-a59f-2f1ce76eff0b","local_time":"20210217143806","is_ascension_mode":true,"campfire_choices":[{"data":"True Grit","floor":8,"key":"SMITH"},{"floor":10,"key":"REST"},{"floor":15,"key":"REST"},{"floor":25,"key":"REST"},{"data":"Corruption","floor":29,"key":"SMITH"},{"data":"True Grit","floor":32,"key":"SMITH"},{"data":"True Grit","floor":40,"key":"SMITH"},{"floor":45,"key":"REST"},{"data":"Dark Embrace","floor":49,"key":"SMITH"}],"circlet_count":0,"master_deck":["Defend_R","Defend_R","Defend_R","Defend_R","Bash","Flex","Clothesline","Cleave","True Grit+1","Armaments","Feed","Corruption+1","Thunderclap","The Bomb","Impervious","Dark Embrace+1","True Grit+1","Inflame","Spot Weakness","Ghostly Armor","Armaments","Inflame","Entrench","Immolate","Pommel Strike+1","Flex+1","True Grit+1","Body Slam+1","Dark Embrace+1","Ghostly Armor","Sword Boomerang+1","Twin Strike+1","Shrug It Off"],"relics":["Black Blood","Du-Vu Doll","Mango","Kunai","Centennial Puzzle","Mark of Pain","Omamori","Smiling Mask","White Beast Statue","Orichalcum","Vajra"],"acts_visited":["Exordium","TheCity","TheBeyond"],"potions_floor_usage":[6,16,23,33,39,46,48],"damage_taken":[{"damage":8,"enemies":"Jaw Worm","floor":1,"turns":5},{"damage":3,"enemies":"2 Louse","floor":2,"turns":3},{"damage":4,"enemies":"Cultist","floor":3,"turns":3},{"damage":16,"enemies":"3 Sentries","floor":6,"turns":8},{"damage":53,"enemies":"Lagavulin Event","floor":7,"turns":8},{"damage":3,"enemies":"Exordium Thugs","floor":11,"turns":4},{"damage":35,"enemies":"Lagavulin","floor":12,"turns":10},{"damage":16,"enemies":"Large Slime","floor":13,"turns":7},{"damage":13,"enemies":"Slime Boss","floor":16,"turns":10},{"damage":10,"enemies":"Shell Parasite","floor":18,"turns":5},{"damage":28,"enemies":"2 Thieves","floor":19,"turns":4},{"damage":34,"enemies":"Book of Stabbing","floor":23,"turns":5},{"damage":22,"enemies":"Cultist and Chosen","floor":28,"turns":7},{"damage":3,"enemies":"Shelled Parasite and Fungi","floor":30,"turns":5},{"damage":5,"enemies":"Snake Plant","floor":31,"turns":4},{"damage":20,"enemies":"Automaton","floor":33,"turns":8},{"damage":42,"enemies":"Orb Walker","floor":35,"turns":7},{"damage":54,"enemies":"3 Darklings","floor":36,"turns":6},{"damage":3,"enemies":"4 Shapes","floor":38,"turns":6},{"damage":50,"enemies":"Transient","floor":39,"turns":5},{"damage":42,"enemies":"Nemesis","floor":42,"turns":9},{"damage":41,"enemies":"Spire Growth","floor":46,"turns":5},{"damage":7,"enemies":"4 Shapes","floor":48,"turns":4},{"damage":182,"enemies":"Time Eater","floor":50,"turns":16}],"seed_played":"-2806989325167080446","potions_obtained":[{"floor":1,"key":"LiquidBronze"},{"floor":3,"key":"Strength Potion"},{"floor":12,"key":"Strength Potion"},{"floor":16,"key":"DuplicationPotion"},{"floor":19,"key":"LiquidMemories"},{"floor":21,"key":"FairyPotion"},{"floor":21,"key":"FairyPotion"},{"floor":28,"key":"Swift Potion"},{"floor":33,"key":"SpeedPotion"},{"floor":36,"key":"Energy Potion"},{"floor":39,"key":"SpeedPotion"},{"floor":42,"key":"FearPotion"},{"floor":46,"key":"AttackPotion"},{"floor":48,"key":"BloodPotion"}],"is_trial":false,"path_per_floor":["M","M","M","$","?","E","?","R","T","R","M","E","M","?","R","B",null,"M","M","$","?","$","E","?","R","T","$","M","R","M","M","R","B",null,"M","M","?","M","M","R","$","E","T","?","R","M","?","M","R","B",null],"character_chosen":"IRONCLAD","items_purchased":["True Grit","Inflame","Spot Weakness","Armaments","Dark Embrace","Ghostly Armor"],"campfire_rested":4,"item_purchase_floors":[4,20,20,27,41,41],"current_hp_per_floor":[70,73,75,75,75,65,32,32,32,60,63,34,27,27,56,53,89,88,70,70,70,70,45,45,78,78,78,66,66,72,76,76,65,109,82,43,130,133,95,95,95,69,69,69,110,81,81,113,113,53],"gold":119,"neow_bonus":"HUNDRED_GOLD","is_daily":false,"chose_seed":false,"campfire_upgraded":5,"win_rate":0.0,"timestamp":1613590686,"path_taken":["M","M","M","$","?","E","?","R","T","R","M","E","?","?","R","BOSS","M","M","$","?","?","E","?","R","T","$","M","R","M","M","R","BOSS","M","M","?","M","M","R","?","E","T","?","R","?","?","M","R","BOSS"],"items_purchased_type":["Card","Card","Card","Card","Card","Card"],"build_version":"2020-12-22","purchased_purges":4,"victory":true,"max_hp_per_floor":[80,80,80,80,80,80,94,94,94,94,94,94,97,97,97,101,101,104,108,108,108,108,111,111,111,111,111,115,115,118,121,121,124,124,127,130,130,133,133,133,133,137,137,137,137,137,137,137,137,137],"card_choices":[{"not_picked":["Flame Barrier","Battle Trance"],"picked":"Flex","floor":1},{"not_picked":["Thunderclap","Infernal Blade"],"picked":"Clothesline","floor":2},{"not_picked":["Heavy Blade","Intimidate"],"picked":"Cleave","floor":3},{"not_picked":["Power Through","Reckless Charge"],"picked":"Bloodletting","floor":6},{"not_picked":["Havoc","True Grit"],"picked":"Armaments","floor":7},{"not_picked":["Iron Wave","Armaments"],"picked":"Feed","floor":11},{"not_picked":["Whirlwind","Feel No Pain"],"picked":"Corruption","floor":12},{"not_picked":["Body Slam","Twin Strike"],"picked":"Thunderclap","floor":13},{"not_picked":["Chrysalis","Forethought"],"picked":"The Bomb","floor":14},{"not_picked":["Barricade","Offering"],"picked":"Impervious","floor":16},{"not_picked":["Clothesline","Metallicize+1"],"picked":"Dark Embrace+1","floor":18},{"not_picked":["Dropkick","Intimidate"],"picked":"True Grit","floor":19},{"not_picked":["Body Slam","Warcry+1"],"picked":"Ghostly Armor","floor":23},{"not_picked":["Sword Boomerang","Twin Strike"],"picked":"Battle Trance+1","floor":28},{"not_picked":["Clothesline+1","Cleave+1"],"picked":"Inflame","floor":30},{"not_picked":["Shockwave","Combust"],"picked":"Entrench","floor":31},{"not_picked":["Corruption","Brutality"],"picked":"Immolate","floor":33},{"not_picked":["Perfected Strike","Sever Soul+1"],"picked":"Pommel Strike+1","floor":35},{"not_picked":["Headbutt","Anger+1"],"picked":"Flex+1","floor":36},{"not_picked":["Seeing Red+1","Rampage+1"],"picked":"True Grit","floor":38},{"not_picked":["Anger","Power Through"],"picked":"Body Slam+1","floor":39},{"not_picked":["Pommel Strike+1","True Grit"],"picked":"Sword Boomerang+1","floor":42},{"not_picked":["Warcry+1","Wild Strike"],"picked":"Twin Strike+1","floor":46},{"not_picked":["Havoc+1","Iron Wave+1"],"picked":"Shrug It Off","floor":48}],"player_experience":1137237,"relics_obtained":[{"floor":6,"key":"Du-Vu Doll"},{"floor":7,"key":"Mango"},{"floor":9,"key":"Kunai"},{"floor":12,"key":"Centennial Puzzle"},{"floor":23,"key":"Omamori"},{"floor":26,"key":"White Beast Statue"},{"floor":42,"key":"Orichalcum"},{"floor":43,"key":"Vajra"}],"event_choices":[{"cards_removed":["Strike_R"],"damage_healed":0,"gold_gain":0,"player_choice":"Card Removal","damage_taken":0,"max_hp_gain":0,"max_hp_loss":0,"event_name":"The Cleric","floor":5,"gold_loss":50},{"damage_healed":0,"gold_gain":30,"player_choice":"Searched \u00272\u0027 times","damage_taken":0,"max_hp_gain":0,"max_hp_loss":0,"event_name":"Dead Adventurer","floor":7,"gold_loss":0},{"damage_healed":0,"gold_gain":1,"player_choice":"1","damage_taken":0,"max_hp_gain":0,"max_hp_loss":0,"event_name":"betterStone:BetterStone","floor":14,"gold_loss":0},{"damage_healed":0,"gold_gain":0,"player_choice":"Got Potions","damage_taken":0,"max_hp_gain":0,"max_hp_loss":0,"event_name":"Lab","floor":21,"gold_loss":0},{"damage_healed":0,"gold_gain":0,"player_choice":"Opened","damage_taken":0,"relics_obtained":["Smiling Mask"],"max_hp_gain":0,"max_hp_loss":0,"event_name":"The Mausoleum","floor":24,"gold_loss":0,"cards_obtained":["Writhe"]},{"cards_removed":["Battle Trance"],"damage_healed":87,"gold_gain":0,"player_choice":"Offered Uncommon","damage_taken":0,"max_hp_gain":0,"max_hp_loss":0,"event_name":"Bonfire Elementals","floor":37,"gold_loss":0},{"damage_healed":0,"gold_gain":0,"player_choice":"Ignored","damage_taken":0,"max_hp_gain":0,"max_hp_loss":0,"event_name":"Mysterious Sphere","floor":44,"gold_loss":0},{"cards_removed":["Bloodletting"],"damage_healed":0,"gold_gain":0,"player_choice":"Removed Skill","damage_taken":0,"max_hp_gain":0,"max_hp_loss":0,"event_name":"Falling","floor":47,"gold_loss":0}],"is_beta":false,"boss_relics":[{"not_picked":["Snecko Eye","Runic Cube"],"picked":"Mark of Pain"},{"not_picked":["Philosopher\u0027s Stone","Astrolabe"],"picked":"Black Blood"}],"items_purged_floors":[4,20,27,41],"is_endless":false,"potions_floor_spawned":[1,3,12,16,19,28,30,31,33,35,36,38,39,42,46,48],"ascension_level":7}}