{"host":"cgwysqtmt736mr58","time":1613540092,"event":{"mods":["2.2 Compatiblity","Aspiration","BaseMod","Beaked The Cultist","BetterRewards","Colored Map","Colored Powertips","Downfall","Duelist Mod","GifTheSpireLib","Googly Eyes","Halation","Hermit","Hubris","Infinite Spire","Lobotomy","LobotomyExtend","Minty Spire (QoL Compilation)","Relic Stats","Replay The Spire","Shade Mod","Shop Mod","StSLib","The Construct","The Cursed","The Disciple","The Exalted","The Necromancer","The Runesmith","Waifu the Spire","Yuri Mod"],"gold_per_floor":[99,113,123,34,45,64,64,64,75,105,105,405,405,417,436,536,536,536,554,571,584,534,534,534,562,662,678,678,678,678,678,698,698,698,698],"floor_reached":33,"language":"ENG","playtime":1200,"items_purged":[],"score":390,"play_id":"e3afe9d4-5fa9-4a0d-8ff3-87921694d6d9","local_time":"20210217163452","is_ascension_mode":true,"campfire_choices":[{"floor":8,"key":"REST"},{"data":"bronze:BronzeOrb","floor":11,"key":"SMITH"},{"floor":13,"key":"REST"},{"data":"bronze:Library","floor":18,"key":"SMITH"},{"floor":23,"key":"REST"},{"floor":29,"key":"REST"}],"circlet_count":0,"master_deck":["bronze:Strike","bronze:Strike","bronze:Strike","bronze:Strike","bronze:Defend","bronze:Defend","bronze:Defend","bronze:Defend","bronze:Replicate","bronze:Goto","bronze:DelayedSlice","bronze:OilSpill","bronze:BronzeOrb+1","bronze:Separator","bronze:ChosenStrike","bronze:FineTuning","downfall:Icky","downfall:Icky","bronze:Boost","bronze:Iterate","bronze:Library+1","Evaluate+1","ForeignInfluence+1","bronze:DecaBeam","PathToVictory","bronze:DelayedSlice+1","hubris:Fate","bronze:Goto","Judgement","Swivel","WreathOfFlame+1"],"relics":["bronze:BronzeCore","aspiration:ChemicalBlood","LetterFromLob","Replay:Accelerometer","aspiration:EmptySkull","aspiration:WatcherSkillbook","Strawberry","Orichalcum","SacredBark","infinitespire:FocusingShard","MagicBullet_r","Heaven_r","ShedSkin_r"],"acts_visited":["Exordium","TheCity"],"potions_floor_usage":[10,16,21,21,21,25,25,26,26,27,30,32,32],"damage_taken":[{"damage":9,"enemies":"2 Louse","floor":2,"turns":3},{"damage":5,"enemies":"Small Slimes","floor":3,"turns":3},{"damage":5,"enemies":"downfall:FleeingMerchant","floor":4,"turns":4},{"damage":1,"enemies":"Jaw Worm","floor":5,"turns":2},{"damage":0,"enemies":"Lots of Slimes","floor":6,"turns":3},{"damage":1,"enemies":"2 Fungi Beasts","floor":9,"turns":3},{"damage":13,"enemies":"Gremlin Nob","floor":10,"turns":3},{"damage":12,"enemies":"Exordium Thugs","floor":14,"turns":4},{"damage":4,"enemies":"Exordium Wildlife","floor":15,"turns":4},{"damage":33,"enemies":"IC_STATUS_ARCHETYPE","floor":16,"turns":5},{"damage":11,"enemies":"Spheric Guardian","floor":19,"turns":3},{"damage":31,"enemies":"Chosen","floor":20,"turns":5},{"damage":10,"enemies":"3 Cultists","floor":21,"turns":4},{"damage":17,"enemies":"Slavers","floor":25,"turns":5},{"damage":9,"enemies":"Slavers","floor":26,"turns":3},{"damage":14,"enemies":"Snecko","floor":27,"turns":6},{"damage":16,"enemies":"downfall:FleeingMerchant","floor":30,"turns":2},{"damage":0,"enemies":"Snake Plant","floor":32,"turns":3},{"damage":16,"enemies":"SI_MIRROR_ARCHETYPE","floor":33,"turns":6}],"seed_played":"2911024652169246277","potions_obtained":[{"floor":5,"key":"SpeedPotion"},{"floor":6,"key":"Fire Potion"},{"floor":10,"key":"SkillPotion"},{"floor":14,"key":"SkillPotion"},{"floor":14,"key":"bronze:FreeFunctionsPotion"},{"floor":16,"key":"FearPotion"},{"floor":20,"key":"Fire Potion"},{"floor":25,"key":"ColorlessPotion"}],"is_trial":false,"path_per_floor":["R_BF","M","M","$","M","M","T","R","M","E","R","?","R","M","M","B",null,"R","M","M","M","?","R","T","E","?","M","AVR","R","$","?","M","B"],"character_chosen":"THE_AUTOMATON","items_purchased":["bronze:BronzeOrb"],"campfire_rested":4,"item_purchase_floors":[4],"current_hp_per_floor":[63,54,49,44,43,43,43,64,63,50,50,50,70,58,54,21,58,58,47,16,6,34,55,62,45,36,22,22,45,10,10,10,0,0,0],"gold":698,"neow_bonus":"RANDOM_COMMON_RELIC","is_daily":false,"chose_seed":false,"campfire_upgraded":2,"win_rate":0.0,"timestamp":1613540092,"path_taken":["R_BF","M","M","$","M","M","T","R","M","E","R","?","R","M","M","BOSS","R","M","M","M","?","R","T","E","?","M","AVR","R","?","?","M","BOSS"],"items_purchased_type":["Card"],"build_version":"2020-12-22","purchased_purges":0,"victory":false,"max_hp_per_floor":[70,70,70,70,70,70,70,70,70,70,70,70,70,70,70,70,70,70,70,70,70,70,70,77,77,77,77,77,77,77,77,77,77,77,77],"relic_stats":{"counters":[19,71],"Orichalcum":[12],"obtain_stats":[{"Replay:Accelerometer":7,"bronze:BronzeCore":0,"MagicBullet_r":30,"SacredBark":28,"infinitespire:FocusingShard":28,"Orichalcum":25,"Heaven_r":30,"aspiration:EmptySkull":10,"Strawberry":24,"aspiration:WatcherSkillbook":17,"LetterFromLob":2,"ShedSkin_r":30,"aspiration:ChemicalBlood":0},{"Replay:Accelerometer":5,"bronze:BronzeCore":0,"MagicBullet_r":16,"SacredBark":16,"infinitespire:FocusingShard":16,"Orichalcum":14,"Heaven_r":17,"aspiration:EmptySkull":7,"Strawberry":13,"aspiration:WatcherSkillbook":10,"LetterFromLob":1,"ShedSkin_r":17,"aspiration:ChemicalBlood":0},{"Replay:Accelerometer":15,"bronze:BronzeCore":0,"MagicBullet_r":60,"SacredBark":60,"infinitespire:FocusingShard":60,"Orichalcum":51,"Heaven_r":62,"aspiration:EmptySkull":21,"Strawberry":46,"aspiration:WatcherSkillbook":34,"LetterFromLob":3,"ShedSkin_r":62,"aspiration:ChemicalBlood":0}]},"card_choices":[{"not_picked":["bronze:Shield","bronze:Refactor"],"picked":"bronze:DelayedSlice","floor":2},{"not_picked":["bronze:Deprecate","bronze:FindAndReplace"],"picked":"bronze:OilSpill","floor":3},{"not_picked":["bronze:Invalidate","bronze:CutThrough","bronze:Frontload"],"picked":"SKIP","floor":4},{"not_picked":["bronze:Invalidate","bronze:CloningBeam","bronze:BitShift"],"picked":"SKIP","floor":5},{"not_picked":["bronze:Invalidate","bronze:WildBeam"],"picked":"bronze:Separator","floor":6},{"not_picked":["bronze:ShipIt","bronze:WhirlingStrike"],"picked":"bronze:ChosenStrike","floor":9},{"not_picked":["bronze:Fortify","bronze:ChosenStrike"],"picked":"bronze:FineTuning","floor":10},{"not_picked":["bronze:DelayedGuard","bronze:ClassDefault"],"picked":"bronze:Boost","floor":14},{"not_picked":["bronze:ForceShield","bronze:NullPointer"],"picked":"bronze:Iterate","floor":15},{"not_picked":["bronze:BurnOut","bronze:Assembly"],"picked":"bronze:Library","floor":16},{"not_picked":["EmptyMind+1","bronze:Turbo+1","bronze:BitShift"],"picked":"Evaluate+1","floor":19},{"not_picked":["Omniscience","Replay:AtTheReady","bronze:Frontload+1","MentalFortress+1"],"picked":"SKIP","floor":20},{"not_picked":["bronze:Iterate+1","CutThroughFate","bronze:CloningBeam"],"picked":"ForeignInfluence+1","floor":21},{"not_picked":["Weave","Halt","Meditate+1","bronze:Safeguard+1"],"picked":"SKIP","floor":25},{"not_picked":[],"picked":"bronze:DecaBeam","floor":26},{"not_picked":["bronze:DelayedSlice","bronze:DigitalCarnage","Judgement"],"picked":"PathToVictory","floor":26},{"not_picked":["bronze:Branch","bronze:Constructor","ThirdEye"],"picked":"bronze:DelayedSlice+1","floor":27},{"not_picked":["bronze:Allocate","bronze:ForLoop","ClearTheMind"],"picked":"WreathOfFlame+1","floor":32}],"player_experience":1101449,"relics_obtained":[{"floor":2,"key":"LetterFromLob"},{"floor":7,"key":"Replay:Accelerometer"},{"floor":10,"key":"aspiration:EmptySkull"},{"floor":24,"key":"Strawberry"},{"floor":25,"key":"Orichalcum"}],"event_choices":[{"damage_healed":0,"gold_gain":0,"player_choice":"Fled","damage_taken":0,"max_hp_gain":0,"max_hp_loss":0,"event_name":"Scrap Ooze","floor":1,"gold_loss":0}],"is_beta":false,"boss_relics":[{"not_picked":["Busted Crown","hubris:CrackedHourglass"],"picked":"aspiration:WatcherSkillbook"}],"items_purged_floors":[],"is_endless":false,"potions_floor_spawned":[5,6,10,14,15,20,21,25,30],"killed_by":"SI_MIRROR_ARCHETYPE","ascension_level":9}}