{"host":"bq4pt811tk9yrmjl","time":1613520074,"event":{"mods":["AchievementEnabler","BaseMod","Colored Map","Colored Powertips","Defuse TimeMaze Blight","Hermit","Minty Spire (QoL Compilation)","Smile Girya","StSLib","SuperFastMode"],"gold_per_floor":[112,123,123,123,123,123,155,174,174,207,207,207,225,245,245,348,348,361,361,70,70,70,95,95,95,95,126,146,163,163,163,163,265,265,282,296,296,309,81,81,101,101,177,177,177,194,214,436,436,436,436,436,62,88,88,88],"floor_reached":55,"language":"ENG","playtime":1479,"items_purged":[],"score":728,"play_id":"d0f16c7d-89be-4bb9-86fd-276bb769dd5d","local_time":"20210216220114","is_ascension_mode":true,"campfire_choices":[{"data":"Distraction","floor":6.0,"key":"SMITH"},{"data":"Noxious Fumes","floor":12.0,"key":"SMITH"},{"data":"Footwork","floor":15.0,"key":"SMITH"},{"data":"Blade Dance","floor":24.0,"key":"SMITH"},{"data":"Accuracy","floor":30.0,"key":"SMITH"},{"floor":32.0,"key":"RECALL"},{"data":"After Image","floor":40.0,"key":"SMITH"},{"data":"Infinite Blades","floor":44.0,"key":"SMITH"},{"floor":49.0,"key":"REST"},{"data":"Survivor","floor":52.0,"key":"SMITH"}],"circlet_count":0,"master_deck":["Strike_G","Strike_G","Strike_G","Defend_G","Defend_G","Defend_G","Defend_G","Defend_G","Survivor+1","Neutralize+1","Distraction+1","Footwork+1","Noxious Fumes+1","Leg Sweep+1","Envenom+1","Venomology+1","Blade Dance+1","Cloak And Dagger+1","Accuracy+1","After Image+1","CurseOfTheBell","Deflect+1","Infinite Blades+1","Slice+1","Terror+1"],"relics":["Ring of the Snake","NeowsBlessing","Blue Candle","Regal Pillow","Paper Crane","Astrolabe","MutagenicStrength","Juzu Bracelet","Ancient Tea Set","Lantern","Pen Nib","Red Mask","Calling Bell","Akabeko","Pantograph","Gambling Chip","ClockworkSouvenir","Ornamental Fan","Vajra","Bronze Scales","Shuriken"],"acts_visited":["Exordium","TheCity","TheBeyond","TheEnding"],"potions_floor_usage":[54,54,55,55],"damage_taken":[{"damage":0.0,"enemies":"2 Louse","floor":1.0,"turns":1.0},{"damage":0.0,"enemies":"Small Slimes","floor":2.0,"turns":1.0},{"damage":0.0,"enemies":"Lagavulin","floor":7.0,"turns":2.0},{"damage":0.0,"enemies":"Cultist","floor":8.0,"turns":5.0},{"damage":10.0,"enemies":"3 Sentries","floor":10.0,"turns":5.0},{"damage":2.0,"enemies":"Exordium Wildlife","floor":13.0,"turns":4.0},{"damage":0.0,"enemies":"Looter","floor":14.0,"turns":4.0},{"damage":22.0,"enemies":"The Guardian","floor":16.0,"turns":8.0},{"damage":10.0,"enemies":"3 Byrds","floor":18.0,"turns":5.0},{"damage":19.0,"enemies":"Book of Stabbing","floor":23.0,"turns":8.0},{"damage":0.0,"enemies":"Masked Bandits","floor":27.0,"turns":6.0},{"damage":6.0,"enemies":"Chosen","floor":28.0,"turns":4.0},{"damage":1.0,"enemies":"Sentry and Sphere","floor":29.0,"turns":7.0},{"damage":25.0,"enemies":"Champ","floor":33.0,"turns":15.0},{"damage":10.0,"enemies":"3 Darklings","floor":35.0,"turns":9.0},{"damage":0.0,"enemies":"3 Shapes","floor":36.0,"turns":8.0},{"damage":11.0,"enemies":"3 Darklings","floor":38.0,"turns":5.0},{"damage":3.0,"enemies":"Spire Growth","floor":41.0,"turns":5.0},{"damage":0.0,"enemies":"Transient","floor":46.0,"turns":5.0},{"damage":16.0,"enemies":"3 Darklings","floor":47.0,"turns":6.0},{"damage":31.0,"enemies":"Time Eater","floor":50.0,"turns":14.0},{"damage":0,"enemies":"Shield and Spear","floor":54,"turns":6},{"damage":97,"enemies":"The Heart","floor":55,"turns":8}],"seed_played":"1243986380100897412","potions_obtained":[{"floor":1.0,"key":"FairyPotion"},{"floor":10.0,"key":"DistilledChaos"},{"floor":13.0,"key":"GamblersBrew"},{"floor":23.0,"key":"FearPotion"},{"floor":27.0,"key":"SmokeBomb"}],"is_trial":false,"path_per_floor":["M","M","?","?","$","R","E","M","T","E","?","R","M","M","R","B",null,"M","?","$","?","?","E","R","?","T","?","M","M","R","?","R","B",null,"M","M","?","M","$","R","M","$","T","R","?","M","M","?","R","B",null,"R","$","E","B"],"character_chosen":"THE_SILENT","items_purchased":["Juzu Bracelet","Ancient Tea Set","ClockworkSouvenir","Infinite Blades","Vajra","Bronze Scales","CunningPotion"],"campfire_rested":1,"item_purchase_floors":[20,20,39,39,53,53,53],"current_hp_per_floor":[70,70,58,58,58,58,58,58,58,48,48,48,46,46,46,24,70,60,60,60,60,65,46,46,69,69,69,63,62,62,62,62,37,70,60,60,60,49,49,49,46,46,46,46,46,46,30,30,66,39,70,70,70,70,0,0],"gold":88,"neow_bonus":"THREE_ENEMY_KILL","is_daily":false,"chose_seed":false,"campfire_upgraded":8,"win_rate":0.0,"timestamp":1613520074,"path_taken":["M","M","?","?","$","R","E","M","T","E","?","R","?","M","R","BOSS","M","?","$","?","?","E","R","?","T","?","M","M","R","?","R","BOSS","M","M","?","M","$","R","M","$","T","R","?","M","M","?","R","BOSS","R","$","E","BOSS"],"items_purchased_type":["Relic","Relic","Relic","Card","Relic","Relic","Potion"],"build_version":"2020-12-22","purchased_purges":0,"victory":false,"max_hp_per_floor":[70,70,70,70,70,70,70,70,70,70,70,70,70,70,70,70,70,70,70,70,70,70,70,70,70,70,70,70,70,70,70,70,70,70,70,70,70,70,70,70,70,70,70,70,70,70,70,70,70,70,70,70,70,70,70,70],"card_choices":[{"not_picked":["Backflip","Well Laid Plans"],"picked":"Distraction","floor":1.0},{"not_picked":["Poisoned Stab","Underhanded Strike"],"picked":"Footwork","floor":2.0},{"not_picked":["Calculated Gamble","Deflect"],"picked":"Dodge and Roll","floor":7.0},{"not_picked":["Quick Slash","Acrobatics"],"picked":"Noxious Fumes","floor":8.0},{"not_picked":["Grand Finale","Backflip"],"picked":"Slice","floor":10.0},{"not_picked":["Eviscerate","Outmaneuver","Dagger Spray"],"picked":"SKIP","floor":13.0},{"not_picked":["Masterful Stab","Sucker Punch","Night Terror"],"picked":"SKIP","floor":14.0},{"not_picked":["Dash","Heel Hook+1"],"picked":"Blade Dance","floor":18.0},{"not_picked":["Noxious Fumes","Underhanded Strike"],"picked":"Cloak And Dagger+1","floor":23.0},{"not_picked":["Slice","Dagger Spray","All Out Attack"],"picked":"SKIP","floor":28.0},{"not_picked":["Tactician","Burst"],"picked":"Accuracy","floor":29.0},{"not_picked":["Doppelganger","Venomology"],"picked":"After Image","floor":33.0},{"not_picked":["Underhanded Strike+1","Venomology","Blur"],"picked":"SKIP","floor":35.0},{"not_picked":["Slice","Riddle With Holes+1","Backstab"],"picked":"SKIP","floor":36.0},{"not_picked":["Underhanded Strike","Acrobatics+1"],"picked":"Deflect+1","floor":38.0},{"not_picked":["Endless Agony+1","Riddle With Holes"],"picked":"Slice+1","floor":41.0},{"not_picked":["Slice","Corpse Explosion"],"picked":"Terror+1","floor":46.0},{"not_picked":["PiercingWail","Noxious Fumes","Footwork"],"picked":"SKIP","floor":47.0},{"not_picked":["Acrobatics","Outmaneuver+1","Setup+1"],"picked":"SKIP","floor":54}],"player_experience":313209,"relics_obtained":[{"floor":7.0,"key":"Regal Pillow"},{"floor":10.0,"key":"Paper Crane"},{"floor":23.0,"key":"Lantern"},{"floor":26.0,"key":"Pen Nib"},{"floor":27.0,"key":"Red Mask"},{"floor":34.0,"key":"Akabeko"},{"floor":34.0,"key":"Pantograph"},{"floor":34.0,"key":"Gambling Chip"},{"floor":43.0,"key":"Ornamental Fan"},{"floor":54,"key":"Shuriken"}],"event_choices":[{"damage_healed":0.0,"max_hp_gain":0.0,"max_hp_loss":0.0,"gold_gain":0.0,"event_name":"Scrap Ooze","player_choice":"Success","floor":3.0,"gold_loss":0.0,"damage_taken":12.0,"relics_obtained":["Blue Candle"]},{"damage_healed":0.0,"max_hp_gain":0.0,"max_hp_loss":0.0,"gold_gain":0.0,"event_name":"Living Wall","player_choice":"Grow","floor":4.0,"gold_loss":0.0,"damage_taken":0.0,"cards_upgraded":["Neutralize"]},{"damage_healed":0.0,"max_hp_gain":0.0,"max_hp_loss":0.0,"gold_gain":0.0,"event_name":"Match and Keep!","player_choice":"1 cards matched","floor":11.0,"gold_loss":0.0,"damage_taken":0.0,"cards_obtained":["Deadly Poison"]},{"damage_healed":0.0,"max_hp_gain":0.0,"max_hp_loss":0.0,"gold_gain":0.0,"event_name":"Drug Dealer","player_choice":"Inject Mutagens","floor":19.0,"gold_loss":0.0,"damage_taken":0.0,"relics_obtained":["MutagenicStrength"]},{"damage_healed":0.0,"max_hp_gain":0.0,"max_hp_loss":0.0,"gold_gain":0.0,"event_name":"Vampires","player_choice":"Ignored","floor":21.0,"gold_loss":0.0,"damage_taken":0.0},{"cards_removed":["Dodge and Roll"],"damage_healed":5.0,"max_hp_gain":0.0,"max_hp_loss":0.0,"gold_gain":0.0,"event_name":"Bonfire Elementals","player_choice":"Offered Common","floor":22.0,"gold_loss":0.0,"damage_taken":0.0},{"cards_removed":["Dodge and Roll"],"damage_healed":5.0,"max_hp_gain":0.0,"max_hp_loss":0.0,"gold_gain":0.0,"event_name":"Bonfire Elementals","player_choice":"Offered Special","floor":22.0,"gold_loss":0.0,"damage_taken":0.0},{"damage_healed":23.0,"max_hp_gain":0.0,"max_hp_loss":0.0,"gold_gain":0.0,"event_name":"The Library","player_choice":"Heal","floor":25.0,"gold_loss":0.0,"damage_taken":0.0},{"damage_healed":0.0,"max_hp_gain":0.0,"max_hp_loss":0.0,"gold_gain":0.0,"event_name":"Masked Bandits","player_choice":"Fought Bandits","floor":27.0,"gold_loss":0.0,"damage_taken":0.0},{"damage_healed":0.0,"max_hp_gain":0.0,"max_hp_loss":0.0,"gold_gain":0.0,"event_name":"Ghosts","player_choice":"Ignored","floor":31.0,"gold_loss":0.0,"damage_taken":0.0},{"damage_healed":0.0,"max_hp_gain":0.0,"max_hp_loss":0.0,"gold_gain":0.0,"event_name":"Mysterious Sphere","player_choice":"Ignored","floor":37.0,"gold_loss":0.0,"damage_taken":0.0},{"cards_removed":["Strike_G"],"damage_healed":0.0,"max_hp_gain":0.0,"max_hp_loss":0.0,"gold_gain":0.0,"event_name":"Falling","player_choice":"Removed Attack","floor":45.0,"gold_loss":0.0,"damage_taken":0.0},{"damage_healed":0.0,"max_hp_gain":0.0,"max_hp_loss":0.0,"gold_gain":222.0,"event_name":"Tomb of Lord Red Mask","player_choice":"Wore Mask","floor":48.0,"gold_loss":0.0,"damage_taken":0.0}],"is_beta":false,"boss_relics":[{"not_picked":["Cursed Key","Runic Dome"],"picked":"Astrolabe"},{"not_picked":["Philosopher\u0027s Stone","Fusion Hammer"],"picked":"Calling Bell"}],"items_purged_floors":[],"is_endless":false,"potions_floor_spawned":[1,10,13,23,27,41,46],"killed_by":"The Heart","ascension_level":1}}