{"host":"glqsg3p5q4u9u1ra","time":1613560044,"event":{"mods":["Act Like it!","Arknights","BaseMod","Better Third Choice","BetterRewards","Colored Map","Downfall","Friendly Minions","GifTheSpireLib","Hallownest","Highlight Path","Infinite Spire","Lobotomy","LobotomyExtend","Mimic Mod","Minty Spire (QoL Compilation)","Pale of the Ancients","Reliquary","Replay The Spire","Ruina","Spicy Shops","Spire Birthday Party","StSLib","The Blackbeard","The Blue Laboratory","The Bug Knight","The Exalted","The Servant 0.9.4","Wandering Minibosses"],"gold_per_floor":[119,8,8,8,28,54,54,54,123,123,150,164,177,196,196,293,293,293,310,310,310,52,52,64,64,137,147,147,147,177,196,196,196,196],"floor_reached":33,"language":"ENG","playtime":2107,"items_purged":[],"score":273,"play_id":"f11625fa-27c7-4c96-a82e-a7add2f3cd5d","local_time":"20210217030724","is_ascension_mode":false,"campfire_choices":[{"data":"ats:Overload","floor":7,"key":"SMITH"},{"data":"ats:Part Time Job","floor":10,"key":"SMITH"},{"data":"ats:Part Time Job","floor":15,"key":"SMITH"},{"data":"ats:Flexible Camouflage","floor":23,"key":"SMITH"},{"floor":25,"key":"REST"},{"data":"ats:Ambush","floor":28,"key":"SMITH"},{"data":"ats:Curse Doll","floor":32,"key":"SMITH"}],"circlet_count":0,"master_deck":["ats:Strike G","ats:Strike S","ats:Armor Crushing Shot","ats:Defend","ats:Defend","ats:Defend","ats:Defend","ats:Emotion Absorption","ats:Revitalization+1","ats:Part Time Job+1","ats:Part Time Job+1","ats:Poison Spread+1","ats:Overload+1","ats:Blood Oath","ats:Flexible Camouflage+1","ats:Song Of Battle","ats:Apocalypse+1","ats:Revitalization+1","ats:Ambush+1","ats:Curse Doll+1","ats:Healing Drone"],"relics":["ats:Sanity","Bromod:ArcaneMomentum","LetterFromLob","ats:Originium","Whetstone","Omamori","Calling Bell","HollowMod:PaleOreRelic","reliquary:Sideboard","ats:Omniscience","Matryoshka","Mirror","Pantograph","Simple Rune"],"acts_visited":["Exordium","Exordium"],"potions_floor_usage":[6,16,16,30],"damage_taken":[{"damage":5,"enemies":"Jaw Worm","floor":1,"turns":5},{"damage":11,"enemies":"2 Louse","floor":5,"turns":4},{"damage":51,"enemies":"Lagavulin","floor":6,"turns":7},{"damage":47,"enemies":"Gremlin Nob","floor":11,"turns":5},{"damage":0,"enemies":"Cultist","floor":12,"turns":2},{"damage":10,"enemies":"Looter","floor":13,"turns":4},{"damage":13,"enemies":"Large Slime","floor":14,"turns":6},{"damage":98,"enemies":"The Guardian","floor":16,"turns":12},{"damage":33,"enemies":"ruina:Nosferatu","floor":19,"turns":5},{"damage":33,"enemies":"ruina:2_Scarecrows","floor":24,"turns":5},{"damage":16,"enemies":"ruina:KnightOfDespair","floor":27,"turns":5},{"damage":23,"enemies":"ruina:RoadHome","floor":30,"turns":9},{"damage":86,"enemies":"ruina:3_Scarecrows","floor":31,"turns":13},{"damage":348,"enemies":"ruina:Ozma","floor":33,"turns":27}],"seed_played":"630020941269171588","potions_obtained":[{"floor":6,"key":"EssenceOfSteel"},{"floor":13,"key":"Regen Potion"},{"floor":27,"key":"EssenceOfSteel"}],"is_trial":false,"path_per_floor":["M","$","?","$","M","E","R","?","T","R","E","M","M","M","R","B",null,"M","M","?","?","$","R","M","R","T","M","R","?","E","M","R","B"],"character_chosen":"DOCTOR_CLASS","items_purchased":["ats:Part Time Job","BlessingOfTheForge","Matryoshka"],"campfire_rested":1,"item_purchase_floors":[2,2,22],"current_hp_per_floor":[67,67,60,60,62,41,41,41,41,41,19,19,22,45,45,68,72,72,54,24,24,24,24,15,36,36,29,29,33,72,65,65,0,0],"gold":196,"neow_bonus":"RANDOM_COMMON_RELIC","is_daily":false,"chose_seed":false,"campfire_upgraded":6,"win_rate":0.0,"timestamp":1613560044,"path_taken":["M","$","?","$","M","E","R","?","T","R","E","M","M","?","R","BOSS","M","M","?","?","$","R","?","R","T","?","R","?","E","M","R","BOSS"],"items_purchased_type":["Card","Potion","Relic"],"build_version":"2020-12-22","purchased_purges":0,"victory":false,"max_hp_per_floor":[72,72,72,72,72,72,72,72,72,72,72,72,72,72,72,72,72,72,72,72,72,72,72,72,72,72,72,72,72,72,72,72,72,72],"card_choices":[{"not_picked":["ats:Very Hot Blade","ats:Leaping Hammer"],"picked":"ats:Revitalization","floor":1},{"not_picked":["ats:Assault Order","ats:Sword Rain"],"picked":"ats:Poison Spread","floor":5},{"not_picked":["ats:Curse Doll","ats:Ignite"],"picked":"ats:Overload","floor":6},{"not_picked":["ats:Closed Bolt Burst Fire","ats:Composite Medical Shells"],"picked":"ats:Flexible Camouflage","floor":11},{"not_picked":["ats:Durian","ats:Hammer On"],"picked":"ats:Song Of Battle","floor":12},{"not_picked":["ats:Literary Storm","ats:Curse Doll"],"picked":"ats:Apocalypse","floor":13},{"not_picked":["ats:Flexible Camouflage","ats:Closed Bolt Burst Fire"],"picked":"ats:Revitalization","floor":14},{"not_picked":["ats:Fractured Body","ats:Rat Pack"],"picked":"ats:Ambush","floor":16},{"not_picked":["ats:Blood Oath+1","ats:Very Hot Blade"],"picked":"ats:Curse Doll","floor":19},{"not_picked":["ats:Serious Mode+1","ats:Closed Bolt Burst Fire","ats:Blood Oath"],"picked":"SKIP","floor":24},{"not_picked":["ats:Hammer On+1","ats:Shell Defense"],"picked":"ats:Healing Drone","floor":27},{"not_picked":["ats:Apocalypse","ats:Overload+1"],"picked":"ats:Poison Spread","floor":30},{"not_picked":["ats:Beaten Up","ats:Closed Bolt Burst Fire"],"picked":"ats:Rapid Magazine","floor":31}],"player_experience":1228501,"relics_obtained":[{"floor":1,"key":"LetterFromLob"},{"floor":6,"key":"ats:Originium"},{"floor":6,"key":"Whetstone"},{"floor":11,"key":"ats:Originium"},{"floor":11,"key":"Omamori"},{"floor":17,"key":"HollowMod:PaleOreRelic"},{"floor":17,"key":"reliquary:Sideboard"},{"floor":17,"key":"ats:Omniscience"},{"floor":26,"key":"Mirror"},{"floor":26,"key":"Pantograph"},{"floor":30,"key":"ats:Originium"},{"floor":30,"key":"Simple Rune"}],"event_choices":[{"cards_removed":["ats:Strike V"],"damage_healed":0,"gold_gain":0,"player_choice":"Card Removal","damage_taken":7,"max_hp_gain":0,"max_hp_loss":0,"event_name":"Golden Wing","floor":3,"gold_loss":0},{"damage_healed":0,"gold_gain":0,"cards_transformed":["ats:Strike C"],"player_choice":"Transformed","damage_taken":0,"max_hp_gain":0,"max_hp_loss":0,"event_name":"Transmorgrifier","floor":8,"gold_loss":0,"cards_obtained":["ats:Blood Oath"]}],"is_beta":false,"boss_relics":[{"not_picked":["Kintsugi","Bromod:ArcaneEnergize"],"picked":"Calling Bell"}],"items_purged_floors":[],"is_endless":false,"potions_floor_spawned":[6,13,27],"killed_by":"ruina:Ozma","ascension_level":0}}