{"host":"dy2mvl2vp3whj21p","time":1613565245,"event":{"mods":["Act Like it!","BaseMod","Better Vampires","Colored Powertips","Gensokyo","Marisa£®ÏF”Í°°ƒß¿Ì…≥£©","Minty Spire (QoL Compilation)","Quick Restart","Shop Mod","StSLib","noobMod"],"gold_per_floor":[114,114,114,174,208,279,9,155,206,206,206,206,206,59,59,611,611,685,565,655,655,655,411,605,884,884,991,1023,1072,1072,1322,1322,2105,2105,2183,1253,1253,1253,1253,1716,1716,1716,1739,2369,2574,2739,1933,2473,2473,3409,3409,3409,3099,3449,4049],"floor_reached":56,"language":"ZHS","playtime":2910,"items_purged":["Pain","MasterSpark","UpSweep"],"score":1788,"play_id":"1151ef29-515c-4177-b5dd-458e1dedc1c6","local_time":"20210217203405","is_ascension_mode":true,"campfire_choices":[{"data":"Apotheosis","floor":10.0,"key":"SMITH"},{"data":"Robbery","floor":13.0,"key":"SMITH"},{"floor":15.0,"key":"RECALL"},{"data":"ChargingUp","floor":30.0,"key":"SMITH"},{"data":"UltimateShortwave","floor":32.0,"key":"SMITH"},{"data":"Gensokyo:PrivateSquare","floor":49,"key":"SMITH"},{"data":"Gensokyo:MarisaTwilightSpark","floor":52,"key":"SMITH"}],"circlet_count":0,"master_deck":["Apotheosis+1","Robbery+1","Gensokyo:CrescentMoonSlash","MilkyWay","ChargingUp+1","CollectingQuirk","UltimateShortwave+1","Gensokyo:MarisaTwilightSpark+1","PropBag+1","PowerUp+1","GalacticHalo+1","GasGiant","EnergyRecoil","Gensokyo:PrivateSquare+1","ManaConvection+1","ChargingUp+1","Parasite","OortCloud"],"relics":["MiniHakkero","ice","Gensokyo:LunaticRedEyes","Kunai","SimpleLauncher","Omamori","Medical Kit","Vajra","Coffee Dripper","Pantograph","Gensokyo:FoxMask","HandmadeGrimoire","MerchantsRug","Bag of Preparation","Matryoshka","Regal Pillow","Dream Catcher","Anchor","Pandora\u0027s Box","OrangePellets","Torii","StoneCalendar","Juzu Bracelet","InkBottle","Blue Candle","Nunchaku","Happy Flower","Chemical X","TheAbacus","Frozen Eye","HandDrill","DollysMirror","Membership Card","AmplifyWand","ShroomBag","Pear","Centennial Puzzle"],"acts_visited":["Gensokyo:Gensokyo","Gensokyo:Gensokyoer","Gensokyo:Gensokyoest","TheEnding"],"potions_floor_usage":[],"damage_taken":[{"damage":6.0,"enemies":"Gensokyo:Gryphon","floor":1.0,"turns":4.0},{"damage":3.0,"enemies":"Gensokyo:Python","floor":4.0,"turns":3.0},{"damage":4.0,"enemies":"Gensokyo:3_Fairies","floor":5.0,"turns":4.0},{"damage":16.0,"enemies":"Gensokyo:Cirno","floor":6.0,"turns":6.0},{"damage":4.0,"enemies":"Gensokyo:Mamizou","floor":8.0,"turns":8.0},{"damage":30.0,"enemies":"Gensokyo:Reimu","floor":16.0,"turns":8.0},{"damage":45.0,"enemies":"Gensokyo:3_Dogs","floor":18.0,"turns":6.0},{"damage":17.0,"enemies":"Gensokyo:2_Gloops","floor":20.0,"turns":5.0},{"damage":29.0,"enemies":"Gensokyo:Swordslinger","floor":24.0,"turns":4.0},{"damage":34.0,"enemies":"Gensokyo:Reisen","floor":25.0,"turns":6.0},{"damage":10.0,"enemies":"Gensokyo:Mirror_and_Dog","floor":27.0,"turns":3.0},{"damage":17.0,"enemies":"Gensokyo:Koishi","floor":28.0,"turns":4.0},{"damage":0.0,"enemies":"Gensokyo:Reisen","floor":31.0,"turns":3.0},{"damage":50.0,"enemies":"Gensokyo:Eternal_Rivals","floor":33.0,"turns":8.0},{"damage":44.0,"enemies":"Gensokyo:3_Boulders","floor":35.0,"turns":5.0},{"damage":1.0,"enemies":"Gensokyo:Marisa","floor":40.0,"turns":5.0},{"damage":27.0,"enemies":"Gensokyo:Kasen","floor":44.0,"turns":3.0},{"damage":0.0,"enemies":"Gensokyo:AncientGuardian","floor":45.0,"turns":4.0},{"damage":1.0,"enemies":"Gensokyo:Dusk_and_Dawn","floor":46.0,"turns":2.0},{"damage":25,"enemies":"Gensokyo:Rafflesia","floor":48,"turns":4},{"damage":16,"enemies":"Gensokyo:Yuyuko","floor":50,"turns":4},{"damage":1,"enemies":"Shield and Spear","floor":54,"turns":4},{"damage":53,"enemies":"The Heart","floor":55,"turns":6}],"seed_played":"-6095322485073987263","potions_obtained":[{"floor":4.0,"key":"Explosive Potion"},{"floor":6.0,"key":"BlessingOfTheForge"},{"floor":16.0,"key":"BlessingOfTheForge"},{"floor":27.0,"key":"Explosive Potion"},{"floor":33.0,"key":"SpeedPotion"},{"floor":40.0,"key":"ColorlessPotion"},{"floor":45.0,"key":"DistilledChaos"},{"floor":48,"key":"DistilledChaos"},{"floor":54,"key":"SpeedPotion"}],"is_trial":false,"path_per_floor":["M","?","?","M","M","E","COS","E","T","R","?","?","R","$","R","B",null,"M","?","M","?","?","$","M","E","T","M","E","T","R","E","R","B",null,"M","$","?","?","?","E","?","?","T","E","M","M","COS","M","R","B",null,"R","$","E","B",null],"character_chosen":"MARISA","items_purchased":["Medical Kit","MerchantsRug","GalacticHalo","OrangePellets","Torii","StoneCalendar","Fruit Juice","Membership Card","AmplifyWand","ShroomBag","OortCloud"],"campfire_rested":0,"item_purchase_floors":[14,23,23,36,36,36,36,53,53,53,53],"current_hp_per_floor":[44,44,33,30,26,10,10,72,72,72,72,72,72,72,72,42,67,22,22,74,74,69,69,40,69,69,59,42,42,42,42,42,17,67,23,28,28,14,14,94,94,94,94,67,67,66,66,41,41,41,83,83,83,94,54],"gold":4049,"neow_bonus":"RANDOM_COLORLESS_2","is_daily":false,"chose_seed":false,"campfire_upgraded":6,"win_rate":0.0,"timestamp":1613565245,"path_taken":["M","?","?","M","?","E","COS","E","T","R","?","?","R","$","R","BOSS","M","?","M","?","?","$","?","E","T","M","E","?","R","E","R","BOSS","M","$","?","?","?","E","?","?","T","E","M","M","COS","M","R","BOSS","R","$","E","BOSS"],"items_purchased_type":["Relic","Relic","Card","Relic","Relic","Relic","Potion","Relic","Relic","Relic","Card"],"build_version":"2020-12-22","purchased_purges":3,"victory":true,"max_hp_per_floor":[75,75,75,75,75,75,75,75,75,75,75,75,75,75,75,75,75,75,75,75,75,69,69,69,71,71,74,77,77,77,79,79,84,84,90,95,95,95,95,97,97,97,97,97,97,97,97,97,97,97,97,97,97,107,107],"card_choices":[{"not_picked":["Secret Technique","Master of Strategy"],"picked":"Apotheosis","floor":0.0},{"not_picked":["6A","GravityBeat"],"picked":"Robbery","floor":1.0},{"not_picked":["SporeBomb","LuminesStrike"],"picked":"MilkyWay","floor":4.0},{"not_picked":["MeteoricShower","MachineGunSpark"],"picked":"ChargingUp","floor":5.0},{"not_picked":["UnstableBomb","RefractionSpark","DoubleSpark"],"picked":"SKIP","floor":6.0},{"not_picked":["MysteriousBeam","WitchLeyline"],"picked":"CollectingQuirk","floor":8.0},{"not_picked":["WitchOfGreed","ChargingUp"],"picked":"PropBag+1","floor":18.0},{"not_picked":["6A","SporeBomb"],"picked":"PowerUp+1","floor":20.0},{"not_picked":["IllusionStar","EarthLightRay","UnstableBomb"],"picked":"SKIP","floor":24.0},{"not_picked":["ShootTheMoon","SuperNova","MachineGunSpark+1"],"picked":"SKIP","floor":25.0},{"not_picked":["OneTimeOff","6A+1","WitchOfGreed"],"picked":"SKIP","floor":27.0},{"not_picked":["ShootingEcho","WitchLeyline","DoubleSpark"],"picked":"SKIP","floor":28.0},{"not_picked":["MysteriousBeam","WitchLeyline"],"picked":"GasGiant","floor":31.0},{"not_picked":["DC","6A+1","UnstableBomb"],"picked":"SKIP","floor":35.0},{"not_picked":["6A","RefractionSpark"],"picked":"EnergyRecoil","floor":40.0},{"not_picked":["SuperPerseids","StarBarrage"],"picked":"ManaConvection+1","floor":44.0},{"not_picked":["LuminesStrike+1","ChargeUpSpray+1","GravityBeat+1"],"picked":"SKIP","floor":45.0},{"not_picked":["UnstableBomb+1","6A+1","MysteriousBeam+1"],"picked":"SKIP","floor":46.0},{"not_picked":["MeteoricShower","AsteroidBelt+1","MachineGunSpark"],"picked":"SKIP","floor":48},{"not_picked":["NonDirectionalLaser","DeepEcoloBomb+1","MysteriousBeam"],"picked":"SKIP","floor":54}],"player_experience":1148046,"relics_obtained":[{"floor":6.0,"key":"Kunai"},{"floor":8.0,"key":"Omamori"},{"floor":25.0,"key":"Mercury Hourglass"},{"floor":26.0,"key":"Bag of Preparation"},{"floor":28.0,"key":"Matryoshka"},{"floor":29.0,"key":"Regal Pillow"},{"floor":29.0,"key":"Dream Catcher"},{"floor":31.0,"key":"Anchor"},{"floor":40.0,"key":"InkBottle"},{"floor":43.0,"key":"Blue Candle"},{"floor":43.0,"key":"Nunchaku"},{"floor":44.0,"key":"Happy Flower"},{"floor":54,"key":"Centennial Puzzle"}],"event_choices":[],"is_beta":false,"boss_relics":[{"not_picked":["SacredBark","SlaversCollar"],"picked":"Coffee Dripper"},{"not_picked":["Busted Crown","Calling Bell"],"picked":"Pandora\u0027s Box"}],"items_purged_floors":[23,36,53],"is_endless":false,"potions_floor_spawned":[4,6,16,27,33,40,45,48,54],"ascension_level":6}}