{"host":"b0l902yh1rk3g5bq","time":1613525902,"event":{"mods":["AchievementEnabler","Act Like it!","Aspiration","BaseMod","Better Match","Better Sensory Stone","Better Skull","Better Third Choice","BetterRewards","Challenge The Spire","Colored Map","Colored Powertips","Conspire","Downfall","Energized Spire","GifTheSpireLib","Halation","Hubris","Infinite Spire","Minty Spire (QoL Compilation)","Quick Restart","Rare Cards Sparkle","Reliquary","Replay The Spire","StSLib","Stuff the Spire","Trackpad","Virulent Crown","Wandering Minibosses","egg","everything is the same but u backflip on backflip"],"gold_per_floor":[112,112,112,112,132,164,195,195,270,303,338,370,370,402,402,503,503,503],"floor_reached":17,"language":"ENG","playtime":589,"items_purged":[],"score":261,"play_id":"41ba6898-3e1d-4d78-bc7c-74a6cfec0033","local_time":"20210217023822","daily_mods":["Draft","Heirloom","Flight","DeadlyEvents","Elite Swarm"],"is_ascension_mode":true,"campfire_choices":[{"data":"Capacitor","floor":8,"key":"SMITH"},{"data":"ReplayTheSpireMod:Fabricate Wheel","floor":13,"key":"SMITH"},{"floor":15,"key":"REST"}],"circlet_count":0,"master_deck":["Defragment+1","Skim","Gash","Sweeping Beam","Sweeping Beam","Leap","Capacitor+1","Steam","Gash","Panic Button","Conserve Battery","Ball Lightning","Quick Slash","Deflect","Flechettes","Echo Form","ReplayTheSpireMod:Fabricate Wheel+1","Electrodynamics"],"relics":["FrozenCore","hubris:Potato","reliquary:Conveyor","StuffTheSpire:Tea","Ornamental Fan","CaptainsWheel","halation:PrussianBluePaint","Replay:Accelerometer","Cables"],"acts_visited":["Exordium","TheCity"],"potions_floor_usage":[],"damage_taken":[{"damage":4,"enemies":"Jaw Worm","floor":1,"turns":3},{"damage":0,"enemies":"2 Louse","floor":5,"turns":1},{"damage":6,"enemies":"Gremlin Nob","floor":6,"turns":3},{"damage":0,"enemies":"Lagavulin","floor":7,"turns":5},{"damage":20,"enemies":"3 Sentries","floor":10,"turns":6},{"damage":14,"enemies":"Gremlin Nob","floor":11,"turns":3},{"damage":0,"enemies":"3 Sentries","floor":12,"turns":4},{"damage":6,"enemies":"Gremlin Nob","floor":14,"turns":4},{"damage":41,"enemies":"The Guardian","floor":16,"turns":8}],"seed_played":"3258774769137653227","potions_obtained":[{"floor":1,"key":"LiquidBronze"},{"floor":11,"key":"PotionOfCapacity"},{"floor":14,"key":"hexamod:SoulburnPotion"}],"is_trial":true,"path_per_floor":["M","?","?","?","M","E","E","R","T","E","E","E","R","E","R","B",null],"character_chosen":"DEFECT","items_purchased":[],"campfire_rested":1,"item_purchase_floors":[],"current_hp_per_floor":[71,71,71,71,71,65,65,65,65,45,31,31,31,25,47,6,75,75],"gold":503,"neow_bonus":"","is_daily":false,"chose_seed":false,"campfire_upgraded":2,"win_rate":0.0,"timestamp":1613525902,"path_taken":["M","?","?","?","?","E","E","R","T","E","E","E","R","E","R","BOSS"],"items_purchased_type":[],"build_version":"2020-12-22","purchased_purges":0,"victory":false,"max_hp_per_floor":[75,75,75,75,75,75,75,75,75,75,75,75,75,75,75,75,75,75],"card_choices":[{"not_picked":["Chill","Coolheaded"],"picked":"Defragment","floor":0},{"not_picked":["Turbo","Go for the Eyes"],"picked":"Skim","floor":0},{"not_picked":["BootSequence","Leap"],"picked":"Gash","floor":0},{"not_picked":["Storm","Steam"],"picked":"Sweeping Beam","floor":0},{"not_picked":["Redo","Heatsinks"],"picked":"Barrage","floor":0},{"not_picked":["StuffTheSpire:LoadUp","Double Energy"],"picked":"Sweeping Beam","floor":0},{"not_picked":["StuffTheSpire:LoadUp","aspiration:Polymerization"],"picked":"Leap","floor":0},{"not_picked":["Streamline","Undo"],"picked":"Capacitor","floor":0},{"not_picked":["Go for the Eyes","ReplaySolidLightProjector"],"picked":"Steam","floor":0},{"not_picked":["Hologram","Ball Lightning"],"picked":"Gash","floor":0},{"not_picked":["Barrage","hubris:Ukulele"],"picked":"Panic Button","floor":0},{"not_picked":["Steam","StuffTheSpire:GlassShard"],"picked":"Rebound","floor":0},{"not_picked":["BasicCrystalCard","StuffTheSpire:Rend"],"picked":"Fusion","floor":0},{"not_picked":["Coolheaded","Chill"],"picked":"Conserve Battery","floor":0},{"not_picked":["Barrage","Turbo"],"picked":"Ball Lightning","floor":0},{"not_picked":["StuffTheSpire:CleanHardDrive","Sweeping Beam","Hologram"],"picked":"SKIP","floor":1},{"not_picked":["Streamline","Ball Lightning","Hologram"],"picked":"SKIP","floor":5},{"not_picked":["Amplify","Mirror Shield"],"picked":"Echo Form","floor":6},{"not_picked":["Reboot","StuffTheSpire:Purify","Amplify"],"picked":"SKIP","floor":7},{"not_picked":["Thunder Strike","Multi-Cast","hubris:Prefetch"],"picked":"SKIP","floor":10},{"not_picked":["hubris:SpecializedCircuitry","Buffer","Multi-Cast"],"picked":"SKIP","floor":11},{"not_picked":["hubris:DoWhile","Fission"],"picked":"ReplayTheSpireMod:Fabricate Wheel","floor":12},{"not_picked":["ReplayTheSpireMod:Fabricate Wheel","Mirror Shield","Echo Form"],"picked":"SKIP","floor":14},{"not_picked":["StuffTheSpire:Purify","Amplify"],"picked":"Electrodynamics","floor":16}],"player_experience":706106,"relics_obtained":[{"floor":6,"key":"reliquary:Conveyor"},{"floor":7,"key":"StuffTheSpire:Tea"},{"floor":9,"key":"Ornamental Fan"},{"floor":10,"key":"CaptainsWheel"},{"floor":11,"key":"halation:PrussianBluePaint"},{"floor":12,"key":"Replay:Accelerometer"},{"floor":14,"key":"Cables"}],"event_choices":[],"is_beta":false,"boss_relics":[{"not_picked":["aspiration:BursterCore","energizedSpire:RedRose"],"picked":"FrozenCore"}],"items_purged_floors":[],"is_endless":false,"potions_floor_spawned":[1,6,11,14],"ascension_level":1}}