{"host":"ty2cix8xj6r3ad26","time":1613566386,"event":{"mods":["AchievementEnabler","BaseMod","BetterRewards","Minty Spire (QoL Compilation)","Quick Restart","StSLib","SuperFastMode"],"gold_per_floor":[109,50,50,50,15,50,50,75,75,121,121,137,151,167,167,167,167],"floor_reached":16,"language":"ENG","playtime":874,"items_purged":["Strike_R","Strike_R"],"score":284,"play_id":"7b3a4ee9-6aee-43db-96b6-2b715b24d93e","local_time":"20210217145306","is_ascension_mode":true,"campfire_choices":[{"floor":7,"key":"REST"},{"data":"True Grit","floor":11,"key":"SMITH"},{"data":"Armaments","floor":15,"key":"SMITH"}],"circlet_count":0,"master_deck":["AscendersBane","Strike_R+1","Strike_R","Defend_R","Defend_R","Defend_R","Defend_R+1","Bash","Spot Weakness","Whirlwind","True Grit+1","Uppercut","Shrug It Off","Metallicize","Armaments+1","Feel No Pain","Body Slam","Power Through"],"relics":["Burning Blood","Calipers","Mango","Tiny Chest","PreservedInsect","TungstenRod","Singing Bowl","MealTicket","Frozen Egg 2","Akabeko"],"acts_visited":["Exordium"],"potions_floor_usage":[8,16],"damage_taken":[{"damage":0,"enemies":"Cultist","floor":1,"turns":4},{"damage":28,"enemies":"Gremlin Nob","floor":6,"turns":5},{"damage":2,"enemies":"3 Sentries","floor":8,"turns":5},{"damage":0,"enemies":"Jaw Worm","floor":12,"turns":3},{"damage":0,"enemies":"2 Louse","floor":13,"turns":1},{"damage":2,"enemies":"Blue Slaver","floor":14,"turns":3},{"damage":66,"enemies":"Hexaghost","floor":16,"turns":18}],"seed_played":"3790341715908950987","potions_obtained":[{"floor":6,"key":"Fire Potion"},{"floor":12,"key":"Swift Potion"}],"is_trial":false,"path_per_floor":["M","$","?","?","?","E","R","E","T","T","R","M","M","M","R","B"],"character_chosen":"IRONCLAD","items_purchased":["Mango","Tiny Chest","Spot Weakness","Whirlwind","True Grit","PreservedInsect","Uppercut","Shrug It Off","Armaments"],"campfire_rested":1,"item_purchase_floors":[0,0,0,0,0,0,0,0,2],"current_hp_per_floor":[41,41,41,15,37,17,44,48,48,48,48,54,62,66,66,0,0],"gold":167,"neow_bonus":"","is_daily":false,"chose_seed":false,"campfire_upgraded":2,"win_rate":0.0,"timestamp":1613566386,"path_taken":["M","$","?","?","?","E","R","E","T","?","R","M","?","M","R","BOSS"],"items_purchased_type":["Relic","Relic","Card","Card","Card","Relic","Card","Card","Card"],"build_version":"2020-12-22","purchased_purges":2,"victory":false,"max_hp_per_floor":[89,89,89,89,89,91,91,91,91,91,91,91,93,93,93,93,93],"card_choices":[{"not_picked":["Flex","Shrug It Off"],"picked":"Metallicize","floor":1},{"not_picked":["Iron Wave","Sentinel","Armaments"],"picked":"Singing Bowl","floor":6},{"not_picked":["Combust","Clothesline"],"picked":"Feel No Pain","floor":8},{"not_picked":["Armaments","Clothesline"],"picked":"Body Slam","floor":12},{"not_picked":["Searing Blow","Shrug It Off","Clothesline"],"picked":"Singing Bowl","floor":13},{"not_picked":["Armaments","True Grit"],"picked":"Power Through","floor":14}],"player_experience":594576,"relics_obtained":[{"floor":6,"key":"Singing Bowl"},{"floor":8,"key":"MealTicket"},{"floor":9,"key":"Frozen Egg 2"},{"floor":10,"key":"Akabeko"}],"event_choices":[{"cards_removed":["Strike_R"],"damage_healed":0,"gold_gain":0,"player_choice":"Forget","damage_taken":0,"max_hp_gain":0,"max_hp_loss":0,"event_name":"Living Wall","floor":3,"gold_loss":0},{"damage_healed":0,"gold_gain":0,"player_choice":"Entered Light","damage_taken":27,"max_hp_gain":0,"max_hp_loss":0,"event_name":"Shining Light","floor":4,"gold_loss":0,"cards_upgraded":["Strike_R","Defend_R"]},{"damage_healed":22,"gold_gain":0,"player_choice":"Healed","damage_taken":0,"max_hp_gain":0,"max_hp_loss":0,"event_name":"The Cleric","floor":5,"gold_loss":35}],"is_beta":false,"boss_relics":[],"items_purged_floors":[0,0],"is_endless":false,"potions_floor_spawned":[6,12],"killed_by":"Hexaghost","ascension_level":16}}