{"host":"lstr3pesnbx2qpzo","time":1613592407,"event":{"mods":["Aspiration","BaseMod","Conspire","Downfall","Hubris","Infinite Spire","Minty Spire (QoL Compilation)","Replay The Spire","StSLib"],"gold_per_floor":[99,112,129,129,140,140,140,175,188,199,215,131,141,141,159,159,159,159],"floor_reached":16,"language":"ENG","playtime":682,"items_purged":[],"score":106,"play_id":"dbbda5a8-f915-44d6-b97a-bc36449083ec","local_time":"20210217130647","is_ascension_mode":false,"campfire_choices":[],"circlet_count":0,"master_deck":["sneckomod:Strike","sneckomod:Strike","sneckomod:Strike","sneckomod:Defend","sneckomod:Defend","sneckomod:Defend","sneckomod:TailWhip","sneckomod:SnekBite","sneckomod:Unknown+1","sneckomod:SoulDraw","sneckomod:SlitherStrike","sneckomod:WideSting","sneckomod:IronFang","sneckomod:Unknown0Cost+1","sneckomod:UnknownExhaust+1","sneckomod:UnknownUncommonPower","sneckomod:ImprovisedGuard+1"],"relics":["sneckomod:SneckoSoul","Toxic Egg 2","Nunchaku"],"acts_visited":["Exordium"],"potions_floor_usage":[8],"damage_taken":[{"damage":0,"enemies":"Cultist","floor":2,"turns":3},{"damage":6,"enemies":"Jaw Worm","floor":3,"turns":4},{"damage":5,"enemies":"2 Louse","floor":5,"turns":3},{"damage":18,"enemies":"Gremlin Nob","floor":8,"turns":4},{"damage":6,"enemies":"2 Fungi Beasts","floor":9,"turns":3},{"damage":2,"enemies":"Blue Slaver","floor":10,"turns":3},{"damage":20,"enemies":"Exordium Wildlife","floor":11,"turns":5},{"damage":5,"enemies":"downfall:FleeingMerchant","floor":12,"turns":4},{"damage":0,"enemies":"Large Slime","floor":13,"turns":2},{"damage":21,"enemies":"Lots of Slimes","floor":15,"turns":5},{"damage":30,"enemies":"WA_ARCHETYPE_RETAIN","floor":16,"turns":4}],"seed_played":"-1139555933371378681","potions_obtained":[{"floor":2,"key":"Swift Potion"},{"floor":8,"key":"FearPotion"},{"floor":10,"key":"Block Potion"},{"floor":13,"key":"Death Potion"}],"is_trial":false,"path_per_floor":["R","M","M","?","M","?","T","E","M","M","M","$","M","?","M","B"],"character_chosen":"THE_SNECKO","items_purchased":["sneckomod:UnknownUncommonPower"],"campfire_rested":0,"item_purchase_floors":[12],"current_hp_per_floor":[99,99,93,98,93,93,93,75,69,67,47,42,42,42,21,0,0,0],"gold":159,"neow_bonus":"TEN_PERCENT_HP_BONUS","is_daily":false,"chose_seed":false,"campfire_upgraded":0,"win_rate":0.0,"timestamp":1613592407,"path_taken":["R","M","?","?","M","?","T","E","M","M","M","$","M","?","M","BOSS"],"items_purchased_type":["Card"],"build_version":"2020-12-22","purchased_purges":0,"victory":false,"max_hp_per_floor":[99,99,99,104,104,104,104,104,104,104,104,104,104,104,104,104,104,104],"card_choices":[{"not_picked":["sneckomod:UnknownExhaust","sneckomod:UnknownStrike","sneckomod:UnendingSupply"],"picked":"SKIP","floor":2},{"not_picked":["sneckomod:UnknownVulnerable","sneckomod:UnendingSupply"],"picked":"sneckomod:SoulDraw","floor":3},{"not_picked":["sneckomod:SnakeSap","sneckomod:SoulCleanse"],"picked":"sneckomod:SlitherStrike","floor":5},{"not_picked":["sneckomod:Unknown1Cost+1","sneckomod:SnakeSap","sneckomod:SlitherStrike"],"picked":"SKIP","floor":8},{"not_picked":["sneckomod:UnknownDraw+1","sneckomod:UnknownWeak+1"],"picked":"sneckomod:WideSting","floor":9},{"not_picked":["sneckomod:WideSting","sneckomod:UnknownVulnerable+1"],"picked":"sneckomod:IronFang","floor":10},{"not_picked":["sneckomod:UnknownStrike","sneckomod:WideSting"],"picked":"sneckomod:Unknown0Cost+1","floor":11},{"not_picked":["sneckomod:ImprovisedAttack","sneckomod:Nope+1"],"picked":"sneckomod:UnknownExhaust+1","floor":12},{"not_picked":["sneckomod:SoulDraw+1","sneckomod:ImprovisedAttack","sneckomod:UnknownDraw+1"],"picked":"SKIP","floor":13},{"not_picked":["sneckomod:DiceCrush","sneckomod:Nope+1"],"picked":"sneckomod:ImprovisedGuard+1","floor":15}],"player_experience":256011,"relics_obtained":[{"floor":7,"key":"Toxic Egg 2"},{"floor":8,"key":"Nunchaku"}],"event_choices":[{"damage_healed":0,"gold_gain":0,"player_choice":"Donut","damage_taken":0,"max_hp_gain":5,"max_hp_loss":0,"event_name":"Big Fish","floor":4,"gold_loss":0},{"cards_removed":["Slimebound:CorrosiveSpit"],"damage_healed":0,"gold_gain":0,"player_choice":"Card Removal","damage_taken":0,"max_hp_gain":0,"max_hp_loss":0,"event_name":"The Cleric","floor":14,"gold_loss":0}],"is_beta":false,"boss_relics":[],"items_purged_floors":[],"is_endless":false,"potions_floor_spawned":[2,8,10,13],"killed_by":"WA_ARCHETYPE_RETAIN","ascension_level":0}}