{"host":"johnydays","time":1613606279,"event":{"mods":["BaseMod","Bestiary","Block Reminder","Colored Map","Colored Powertips","Curses Come First","DeckTracker","Highlight Path","Minty Spire (QoL Compilation)","Relic Sorter","Relic Stats","StSLib","SuperFastMode","Weighted Paths"],"gold_per_floor":[112,112,62,86,39,80,80,124,124,144,144,158,158,174,174,303,303,303,230,230,193,193,193,193,193,193,193,193,193],"floor_reached":28,"language":"ENG","playtime":3110,"items_purged":[],"score":333,"play_id":"3df58cb1-6858-4697-a173-ae8139778e8e","local_time":"20210217235759","is_ascension_mode":true,"campfire_choices":[{"data":"Eruption","floor":7.0,"key":"SMITH"},{"data":"TalkToTheHand","floor":11.0,"key":"SMITH"},{"data":"MentalFortress","floor":15.0,"key":"SMITH"},{"data":"Wish","floor":24.0,"key":"SMITH"}],"circlet_count":0,"master_deck":["Strike_P","Strike_P","Strike_P","Strike_P","Defend_P","Defend_P","Defend_P","Eruption+1","Vigilance","MentalFortress+1","TalkToTheHand+1","Protect","MentalFortress+1","WheelKick","Crescendo","Wallop","Wish+1","SashWhip+1","TalkToTheHand","Study","Study","EmptyBody+1"],"relics":["Coffee Dripper","Golden Idol","Eternal Feather","Lizard Tail","Strawberry","Ectoplasm","Happy Flower","Yang","Oddly Smooth Stone","Vajra"],"acts_visited":["Exordium","TheCity"],"potions_floor_usage":[25,27],"damage_taken":[{"damage":0.0,"enemies":"Small Slimes","floor":1.0,"turns":5.0},{"damage":0.0,"enemies":"2 Louse","floor":4.0,"turns":1.0},{"damage":32.0,"enemies":"3 Sentries","floor":6.0,"turns":13.0},{"damage":26.0,"enemies":"Gremlin Nob","floor":8.0,"turns":6.0},{"damage":0.0,"enemies":"Jaw Worm","floor":10.0,"turns":3.0},{"damage":8.0,"enemies":"Lots of Slimes","floor":12.0,"turns":4.0},{"damage":4.0,"enemies":"3 Louse","floor":14.0,"turns":2.0},{"damage":17.0,"enemies":"Hexaghost","floor":16.0,"turns":8.0},{"damage":6.0,"enemies":"Shell Parasite","floor":18.0,"turns":6.0},{"damage":8.0,"enemies":"Chosen","floor":22.0,"turns":4.0},{"damage":47.0,"enemies":"Slavers","floor":23.0,"turns":5.0},{"damage":28,"enemies":"Snake Plant","floor":25,"turns":5},{"damage":38,"enemies":"Gremlin Leader","floor":27,"turns":5},{"damage":3,"enemies":"Snecko","floor":28,"turns":3}],"seed_played":"-3985157963343336477","potions_obtained":[{"floor":4.0,"key":"Weak Potion"},{"floor":6.0,"key":"DuplicationPotion"},{"floor":14.0,"key":"Fruit Juice"},{"floor":16.0,"key":"SpeedPotion"},{"floor":18.0,"key":"PowerPotion"},{"floor":23.0,"key":"BlessingOfTheForge"}],"is_trial":false,"path_per_floor":["M","?","?","M","$","E","R","E","T","M","R","M","?","M","R","B",null,"M","$","?","$","M","E","R","M","T","E","M"],"character_chosen":"WATCHER","items_purchased":["Protect","TalkToTheHand","Study"],"campfire_rested":0,"item_purchase_floors":[5,19,21],"current_hp_per_floor":[72,67,67,67,67,35,41,15,22,22,28,20,20,21,30,13,63,57,57,57,57,49,2,14,39,39,1,0,0],"gold":193,"neow_bonus":"BOSS_RELIC","is_daily":false,"chose_seed":false,"campfire_upgraded":4,"win_rate":0.0,"timestamp":1613606279,"path_taken":["M","?","?","?","$","E","R","E","T","?","R","M","?","M","R","BOSS","M","$","?","$","M","E","R","M","T","E","?"],"items_purchased_type":["Card","Card","Card"],"build_version":"2020-12-18","purchased_purges":0,"victory":false,"max_hp_per_floor":[72,67,67,67,67,67,67,67,74,74,74,74,74,79,79,79,79,79,79,79,79,79,79,79,79,79,79,79,79],"relic_stats":{"Lizard Tail":39,"Happy Flower":[7],"counters":[14,70],"Golden Idol":84,"Eternal Feather":33,"Yang":[25],"Ectoplasm":125,"obtain_stats":[{"Lizard Tail":8,"Happy Flower":20,"Golden Idol":2,"Strawberry":9,"Oddly Smooth Stone":26,"Vajra":27,"Eternal Feather":6,"Yang":23,"Ectoplasm":17,"Coffee Dripper":0,"PureWater":0},{"Lizard Tail":4,"Happy Flower":9,"Golden Idol":1,"Strawberry":4,"Oddly Smooth Stone":12,"Vajra":13,"Eternal Feather":3,"Yang":11,"Ectoplasm":8,"Coffee Dripper":0,"PureWater":0},{"Lizard Tail":25,"Happy Flower":48,"Golden Idol":5,"Strawberry":25,"Oddly Smooth Stone":62,"Vajra":67,"Eternal Feather":19,"Yang":57,"Ectoplasm":42,"Coffee Dripper":0,"PureWater":0}]},"card_choices":[{"not_picked":["Evaluate","Weave"],"picked":"MentalFortress","floor":1.0},{"not_picked":["EmptyFist","Wireheading"],"picked":"TalkToTheHand","floor":4.0},{"not_picked":["ConjureBlade","InnerPeace"],"picked":"MentalFortress","floor":6.0},{"not_picked":["CutThroughFate","CrushJoints"],"picked":"WheelKick","floor":8.0},{"not_picked":["Nirvana","Consecrate","Pray"],"picked":"SKIP","floor":10.0},{"not_picked":["Conclude","Protect"],"picked":"Crescendo","floor":12.0},{"not_picked":["PathToVictory","Consecrate"],"picked":"Wallop","floor":14.0},{"not_picked":["Vault","Establishment"],"picked":"Wish","floor":16.0},{"not_picked":["PathToVictory","WindmillStrike"],"picked":"SashWhip+1","floor":18.0},{"not_picked":["WaveOfTheHand","Evaluate","Swivel"],"picked":"SKIP","floor":22.0},{"not_picked":["ReachHeaven","Swivel"],"picked":"Study","floor":23.0},{"not_picked":["Pray","Consecrate","FollowUp+1"],"picked":"SKIP","floor":25},{"not_picked":["PathToVictory","Crescendo"],"picked":"EmptyBody+1","floor":27}],"player_experience":539853,"relics_obtained":[{"floor":6.0,"key":"Eternal Feather"},{"floor":8.0,"key":"Lizard Tail"},{"floor":9.0,"key":"Strawberry"},{"floor":23.0,"key":"Yang"},{"floor":26,"key":"Oddly Smooth Stone"},{"floor":27,"key":"Vajra"}],"event_choices":[{"damage_healed":0.0,"max_hp_gain":0.0,"max_hp_loss":5.0,"gold_gain":0.0,"event_name":"Golden Idol","player_choice":"Lose Max HP","floor":2.0,"gold_loss":0.0,"damage_taken":0.0,"relics_obtained":["Golden Idol"]},{"cards_removed":["Defend_P"],"damage_healed":0.0,"max_hp_gain":0.0,"max_hp_loss":0.0,"gold_gain":0.0,"event_name":"The Cleric","player_choice":"Card Removal","floor":3.0,"gold_loss":50.0,"damage_taken":0.0},{"damage_healed":0.0,"max_hp_gain":0.0,"max_hp_loss":0.0,"gold_gain":0.0,"event_name":"Upgrade Shrine","player_choice":"Upgraded","floor":13.0,"gold_loss":0.0,"damage_taken":0.0,"cards_upgraded":["MentalFortress"]},{"damage_healed":0.0,"max_hp_gain":0.0,"max_hp_loss":0.0,"gold_gain":0.0,"event_name":"WeMeetAgain","player_choice":"Gave Potion","floor":20.0,"gold_loss":0.0,"damage_taken":0.0,"relics_obtained":["Happy Flower"]}],"is_beta":true,"boss_relics":[{"not_picked":["Tiny House","Runic Dome"],"picked":"Ectoplasm"}],"items_purged_floors":[],"is_endless":false,"potions_floor_spawned":[4,6,14,16,18,23],"killed_by":"Snecko","ascension_level":5}}