{"host":"3y33rrrkia6pkpow","time":1613591314,"event":{"mods":["2.2 Compatiblity","AchievementEnabler","Act Like it!","BaseMod","BetterRewards","Block Reminder","Colored Map","Colored Powertips","DeckTracker","Faster Ascension Climbing","Gensokyo","Highlight Path","Infinite Spire","Minty Spire (QoL Compilation)","Quick Restart","Rare Cards Sparkle","Reliquary","Replay The Spire","Shop Mod","Spicy Shops","StSLib","Synergy Search","The Animator","The Blue Laboratory","Unknown Chances"],"gold_per_floor":[118,118,168,114,3,44,44,72,99,40,70,70,70,401,401,476,476,507,457,124,139,154,154,185,196,221,260,260,260,260,245,343,420,420,433,449,465,217,236,236,236],"floor_reached":40,"language":"ENG","playtime":7925,"items_purged":["animator:Strike"],"score":916,"play_id":"411bd4d4-1d61-4ab9-a4f8-45ff75c79afe","local_time":"20210217134834","is_ascension_mode":true,"campfire_choices":[{"data":"animator:Arpeggio","floor":7.0,"key":"SMITH"},{"floor":12.0,"key":"REST"},{"data":"animator:Arpeggio","floor":15.0,"key":"SMITH"},{"floor":23.0,"key":"REST"},{"floor":29.0,"key":"REST"}],"circlet_count":0,"master_deck":["AscendersBane","animator:Strike_TenSura","animator:Defend_TenSura","animator:Strike","animator:Strike","animator:Defend","animator:Defend","animator:Defend","animator:Benimaru","animator:Shuna","animator:Arpeggio+1","animator:MarisaKirisame","animator:Arpeggio+1","animator:Magilou","animator:Shichika","animator:Shichika","animator:Magilou","animator:MarisaKirisame","animator:Konayuki+1","animator:Shimako","animator:GazelDwargon","animator:Rimuru","animator:Arpeggio","animator:Clownpiece","animator:Clownpiece","animator:Enju","AbeCurse","animator:Hakurou","Gensokyo:RedCapeBlueCape","animator:HououinKyouma","animator:Kuroyukihime","animator:MisakiNakahara","animator:KaguyaHouraisan","animator:Shichika","animator:Eve","Gensokyo:FourOfAKind","Gensokyo:FourOfAKind","Gensokyo:FourOfAKind","Gensokyo:FourOfAKind","Gensokyo:AllTheWorldsEvil","animator:ItamiYouji","animator:MarisaKirisame","animator:MarisaKirisame","animator:SakuyaOhtori","animator:Hitei","animator:Konayuki"],"relics":["animator:LivingPicture","animator:TheMissingPiece","animator:PurgingStone","Replay:Towering Pillar of Hats","Strange Spoon","reliquary:SilkGlove","ReplayTheSpireMod:TigerMarble","reliquary:TatteredRug","reliquary:RoseTintedGlasses","animator:HallowedScabbard","Happy Flower","infinitespire:CheckeredPen","Abe\u0027s Treasure","ReplayTheSpireMod:ShopPack","Gremlin Horn","Replay:Baseball","Durian","Mark of Pain","infinitespire:PuzzleCube"],"acts_visited":["Gensokyo:Gensokyo","Gensokyo:Gensokyoer","Gensokyo:Gensokyoest"],"potions_floor_usage":[],"damage_taken":[{"damage":9.0,"enemies":"Gensokyo:Python","floor":1.0,"turns":3.0},{"damage":3.0,"enemies":"Gensokyo:Mamizou","floor":6.0,"turns":6.0},{"damage":15.0,"enemies":"Gensokyo:Cirno","floor":8.0,"turns":8.0},{"damage":9.0,"enemies":"Gensokyo:Mamizou","floor":11.0,"turns":7.0},{"damage":18.0,"enemies":"Gensokyo:Aya","floor":14.0,"turns":5.0},{"damage":16.0,"enemies":"Gensokyo:Reimu","floor":16.0,"turns":9.0},{"damage":22.0,"enemies":"Gensokyo:3_Dogs","floor":18.0,"turns":5.0},{"damage":16.0,"enemies":"Gensokyo:CosmicMonolith","floor":21.0,"turns":3.0},{"damage":26.0,"enemies":"Gensokyo:Mirror_and_Dog","floor":22.0,"turns":3.0},{"damage":17.0,"enemies":"Gensokyo:Reisen","floor":24.0,"turns":5.0},{"damage":0.0,"enemies":"Gensokyo:Monolith_and_Dog","floor":25.0,"turns":2.0},{"damage":14.0,"enemies":"Gensokyo:Koishi","floor":27.0,"turns":4.0},{"damage":14.0,"enemies":"Gensokyo:Eternal_Rivals","floor":33.0,"turns":7.0},{"damage":0.0,"enemies":"Gensokyo:AncientGuardian","floor":35.0,"turns":2.0},{"damage":8.0,"enemies":"Gensokyo:3_Boulders","floor":36.0,"turns":3.0},{"damage":18.0,"enemies":"Gensokyo:Rafflesia","floor":37.0,"turns":6.0},{"damage":14.0,"enemies":"Gensokyo:4_Bats","floor":39.0,"turns":3.0},{"damage":20,"enemies":"Gensokyo:Doremy","floor":40,"turns":2}],"seed_played":"-5084302678795101068","potions_obtained":[{"floor":8.0,"key":"blueLaboratory:Moonshine"},{"floor":11.0,"key":"GamblersBrew"},{"floor":25.0,"key":"Elixir"}],"is_trial":false,"path_per_floor":["M","?","T","?","$","E","R","E","T","COS","E","R","?","E","R","B",null,"M","?","COS","M","M","R","E","M","T","E","?","R","?","?","R_BF","B",null,"M","M","M","$","M","E"],"character_chosen":"THE_ANIMATOR","items_purchased":["animator:Arpeggio","animator:MarisaKirisame","animator:Millim","Replay:Towering Pillar of Hats","animator:Arpeggio","animator:Magilou","animator:Shichika","Strange Spoon","animator:Magilou","animator:Shimako","animator:Millim","animator:Hitei","Dexterity Potion","infinitespire:PuzzleCube"],"campfire_rested":3,"item_purchase_floors":[0,0,0,0,0,0,0,0,0,5,5,38,38,38],"current_hp_per_floor":[33,33,33,60,60,57,57,43,43,43,34,52,52,41,41,34,54,39,46,46,30,8,28,18,18,18,13,13,27,27,48,48,34,45,45,37,26,26,19,0,0],"gold":236,"neow_bonus":"","is_daily":false,"chose_seed":true,"campfire_upgraded":2,"win_rate":0.0,"timestamp":1613591314,"path_taken":["M","?","?","?","?","E","R","E","T","COS","E","R","?","E","R","BOSS","M","?","COS","M","M","R","E","M","T","E","?","R","?","?","R_BF","BOSS","M","M","M","$","M","E"],"items_purchased_type":["Card","Card","Card","Relic","Card","Card","Card","Relic","Card","Card","Card","Card","Potion","Relic"],"build_version":"2020-12-22","purchased_purges":1,"victory":false,"max_hp_per_floor":[60,60,60,60,60,60,60,61,61,61,61,61,61,61,61,61,61,61,68,68,68,68,68,68,68,68,73,48,48,48,48,48,48,48,48,48,48,48,48,48,48],"card_choices":[{"not_picked":["animator:Laby","animator:Berserker"],"picked":"animator:MarisaKirisame","floor":1.0},{"not_picked":["animator:Kuribayashi","animator:Chibimoth"],"picked":"animator:GazelDwargon","floor":6.0},{"not_picked":["animator:Kagari","animator:SakuyaOhtori"],"picked":"animator:Rimuru","floor":8.0},{"not_picked":["animator:YaoHaDucy","animator:Tyuule"],"picked":"animator:Arpeggio","floor":11.0},{"not_picked":["animator:Shirosaki","animator:ShizuruNakatsu"],"picked":"animator:Clownpiece","floor":11.0},{"not_picked":["animator:AyaShameimaru","animator:Millim"],"picked":"animator:Clownpiece","floor":14.0},{"not_picked":["animator:Saber","animator:KotarouTennouji"],"picked":"animator:Enju","floor":16.0},{"not_picked":["animator:Elsword","animator:SougenEsaka"],"picked":"animator:Hakurou","floor":18.0},{"not_picked":["animator:Hibiki","animator:Megunee"],"picked":"animator:HououinKyouma","floor":20.0},{"not_picked":["animator:Urushihara","animator:Zero"],"picked":"animator:Kuroyukihime","floor":20.0},{"not_picked":["animator:MisaKurobane","animator:Canti"],"picked":"animator:MisakiNakahara","floor":20.0},{"not_picked":["animator:JunSakurada","animator:EmiyaShirou"],"picked":"animator:KaguyaHouraisan","floor":21.0},{"not_picked":["animator:Clownpiece","animator:YuukaKazami"],"picked":"animator:MarisaKirisame","floor":22.0},{"not_picked":["animator:ShizuruNakatsu","animator:Hinaichigo","animator:KrulTepes"],"picked":"SKIP","floor":24.0},{"not_picked":["animator:Emonzaemon","animator:ShinjiMatou"],"picked":"animator:Shichika","floor":25.0},{"not_picked":["animator:Suigintou","animator:Kanaria"],"picked":"animator:Eve","floor":27.0},{"not_picked":["animator:Saber","animator:Guren"],"picked":"animator:ItamiYouji","floor":33.0},{"not_picked":["animator:ReimuHakurei","animator:KomachiOnozuka"],"picked":"animator:MarisaKirisame","floor":35.0},{"not_picked":["animator:ReimuHakurei","animator:YukariYakumo"],"picked":"animator:MarisaKirisame","floor":36.0},{"not_picked":["animator:Hitei","animator:Archer"],"picked":"animator:SakuyaOhtori","floor":37.0},{"not_picked":["animator:Hinaichigo","animator:Elsword"],"picked":"animator:Konayuki","floor":39.0}],"player_experience":1015908,"relics_obtained":[{"floor":3.0,"key":"reliquary:SilkGlove"},{"floor":6.0,"key":"ReplayTheSpireMod:TigerMarble"},{"floor":8.0,"key":"reliquary:TatteredRug"},{"floor":9.0,"key":"reliquary:RoseTintedGlasses"},{"floor":11.0,"key":"animator:HallowedScabbard"},{"floor":14.0,"key":"infinitespire:CheckeredPen"},{"floor":24.0,"key":"Gremlin Horn"},{"floor":26.0,"key":"Replay:Baseball"},{"floor":27.0,"key":"Durian"}],"event_choices":[],"is_beta":false,"boss_relics":[{"not_picked":["Honey Jar","animator:HolyGrailRelic"],"picked":"Abe\u0027s Treasure"},{"not_picked":["Astrolabe","ReplayTheSpireMod:SealedPack"],"picked":"Mark of Pain"}],"items_purged_floors":[38],"is_endless":false,"potions_floor_spawned":[8,11,18,21,25,33,39],"killed_by":"Gensokyo:Doremy","ascension_level":20}}