{"host":"za1qviwhp34x909e","time":1613555949,"event":{"mods":["Act Like it!","BaseMod","Colored Map","Colored Powertips","Downfall","Highlight Path","Hubris","Koishi","Marisa????????","Minty Spire (QoL Compilation)","Quick Restart","Remilia??????","Replay The Spire","StSLib","The Servant 0.9.4"],"gold_per_floor":[119,119,133,146,165,165,116,132,185,216,216,544,544,564,564,662,662,672,685,781,795,710,743,743,743,743,773,821,781,364,377,377,478,478,492,492,247,259,259,291,291,320,346,356,372,383,414,289,289,289,289,289,90,124,124],"floor_reached":56,"language":"ENG","playtime":3823,"items_purged":["Koishi:BasicStrike","Koishi:BasicStrike+1","Koishi:BasicDefend","Koishi:BasicDefend"],"score":1441,"play_id":"f0fef027-ce3d-4dce-9cdb-5c787d0d910c","local_time":"20210217035909","is_ascension_mode":true,"campfire_choices":[{"data":"Koishi:FidgetySnatcher","floor":6,"key":"SMITH"},{"data":"Koishi:ImGoingToCallYouNow","floor":11,"key":"SMITH"},{"data":"Koishi:ParalyzingFear","floor":15,"key":"SMITH"},{"data":"Koishi:ImGoingToCallYouNow","floor":25,"key":"SMITH"},{"data":"Koishi:HeartStoppingHorror","floor":32,"key":"SMITH"},{"data":"Koishi:GeneticsOfTheUnconscious","floor":41,"key":"SMITH"},{"floor":49,"key":"RECALL"},{"data":"Koishi:Catatonia","floor":52,"key":"SMITH"}],"circlet_count":0,"master_deck":["Koishi:BasicDefend+1","Koishi:BasicDefend","Koishi:Provoke","Koishi:HauntingSlash","Koishi:SprinkleStarAndHeart","Koishi:PhantomBarrier","Koishi:HeartfeltFancy","Koishi:RacingHeart","Koishi:ParalyzingFear+1","Koishi:ImGoingToCallYouNow+1","Koishi:DreadfulBlow","Koishi:GeneticsOfTheUnconscious+1","Koishi:ImGoingToCallYouNow+1","Koishi:BramblyRoseGarden+1","Koishi:FourthEye","Koishi:BramblyRoseGarden+1","Koishi:RorschachInDanmaku+1","Koishi:BloodcurdlingScream","Thinking Ahead","Koishi:HeartStoppingHorror+1","Koishi:PerfectMindControl","Koishi:UnconsciousUprising","Koishi:PhilosophyOfTheDespised","Koishi:UnseenTerror","Flash of Steel","Sadistic Nature","Flash of Steel","Koishi:YoukaiPolygraph","Koishi:Catatonia+1","Koishi:DanmakuParanoia"],"relics":["Koishi:ImaginaryFriend","NeowsBlessing","Koishi:BloodstainedWhiteRose","Nunchaku","Old Coin","Painkiller Herb","HornCleat","Replay:Bottled Steam","Pear","Replay:Wax Seal","Toy Ornithopter","Strange Spoon","Cursed Key","Omamori","Bottled Lightning","ReplayTheSpireMod:Lightbulb"],"acts_visited":["Exordium","TheCity","TheBeyond","TheEnding"],"potions_floor_usage":[10,10,16,23,23,31,31,44,55,55],"damage_taken":[{"damage":0,"enemies":"Small Slimes","floor":1,"turns":1},{"damage":0,"enemies":"Jaw Worm","floor":3,"turns":1},{"damage":0,"enemies":"2 Louse","floor":4,"turns":1},{"damage":12,"enemies":"Large Slime","floor":5,"turns":7},{"damage":10,"enemies":"3 Louse","floor":8,"turns":4},{"damage":3,"enemies":"Lagavulin","floor":10,"turns":6},{"damage":21,"enemies":"Gremlin Nob","floor":12,"turns":6},{"damage":2,"enemies":"Looter","floor":14,"turns":3},{"damage":39,"enemies":"Fading Forest","floor":16,"turns":10},{"damage":7,"enemies":"Shell Parasite","floor":18,"turns":7},{"damage":0,"enemies":"3 Byrds","floor":19,"turns":2},{"damage":39,"enemies":"Snake Plant","floor":21,"turns":5},{"damage":5,"enemies":"Gremlin Leader","floor":23,"turns":11},{"damage":40,"enemies":"Slavers","floor":27,"turns":7},{"damage":54,"enemies":"Cultist and Chosen","floor":31,"turns":9},{"damage":0,"enemies":"Champ","floor":33,"turns":4},{"damage":52,"enemies":"3 Shapes","floor":35,"turns":4},{"damage":9,"enemies":"3 Darklings","floor":38,"turns":5},{"damage":2,"enemies":"Nemesis","floor":40,"turns":7},{"damage":1,"enemies":"R_Hoarder","floor":42,"turns":6},{"damage":27,"enemies":"Jaw Worm Horde","floor":44,"turns":3},{"damage":0,"enemies":"Transient","floor":45,"turns":5},{"damage":17,"enemies":"4 Shapes","floor":46,"turns":5},{"damage":0,"enemies":"Nemesis","floor":47,"turns":5},{"damage":0,"enemies":"Time Eater","floor":50,"turns":5},{"damage":25,"enemies":"Shield and Spear","floor":54,"turns":7},{"damage":13,"enemies":"The Heart","floor":55,"turns":6}],"seed_played":"-262417454744610315","potions_obtained":[{"floor":1,"key":"FearPotion"},{"floor":8,"key":"BlessingOfTheForge"},{"floor":10,"key":"BlessingOfTheForge"},{"floor":16,"key":"AttackPotion"},{"floor":19,"key":"AttackPotion"},{"floor":27,"key":"Doom Potion"},{"floor":29,"key":"FearPotion"},{"floor":29,"key":"hexamod:SoulburnPotion"},{"floor":29,"key":"Adrenaline Potion"},{"floor":33,"key":"PowerPotion"},{"floor":38,"key":"GamblersBrew"},{"floor":46,"key":"Energy Potion"}],"is_trial":false,"path_per_floor":["M","?","M","M","M","R","$","M","T","E","R","E","?","M","R","B",null,"?","?","?","?","?","E","?","T","T","E","T","?","T","?","T","B",null,"?","?","T","?","?","E","T","E","T","?","?","?","E","T","T","B",null,"T","T","E","B",null],"character_chosen":"KOISHI","items_purchased":["Koishi:RacingHeart","Strange Spoon","Thinking Ahead","Koishi:PhilosophyOfTheDespised","Koishi:UnseenTerror","Swift Potion"],"campfire_rested":0,"item_purchase_floors":[7,30,30,37,37,53],"current_hp_per_floor":[60,48,48,48,37,37,37,27,27,32,32,44,44,49,49,25,60,60,60,45,39,39,60,60,60,70,70,70,70,70,70,70,70,70,70,70,70,70,60,70,70,70,70,62,70,70,70,70,70,70,70,70,70,70,70],"gold":124,"neow_bonus":"THREE_ENEMY_KILL","is_daily":false,"chose_seed":false,"campfire_upgraded":7,"win_rate":0.0,"timestamp":1613555949,"path_taken":["M","?","M","M","M","R","$","M","T","E","R","E","?","M","R","BOSS","?","?","?","?","?","E","?","T","T","E","?","?","T","?","T","BOSS","?","?","?","?","?","E","T","E","T","?","?","?","E","T","T","BOSS","T","T","E","BOSS"],"items_purchased_type":["Card","Relic","Card","Card","Card","Potion"],"build_version":"2020-12-22","purchased_purges":4,"victory":true,"max_hp_per_floor":[60,60,60,60,60,60,60,60,60,60,60,60,60,60,60,60,60,60,60,60,60,60,60,60,60,70,70,70,70,70,70,70,70,70,70,70,70,70,70,70,70,70,70,70,70,70,70,70,70,70,70,70,70,70,70],"card_choices":[{"not_picked":["Koishi:SubterraneanRose","Koishi:RacingHeart"],"picked":"Koishi:SprinkleStarAndHeart","floor":1},{"not_picked":["Koishi:SpiritedAway","Koishi:FleetingPhantom"],"picked":"Koishi:PhantomBarrier","floor":3},{"not_picked":["Koishi:GhostParty","Koishi:PhilosophyOfTheDespised"],"picked":"Koishi:HeartfeltFancy","floor":4},{"not_picked":["Koishi:CatchAndRose","Koishi:UnansweredLove"],"picked":"Koishi:FidgetySnatcher","floor":5},{"not_picked":["Koishi:Catatonia","Koishi:HeartfeltFancy"],"picked":"Koishi:ParalyzingFear","floor":8},{"not_picked":["Koishi:Vanish","Koishi:ConfinedInnocent"],"picked":"Koishi:ImGoingToCallYouNow","floor":10},{"not_picked":["Koishi:UnansweredLove","Koishi:FleetingPhantom"],"picked":"Koishi:DreadfulBlow","floor":12},{"not_picked":["Koishi:DreadfulBlow","Koishi:HeartfeltFancy"],"picked":"Koishi:GeneticsOfTheUnconscious","floor":14},{"not_picked":["Koishi:FormlessExistence","Koishi:Ego"],"picked":"Koishi:ImGoingToCallYouNow","floor":16},{"not_picked":["Koishi:RacingHeart","Koishi:Bloodlust"],"picked":"Koishi:BramblyRoseGarden+1","floor":18},{"not_picked":["Koishi:PhilosophyOfTheDespised","Koishi:Prune"],"picked":"Koishi:FourthEye","floor":19},{"not_picked":["Koishi:MassHysteria+1","Koishi:DNAsFlaw"],"picked":"Koishi:BramblyRoseGarden+1","floor":20},{"not_picked":["Koishi:HeartfeltFancy","Koishi:SprinkleStarAndHeart"],"picked":"Koishi:RorschachInDanmaku+1","floor":20},{"not_picked":["Koishi:HeartfeltFancy","Koishi:SpiritedAway","Koishi:StingingMind"],"picked":"SKIP","floor":21},{"not_picked":["Koishi:SpiritedAway","Koishi:UnconsciousUprising"],"picked":"Koishi:BloodcurdlingScream","floor":23},{"not_picked":["Koishi:StrangeCloudFist+1","Koishi:BloodcurdlingScream+1","Koishi:SubconsciousSweep"],"picked":"SKIP","floor":27},{"not_picked":["Koishi:SubterraneanRose+1","Koishi:ParalyzingFear+1"],"picked":"Koishi:HeartStoppingHorror","floor":31},{"not_picked":["Koishi:ImGoingToCallYouNow","Koishi:FormlessExistence"],"picked":"Koishi:PerfectMindControl","floor":33},{"not_picked":["Koishi:SubconsciousSweep+1","Koishi:ParalyzingFear+1"],"picked":"Koishi:UnconsciousUprising","floor":35},{"not_picked":["Koishi:UnansweredLove+1","Koishi:StingingMind","Koishi:Prune"],"picked":"SKIP","floor":38},{"not_picked":["Bandage Up","Forethought"],"picked":"Flash of Steel","floor":39},{"not_picked":["Mayhem","Metamorphosis"],"picked":"Sadistic Nature","floor":39},{"not_picked":["Enlightenment","ReplayTheSpireMod:Private Reserves"],"picked":"Flash of Steel","floor":39},{"not_picked":["Koishi:StingingMind","Koishi:SprinkleStarAndHeart","Koishi:VengefulSpirit+1"],"picked":"SKIP","floor":40},{"not_picked":["Koishi:MentalBreakdown","Koishi:FleetingPhantom","Koishi:ParalyzingFear+1"],"picked":"SKIP","floor":42},{"not_picked":["Koishi:MentalBreakdown","Koishi:FleetingPhantom","Koishi:ParalyzingFear+1"],"picked":"SKIP","floor":42},{"not_picked":["Koishi:ParalyzingFear","Koishi:ReflexRadar"],"picked":"Koishi:YoukaiPolygraph","floor":44},{"not_picked":["Koishi:Jaunt+1","Koishi:ParalyzingFear"],"picked":"Koishi:Catatonia","floor":45},{"not_picked":["Koishi:Prune","Koishi:RacingHeart","Koishi:FleetingPhantom+1"],"picked":"SKIP","floor":46},{"not_picked":["Koishi:HeartfeltFancy","Koishi:BramblyRoseGarden+1"],"picked":"Koishi:DanmakuParanoia","floor":47},{"not_picked":["Koishi:MentalBreakdown","Koishi:Jaunt+1","Koishi:HeartfeltFancy"],"picked":"SKIP","floor":54}],"player_experience":765664,"relics_obtained":[{"floor":9,"key":"Koishi:BloodstainedWhiteRose"},{"floor":10,"key":"Nunchaku"},{"floor":12,"key":"Old Coin"},{"floor":23,"key":"Replay:Bottled Steam"},{"floor":26,"key":"Pear"},{"floor":27,"key":"Replay:Wax Seal"},{"floor":28,"key":"Toy Ornithopter"},{"floor":40,"key":"Omamori"},{"floor":42,"key":"Bottled Lightning"},{"floor":54,"key":"ReplayTheSpireMod:Lightbulb"}],"event_choices":[{"damage_healed":0,"gold_gain":0,"player_choice":"Entered Light","damage_taken":12,"max_hp_gain":0,"max_hp_loss":0,"event_name":"Shining Light","floor":2,"gold_loss":0,"cards_upgraded":["Koishi:BasicDefend","Koishi:BasicStrike"]},{"damage_healed":0,"gold_gain":0,"player_choice":"Obtained Relic","damage_taken":0,"relics_obtained":["HornCleat"],"max_hp_gain":0,"max_hp_loss":0,"event_name":"Addict","floor":22,"gold_loss":85},{"cards_removed":["Koishi:FidgetySnatcher"],"damage_healed":0,"gold_gain":0,"player_choice":"Elegance","damage_taken":0,"max_hp_gain":0,"max_hp_loss":0,"event_name":"Back to Basics","floor":24,"gold_loss":0},{"damage_healed":0,"gold_gain":0,"player_choice":"Bought 3 Potions","damage_taken":0,"max_hp_gain":0,"max_hp_loss":0,"event_name":"The Woman in Blue","floor":29,"gold_loss":0},{"cards_removed":["Koishi:BasicStrike"],"damage_healed":0,"gold_gain":0,"player_choice":"Purged","damage_taken":0,"max_hp_gain":0,"max_hp_loss":0,"event_name":"Purifier","floor":36,"gold_loss":0},{"damage_healed":0,"gold_gain":0,"player_choice":"Memory 3","damage_taken":10,"max_hp_gain":0,"max_hp_loss":0,"event_name":"SensoryStone","floor":39,"gold_loss":0}],"is_beta":false,"boss_relics":[{"not_picked":["Sozu","Fusion Hammer"],"picked":"Painkiller Herb"},{"not_picked":["hubris:TerracottaHorce","Abe\u0027s Treasure"],"picked":"Cursed Key"}],"items_purged_floors":[30,37,48,53],"is_endless":false,"potions_floor_spawned":[1,8,10,16,19,27,33,38,42,46,47],"ascension_level":1}}