{"host":"3twtdwjpiqhvvn5s","time":1613532046,"event":{"mods":["AchievementEnabler","Act Like it!","Aspiration","BaseMod","BetterRewards","Colored Map","Colored Powertips","Downfall","Duelist Mod","Friendly Minions","GifTheSpireLib","Hermit","Hubris","Infinite Spire","Jorbs\u0027s Wanderer Trilogy","Koishi","KomeijiMod","Marisa????????","Minty Spire (QoL Compilation)","Quick Restart","Rare Cards Sparkle","Replay The Spire","Shop Mod","StSLib","Td1madao Mod","The Administrix","The Animator","The Bug Knight","The Caster","The Cursed","The Disciple","The Hierophant","The Necromancer","The Poker Player","The Runesmith","The Servant 0.9.4"],"gold_per_floor":[109,120,135,145,0,0,0,49,49,80,80,124,164,216,243,282,282,306,306,306],"floor_reached":18,"language":"ENG","playtime":3124,"items_purged":[],"score":152,"play_id":"189d568e-b3cc-42e5-a39f-144f81f475d8","local_time":"20210216212046","daily_mods":["Blue Cards","Elite Swarm"],"is_ascension_mode":false,"campfire_choices":[{"floor":9,"key":"REST"},{"floor":17,"key":"REST"}],"circlet_count":0,"master_deck":["sneckomod:Strike","sneckomod:Strike","sneckomod:Strike","sneckomod:Defend","sneckomod:Defend","sneckomod:Defend","sneckomod:TailWhip","sneckomod:SnekBite","sneckomod:Unknown","sneckomod:Unknown","Cold Snap","Hologram","Turbo","sneckomod:QuickMove","Creative AI","sneckomod:Mudshield","Capacitor","sneckomod:Mudshield","Conserve Battery","Rainbow"],"relics":["sneckomod:SneckoSoul","Ring of Chaos","aspiration:Nostalgia","theDuelist:MillenniumPuzzle","Blood Vial","infinitespire:Midas Blood","Boot","infinitespire:Golems Mask","hubris:SphereOfDissonance","WingedGreaves"],"acts_visited":[],"potions_floor_usage":[8,12,13,14,16],"damage_taken":[{"damage":1,"enemies":"Jaw Worm","floor":1,"turns":3},{"damage":2,"enemies":"Cultist","floor":2,"turns":4},{"damage":2,"enemies":"Small Slimes","floor":3,"turns":4},{"damage":5,"enemies":"Exordium Wildlife","floor":4,"turns":4},{"damage":27,"enemies":"Gremlin Nob","floor":8,"turns":5},{"damage":18,"enemies":"3 Sentries","floor":10,"turns":9},{"damage":25,"enemies":"Gremlin Nob","floor":12,"turns":8},{"damage":29,"enemies":"Large Slime","floor":13,"turns":7},{"damage":10,"enemies":"Lagavulin","floor":14,"turns":5},{"damage":1,"enemies":"3 Louse","floor":15,"turns":5},{"damage":16,"enemies":"Gremlin Nob","floor":16,"turns":6},{"damage":56,"enemies":"Hexaghost","floor":18,"turns":14}],"seed_played":"8712467957533326900","potions_obtained":[{"floor":4,"key":"CultistPotion"},{"floor":10,"key":"Reflective Coating"},{"floor":12,"key":"Fire Potion"},{"floor":13,"key":"Reflective Coating"},{"floor":14,"key":"FairyPotion"},{"floor":15,"key":"SkillPotion"}],"is_trial":true,"path_per_floor":["M","M","M","M","$","PTL","PTL","E","R","E","T","E","M","E","M","E","R","B"],"character_chosen":"THE_SNECKO","items_purchased":["aspiration:Nostalgia"],"campfire_rested":2,"item_purchase_floors":[5],"current_hp_per_floor":[89,87,85,80,80,80,80,53,80,65,65,43,16,8,9,24,51,0,0,0],"gold":306,"neow_bonus":"","is_daily":false,"chose_seed":false,"campfire_upgraded":0,"win_rate":0.0,"timestamp":1613532046,"path_taken":["M","M","M","M","$","PTL","PTL","E","R","E","T","E","M","E","M","E","R","BOSS"],"items_purchased_type":["Relic"],"build_version":"2020-12-22","purchased_purges":0,"victory":false,"max_hp_per_floor":[90,90,90,90,90,90,90,90,90,90,90,90,90,90,90,90,90,90,90,90],"card_choices":[{"not_picked":["sneckomod:UnknownBlock","Gash"],"picked":"Cold Snap","floor":1},{"not_picked":["sneckomod:SoulDraw","sneckomod:UnknownUncommonSkill"],"picked":"Hologram","floor":2},{"not_picked":["sneckomod:RainOfDice","Skim"],"picked":"Turbo","floor":3},{"not_picked":["Beam Cell","sneckomod:UnendingSupply"],"picked":"sneckomod:QuickMove","floor":4},{"not_picked":["Hyperbeam","Fission"],"picked":"Creative AI","floor":8},{"not_picked":["ReplayRNGCard","hubris:SpecializedCircuitry"],"picked":"sneckomod:Mudshield","floor":10},{"not_picked":["sneckomod:UnknownRareAttack","hubris:DoWhile","sneckomod:UnknownRareSkill"],"picked":"SKIP","floor":12},{"not_picked":["Reinforced Body","sneckomod:UnknownDraw"],"picked":"Capacitor","floor":13},{"not_picked":["Biased Cognition","Machine Learning"],"picked":"sneckomod:Mudshield","floor":14},{"not_picked":["sneckomod:UnknownBlock","Go for the Eyes"],"picked":"Conserve Battery","floor":15},{"not_picked":["Reboot","Fission"],"picked":"Rainbow","floor":16}],"player_experience":3146072,"relics_obtained":[{"floor":8,"key":"Blood Vial"},{"floor":10,"key":"infinitespire:Midas Blood"},{"floor":11,"key":"Boot"},{"floor":12,"key":"infinitespire:Golems Mask"},{"floor":14,"key":"hubris:SphereOfDissonance"},{"floor":16,"key":"WingedGreaves"}],"event_choices":[],"is_beta":false,"boss_relics":[],"items_purged_floors":[],"is_endless":false,"potions_floor_spawned":[4,10,12,13,14,15],"killed_by":"Hexaghost","ascension_level":0}}