{"host":"oehe2dxjvdgux73m","time":1613575665,"event":{"mods":["AchievementEnabler","BaseMod","Colored Map","Colored Powertips","DeckTracker","Keyboard Shortcuts","Minty Spire (QoL Compilation)","Permanent Neow","Quick Restart","StSLib","SuperFastMode"],"gold_per_floor":[215,215,215,233,244,244,263,34,34,8,27,61,61,71,71,171,171,187,207,217,231,247,247,247,281,281,281,281,307,307,319,319,424,424,434,359,359,359,359,359,391,406,429,456,365,380,380,380,380,380],"floor_reached":51,"language":"KOR","playtime":1650,"items_purged":["Strike_B"],"score":884,"play_id":"635f3ce4-72a1-4f76-b9b6-4eee716a043f","local_time":"20210218002745","is_ascension_mode":true,"campfire_choices":[{"data":"Defragment","floor":6.0,"key":"SMITH"},{"floor":15.0,"key":"REST"},{"data":"Creative AI","floor":23.0,"key":"SMITH"},{"floor":27.0,"key":"REST"},{"floor":30.0,"key":"REST"},{"data":"Redo","floor":32.0,"key":"SMITH"},{"data":"Coolheaded","floor":40.0,"key":"SMITH"},{"floor":47,"key":"DIG"},{"floor":49,"key":"DIG"}],"circlet_count":0,"master_deck":["Defend_B","Defend_B","Defend_B","Zap+1","Dualcast","Defragment+1","Cold Snap","Darkness","Meteor Strike","Hologram","Coolheaded+1","Redo+1","Turbo","Creative AI+1","Chaos+1","Skim+1","Go for the Eyes+1","Barrage+1","Defragment+1","Beam Cell+1","White Noise+1","Necronomicurse","Genetic Algorithm","Skim+1","Multi-Cast","Tempest","Storm+1","Forethought","Lockon+1"],"relics":["Cracked Core","Runic Capacitor","Tiny Chest","Meat on the Bone","Turnip","Astrolabe","Bottled Lightning","Eternal Feather","Oddly Smooth Stone","Necronomicon","Potion Belt","Snecko Eye","Bottled Flame","Cables","Toy Ornithopter","Shovel","Shuriken","Lantern"],"acts_visited":["Exordium","TheCity","TheBeyond"],"potions_floor_usage":[50,50,50],"damage_taken":[{"damage":7.0,"enemies":"Jaw Worm","floor":1.0,"turns":3.0},{"damage":0.0,"enemies":"Cultist","floor":4.0,"turns":3.0},{"damage":9.0,"enemies":"Small Slimes","floor":5.0,"turns":4.0},{"damage":5.0,"enemies":"Blue Slaver","floor":7.0,"turns":3.0},{"damage":12.0,"enemies":"2 Fungi Beasts","floor":11.0,"turns":4.0},{"damage":15.0,"enemies":"Gremlin Nob","floor":12.0,"turns":4.0},{"damage":26.0,"enemies":"Lots of Slimes","floor":14.0,"turns":3.0},{"damage":20.0,"enemies":"Slime Boss","floor":16.0,"turns":8.0},{"damage":4.0,"enemies":"Chosen","floor":18.0,"turns":6.0},{"damage":12.0,"enemies":"Spheric Guardian","floor":19.0,"turns":7.0},{"damage":17.0,"enemies":"3 Cultists","floor":20.0,"turns":5.0},{"damage":0.0,"enemies":"Centurion and Healer","floor":21.0,"turns":5.0},{"damage":22.0,"enemies":"Snake Plant","floor":22.0,"turns":6.0},{"damage":34.0,"enemies":"Gremlin Leader","floor":25.0,"turns":5.0},{"damage":33.0,"enemies":"Slavers","floor":29.0,"turns":6.0},{"damage":12.0,"enemies":"Chosen and Byrds","floor":31.0,"turns":5.0},{"damage":6.0,"enemies":"Automaton","floor":33.0,"turns":6.0},{"damage":17.0,"enemies":"3 Darklings","floor":35.0,"turns":3.0},{"damage":16.0,"enemies":"Giant Head","floor":41.0,"turns":6.0},{"damage":23.0,"enemies":"Orb Walker","floor":42.0,"turns":4.0},{"damage":19.0,"enemies":"Nemesis","floor":44.0,"turns":3.0},{"damage":9,"enemies":"3 Darklings","floor":46,"turns":3},{"damage":56,"enemies":"Donu and Deca","floor":50,"turns":5}],"seed_played":"-4565366375174764251","potions_obtained":[{"floor":1.0,"key":"AttackPotion"},{"floor":5.0,"key":"PowerPotion"},{"floor":11.0,"key":"SpeedPotion"},{"floor":12.0,"key":"PowerPotion"},{"floor":22.0,"key":"Dexterity Potion"},{"floor":31.0,"key":"SmokeBomb"},{"floor":33.0,"key":"Strength Potion"},{"floor":41.0,"key":"EssenceOfSteel"},{"floor":42.0,"key":"DistilledChaos"}],"is_trial":false,"path_per_floor":["M","?","?","M","M","R","M","$","T","$","M","E","T","M","R","B",null,"M","M","M","M","M","R","T","E","T","R","?","E","R","M","R","B",null,"M","$","?","?","T","R","E","M","T","E","$","M","R","?","R","B",null],"character_chosen":"DEFECT","items_purchased":["Runic Capacitor","Meteor Strike","Hologram","Forethought"],"campfire_rested":3,"item_purchase_floors":[8,8,10,45],"current_hp_per_floor":[68,73,73,73,64,64,59,59,59,59,47,32,32,18,42,34,80,76,64,47,47,37,37,37,15,15,51,35,14,53,41,56,50,80,63,63,63,63,63,78,62,51,51,49,49,52,67,67,76,47],"gold":380,"neow_bonus":"HUNDRED_GOLD","is_daily":false,"chose_seed":false,"campfire_upgraded":4,"win_rate":0.0,"timestamp":1613575665,"path_taken":["M","?","?","M","?","R","M","$","T","?","M","E","?","M","R","BOSS","BOSS","M","?","M","M","M","R","?","E","T","R","?","E","R","M","R","BOSS","M","$","?","?","?","R","E","M","T","E","$","?","R","?","R","BOSS"],"items_purchased_type":["Relic","Card","Card","Card"],"build_version":"2020-12-22","purchased_purges":1,"victory":true,"max_hp_per_floor":[75,80,80,80,80,80,80,80,80,80,80,80,80,80,80,80,80,80,80,80,80,80,80,80,80,80,80,80,80,80,80,80,80,80,80,80,80,80,80,80,80,80,80,80,80,80,80,76,76,76],"card_choices":[{"not_picked":["Force Field","Turbo"],"picked":"Defragment","floor":1.0},{"not_picked":["Go for the Eyes","Rebound"],"picked":"Defragment","floor":4.0},{"not_picked":["Chaos","Streamline"],"picked":"Cold Snap","floor":5.0},{"not_picked":["White Noise","Go for the Eyes"],"picked":"Darkness","floor":7.0},{"not_picked":["Compile Driver","Sweeping Beam"],"picked":"Coolheaded","floor":11.0},{"not_picked":["Streamline","Coolheaded"],"picked":"Redo","floor":12.0},{"not_picked":["Sweeping Beam","Fission"],"picked":"Turbo","floor":14.0},{"not_picked":["Hyperbeam","All For One"],"picked":"Creative AI","floor":16.0},{"not_picked":["Blizzard","Redo","Cold Snap"],"picked":"SKIP","floor":18.0},{"not_picked":["Steam","Sweeping Beam"],"picked":"Barrage+1","floor":19.0},{"not_picked":["Undo","Sweeping Beam"],"picked":"Defragment+1","floor":20.0},{"not_picked":["Leap","Lockon+1","Sweeping Beam"],"picked":"SKIP","floor":21.0},{"not_picked":["Compile Driver","Defragment"],"picked":"Beam Cell+1","floor":22.0},{"not_picked":["Conserve Battery","Coolheaded"],"picked":"White Noise+1","floor":25.0},{"not_picked":["Auto Shields","Hologram"],"picked":"Genetic Algorithm","floor":29.0},{"not_picked":["Buffer","Turbo"],"picked":"Skim+1","floor":31.0},{"not_picked":["Meteor Strike","Machine Learning"],"picked":"Multi-Cast","floor":33.0},{"not_picked":["Coolheaded","Rebound","Lockon"],"picked":"SKIP","floor":35.0},{"not_picked":["Streamline","Coolheaded+1"],"picked":"Tempest","floor":41.0},{"not_picked":["Conserve Battery","Streamline","Hello World+1"],"picked":"SKIP","floor":42.0},{"not_picked":["Barrage+1","Cold Snap"],"picked":"Storm+1","floor":44.0},{"not_picked":["Reprogram","Steam"],"picked":"Lockon+1","floor":46}],"player_experience":472707,"relics_obtained":[{"floor":9.0,"key":"Tiny Chest"},{"floor":12.0,"key":"Meat on the Bone"},{"floor":13.0,"key":"Turnip"},{"floor":24.0,"key":"Bottled Lightning"},{"floor":25.0,"key":"Eternal Feather"},{"floor":26.0,"key":"Oddly Smooth Stone"},{"floor":28.0,"key":"Necronomicon"},{"floor":29.0,"key":"Potion Belt"},{"floor":39.0,"key":"Bottled Flame"},{"floor":41.0,"key":"Cables"},{"floor":43.0,"key":"Toy Ornithopter"},{"floor":44.0,"key":"Shovel"},{"floor":47,"key":"Shuriken"},{"floor":49,"key":"Lantern"}],"event_choices":[{"damage_healed":0.0,"max_hp_gain":5.0,"max_hp_loss":0.0,"gold_gain":0.0,"event_name":"Big Fish","player_choice":"Donut","floor":2.0,"gold_loss":0.0,"damage_taken":0.0},{"damage_healed":0.0,"max_hp_gain":0.0,"max_hp_loss":0.0,"gold_gain":0.0,"event_name":"Upgrade Shrine","player_choice":"Upgraded","floor":3.0,"gold_loss":0.0,"damage_taken":0.0,"cards_upgraded":["Zap"]},{"damage_healed":0.0,"max_hp_gain":0.0,"max_hp_loss":0.0,"gold_gain":0.0,"event_name":"Cursed Tome","player_choice":"Obtained Book","floor":28.0,"gold_loss":0.0,"damage_taken":16.0},{"cards_removed":["Defend_B"],"damage_healed":0.0,"max_hp_gain":0.0,"max_hp_loss":0.0,"gold_gain":0.0,"event_name":"Falling","player_choice":"Removed Skill","floor":37.0,"gold_loss":0.0,"damage_taken":0.0},{"cards_removed":["Defragment"],"damage_healed":0.0,"max_hp_gain":0.0,"max_hp_loss":0.0,"gold_gain":0.0,"event_name":"Purifier","player_choice":"Purged","floor":38.0,"gold_loss":0.0,"damage_taken":0.0},{"damage_healed":0,"gold_gain":0,"player_choice":"Max HP","damage_taken":0,"max_hp_gain":0,"max_hp_loss":4,"event_name":"Winding Halls","floor":48,"gold_loss":0}],"is_beta":false,"boss_relics":[{"not_picked":["SlaversCollar","SacredBark"],"picked":"Astrolabe"},{"not_picked":["Busted Crown","Empty Cage"],"picked":"Snecko Eye"}],"items_purged_floors":[36],"is_endless":false,"potions_floor_spawned":[1,5,11,12,22,31,33,41,42],"ascension_level":4}}