{"host":"7e6a7vfmtx61a48y","time":1613528791,"event":{"mods":["BaseMod","Better Note","BetterRewards","Block Reminder","Colored Powertips","Curses Come First","Gremlin Skip","Hubris","Minty Spire (QoL Compilation)","Quick Restart","Rare Cards Sparkle","Reliquary","StSLib","SuperFastMode"],"gold_per_floor":[117,136,211,231,243,243,261,291,291,302,302,320,320,320],"floor_reached":13,"language":"ENG","playtime":455,"items_purged":[],"score":142,"play_id":"873aeefa-a9c3-494c-b912-304be086a2f8","local_time":"20210217102631","is_ascension_mode":true,"campfire_choices":[{"data":"Armaments","floor":6,"key":"SMITH"},{"floor":11,"key":"REST"}],"circlet_count":0,"master_deck":["AscendersBane","Strike_R","Strike_R","Strike_R","Strike_R","Strike_R","Defend_R","Defend_R","Defend_R","Defend_R","Bash","The Bomb","Spot Weakness","Anger","hubris:SharpeningStone","Armaments+1","Flex"],"relics":["Burning Blood","PreservedInsect","Lee\u0027s Waffle","Pen Nib","reliquary:HotPoker"],"acts_visited":["Exordium"],"potions_floor_usage":[7,12],"damage_taken":[{"damage":0,"enemies":"Small Slimes","floor":1,"turns":3},{"damage":12,"enemies":"2 Louse","floor":2,"turns":3},{"damage":11,"enemies":"Cultist","floor":4,"turns":4},{"damage":11,"enemies":"Blue Slaver","floor":5,"turns":3},{"damage":23,"enemies":"Lots of Slimes","floor":7,"turns":5},{"damage":15,"enemies":"3 Sentries","floor":8,"turns":3},{"damage":13,"enemies":"Large Slime","floor":10,"turns":4},{"damage":6,"enemies":"Blue Slaver","floor":12,"turns":3},{"damage":0,"enemies":"Gremlin Nob","floor":13,"turns":3}],"seed_played":"3525407200948682919","potions_obtained":[{"floor":1,"key":"ColorlessPotion"},{"floor":4,"key":"GamblersBrew"},{"floor":5,"key":"AttackPotion"}],"is_trial":false,"path_per_floor":["M","M","?","M","M","R","M","E","T","M","R","M","E"],"character_chosen":"IRONCLAD","items_purchased":["PreservedInsect","Lee\u0027s Waffle","The Bomb"],"campfire_rested":1,"item_purchase_floors":[0,0,0],"current_hp_per_floor":[87,81,70,65,60,60,43,34,34,27,53,53,53,53],"gold":320,"neow_bonus":"","is_daily":false,"chose_seed":false,"campfire_upgraded":1,"win_rate":0.0,"timestamp":1613528791,"path_taken":["M","M","?","M","M","R","M","E","T","M","R","M","E"],"items_purchased_type":["Relic","Relic","Card"],"build_version":"2020-12-22","purchased_purges":0,"victory":false,"max_hp_per_floor":[87,87,87,87,87,87,87,87,87,87,87,87,87,87],"card_choices":[{"not_picked":["Clash","Bloodletting"],"picked":"Spot Weakness","floor":1},{"not_picked":["Twin Strike","Thunderclap"],"picked":"Anger","floor":2},{"not_picked":["hubris:CleavingFinish","Combust"],"picked":"hubris:SharpeningStone","floor":4},{"not_picked":["Clothesline","Perfected Strike"],"picked":"Armaments","floor":5},{"not_picked":["Whirlwind","Blood for Blood","Armaments"],"picked":"SKIP","floor":7},{"not_picked":["Body Slam","Heavy Blade"],"picked":"Flex","floor":8},{"not_picked":["Feel No Pain","Corruption","Body Slam"],"picked":"SKIP","floor":10},{"not_picked":["Wild Strike","Perfected Strike","Warcry"],"picked":"SKIP","floor":12}],"player_experience":367446,"relics_obtained":[{"floor":8,"key":"Pen Nib"},{"floor":9,"key":"reliquary:HotPoker"}],"event_choices":[{"damage_healed":0,"gold_gain":75,"player_choice":"Gather Gold","damage_taken":11,"max_hp_gain":0,"max_hp_loss":0,"event_name":"World of Goop","floor":3,"gold_loss":0}],"is_beta":false,"boss_relics":[],"items_purged_floors":[],"is_endless":false,"potions_floor_spawned":[1,4,5],"killed_by":"Gremlin Nob","ascension_level":12}}