{"host":"dwyzfvnzfcqffr30","time":1613597130,"event":{"mods":["2.2 Compatiblity","Act Like it!","Aspiration","BaseMod","Beaked The Cultist","Better Altar","Better Match","Better Note","Better Sensory Stone","Better Skull","Better Third Choice","Clockwork Mod","Colored Map","Colored Powertips","Conspire","Downfall","Elementarium","GifTheSpireLib","Halation","Hermit","Hubris","Infinite Spire","Ironclad Rager","Jedi Mod","Menagerie","Mimic Mod","Minty Spire (QoL Compilation)","Permanent Neow","Random Character Button","Relic Filter Mod","Reliquary","Replay The Spire","Shapeshifter Mod","Spicy Shops","Spikes Relics","StSLib","Stuff the Spire","The Construct","The Disciple","The Druid","The Marked","TheFirefly","Trackpad","Wandering Minibosses"],"gold_per_floor":[443,490,9,9,23,23,58,58,58,73,105,129,148,185,185,299,299,329,367,367,89,89,142,142,67,92,110,136,172,213,213,213,352,352,390,390,447,499,499,499,564,618,675,221,281,281,360,360,360,367,367,367,1,51,77],"floor_reached":56,"language":"ENG","playtime":4512,"items_purged":["StSShapeShifter:ShapeShifter_Strike+1","StSShapeShifter:Lynx_Form+1","StSShapeShifter:Tortoise_Form+1","StSShapeShifter:ShapeShifter_Strike+1","StSShapeShifter:ShapeShifter_Strike+1","Parasite"],"score":1619,"play_id":"36306e49-9f33-4030-9b0a-fde5e97858b0","local_time":"20210217132530","is_ascension_mode":true,"campfire_choices":[{"floor":6,"key":"RECALL"},{"floor":8,"key":"REST"},{"data":"StSShapeShifter:BarkSkin+1","floor":15,"key":"SMITH"},{"floor":24,"key":"REST"},{"floor":32,"key":"REST"},{"floor":40,"key":"REST"},{"floor":46,"key":"REST"},{"floor":49,"key":"REST"},{"data":"StSShapeShifter:Spring+1","floor":52,"key":"SMITH"}],"circlet_count":0,"master_deck":["theDruid:NaturalAgility+1","StSShapeShifter:ShapeShifter_Defend+1","StSShapeShifter:ShapeShifter_Defend+1","StSShapeShifter:ShapeShifter_Defend+1","StSShapeShifter:ShapeShifter_Defend+1","StSShapeShifter:ShapeShifter_Defend+1","Apotheosis+1","MasterReality+1","StSShapeShifter:BarkSkin+2","StSShapeShifter:BloomingSlash+1","StSShapeShifter:PoisonIvy+1","StSShapeShifter:VineHandcuffs+1","StSShapeShifter:RockSlide+1","StSShapeShifter:BurstingSpore+2","StSShapeShifter:WaspSwarmForm+1","StSShapeShifter:DeepWound+2","StSShapeShifter:Spring+2","StSShapeShifter:BaskInBloom+1","StSShapeShifter:FoxForm+1","StSShapeShifter:FesteringBite+1","conspire:Banana+1","StSShapeShifter:ReplenishingNectar+1","StSShapeShifter:WolfsBane+1","Madness+1","StSShapeShifter:Ensconce+1"],"relics":["StSShapeShifter:AnimalHeart","StSShapeShifter:TheShapeShiftersMagnolia","Bottled Tornado","halation:Prosthetics","hubris:TinFlute","SacredBark","conspire:InfiniteJournal","infinitespire:EvilPickle","Quantum Egg","Molten Egg 2","Toxic Egg 2","Frozen Egg 2","StSShapeShifter:EmeraldPantherFigurine","Chemical X","conspire:TopHat","Mercury Hourglass","trackpad:PetRock","Oddly Smooth Stone","hubris:ScarierMask","ReplayTheSpireMod:Shallot","reliquary:Boomerang","infinitespire:Beetle Shell","Toy Ornithopter","Empty Cage","Elementarium:ElementariumTrophy","conspire:SlowCooker","Strange Spoon","construct:ClawGrip","hubris:FunFungus","Meat on the Bone","Whetstone","Du-Vu Doll","hubris:EmptyBottle","Blue Doll"],"acts_visited":["Menagerie:Menagerie","Elementarium:Elementarium","TheBeyond","TheEnding"],"potions_floor_usage":[11,16,16,23,23,38,41,43,50,50,54,54,55,55,55,55,55],"damage_taken":[{"damage":1,"enemies":"Menagerie:MonstrousExperiment","floor":1,"turns":3},{"damage":0,"enemies":"Menagerie:StygianBoar","floor":2,"turns":4},{"damage":0,"enemies":"Menagerie:WhisperingWraith","floor":5,"turns":4},{"damage":1,"enemies":"Menagerie:VoidReaper","floor":7,"turns":5},{"damage":0,"enemies":"Menagerie:EntropyWarlock","floor":10,"turns":2},{"damage":0,"enemies":"Menagerie:MaskedSummoner","floor":11,"turns":4},{"damage":0,"enemies":"Menagerie:KEEPER_AND_YOUNG_SUNEATER","floor":12,"turns":4},{"damage":0,"enemies":"Menagerie:MENAGERIE_WILDLIFE","floor":13,"turns":2},{"damage":0,"enemies":"Menagerie:Hydra","floor":14,"turns":4},{"damage":0,"enemies":"Menagerie:AVATARS","floor":16,"turns":5},{"damage":0,"enemies":"Elementarium:2_ELEMENTALS","floor":18,"turns":2},{"damage":0,"enemies":"Elementarium:MUD_AND_TAR_GOLEMS","floor":19,"turns":3},{"damage":23,"enemies":"Elementarium:ElementalPortal","floor":23,"turns":6},{"damage":0,"enemies":"Elementarium:3_ELEMENTALS","floor":27,"turns":3},{"damage":0,"enemies":"Elementarium:VOID_CORRUPTION_AND_ORB_OF_FIRE","floor":28,"turns":4},{"damage":6,"enemies":"Elementarium:FIRE_NOBILITY","floor":29,"turns":5},{"damage":0,"enemies":"Elementarium:VOID_CORRUPTION_AND_TAR_GOLEM","floor":30,"turns":5},{"damage":17,"enemies":"Elementarium:GoldenDragon","floor":33,"turns":8},{"damage":0,"enemies":"3 Darklings","floor":35,"turns":4},{"damage":0,"enemies":"Orb Walker","floor":37,"turns":3},{"damage":30,"enemies":"Transient","floor":38,"turns":5},{"damage":0,"enemies":"Writhing Mass","floor":41,"turns":5},{"damage":1,"enemies":"Spire Growth","floor":42,"turns":5},{"damage":4,"enemies":"Transient","floor":43,"turns":6},{"damage":26,"enemies":"Reptomancer","floor":45,"turns":8},{"damage":14,"enemies":"Nemesis","floor":47,"turns":6},{"damage":0,"enemies":"Donu and Deca","floor":50,"turns":6},{"damage":6,"enemies":"Shield and Spear","floor":54,"turns":5},{"damage":60,"enemies":"The Heart","floor":55,"turns":9}],"seed_played":"8545808306432962350","potions_obtained":[{"floor":5,"key":"construct:ShiftPotion"},{"floor":10,"key":"SteroidPotion"},{"floor":12,"key":"SkillPotion"},{"floor":14,"key":"ColorlessPotion"},{"floor":18,"key":"champ:CounterPotion"},{"floor":29,"key":"Block Potion"},{"floor":35,"key":"jedi:StrikingPotion"},{"floor":42,"key":"BlessingOfTheForge"},{"floor":47,"key":"StSShapeShifter:PolyBeastPotion"}],"is_trial":false,"path_per_floor":["M","M","$","?","M","R","E","R","T","M","E","M","M","E","R","B",null,"M","M","?","$","?","E","R","?","T","M","M","E","M","AVR","R","B",null,"M","?","M","M","AVR","R","M","M","MIM","$","E","R","E","?","R","B",null,"R","$","E","B",null],"character_chosen":"SHAPESHIFTER","items_purchased":["StSShapeShifter:EmeraldPantherFigurine","StSShapeShifter:PoisonIvy+1","StSShapeShifter:VineHandcuffs+1","Chemical X","StSShapeShifter:FesteringBite+1","Meat on the Bone","SpeedPotion","StSShapeShifter:Ensconce+1","hubris:EmptyBottle","SkillPotion","Dexterity Potion","SteroidPotion"],"campfire_rested":6,"item_purchase_floors":[3,3,3,3,21,44,44,53,53,53,53,53],"current_hp_per_floor":[49,49,49,36,36,36,35,50,50,50,50,50,50,50,50,50,50,50,50,43,43,43,20,36,36,36,36,38,34,37,37,55,40,64,64,64,67,39,39,59,66,78,81,81,74,86,88,70,93,95,95,95,95,103,98],"gold":77,"neow_bonus":"TEN_PERCENT_HP_BONUS","is_daily":false,"chose_seed":false,"campfire_upgraded":2,"win_rate":0.0,"timestamp":1613597130,"path_taken":["M","M","$","?","M","R","E","R","T","?","E","?","M","E","R","BOSS","M","M","?","$","?","E","R","?","T","?","M","E","?","AVR","R","BOSS","M","?","M","M","AVR","R","M","M","MIM","$","E","R","E","?","R","BOSS","R","$","E","BOSS"],"items_purchased_type":["Relic","Card","Card","Relic","Card","Relic","Potion","Card","Relic","Potion","Potion","Potion"],"build_version":"2020-12-22","purchased_purges":6,"victory":true,"max_hp_per_floor":[50,50,50,50,50,50,50,50,50,50,50,50,50,50,50,50,50,50,50,55,55,55,55,55,55,55,55,57,59,62,62,62,64,64,64,64,67,69,69,69,71,83,85,82,86,86,93,93,93,95,95,95,95,103,107],"card_choices":[{"not_picked":["StSShapeShifter:BloomingSlash+1","StSShapeShifter:FallingLeaves+1"],"picked":"StSShapeShifter:BarkSkin+1","floor":1},{"not_picked":["StSShapeShifter:ShiftingStrike+1","StSShapeShifter:IntimidatingAura+1"],"picked":"StSShapeShifter:BloomingSlash+1","floor":2},{"not_picked":["StSShapeShifter:CursedApple+1","StSShapeShifter:BulwarkOfDiscovery+1"],"picked":"StSShapeShifter:RockSlide+1","floor":5},{"not_picked":["StSShapeShifter:BurrBomb+1","StSShapeShifter:FlowerShield+1"],"picked":"StSShapeShifter:BurstingSpore+1","floor":7},{"not_picked":["StSShapeShifter:Guard+1","StSShapeShifter:PantherForm+1","StSShapeShifter:FallingLeaves+1"],"picked":"SKIP","floor":10},{"not_picked":["StSShapeShifter:BearForm+1","StSShapeShifter:BladeOfGrass+1"],"picked":"StSShapeShifter:WaspSwarmForm+1","floor":11},{"not_picked":["StSShapeShifter:FlowerShield+1","StSShapeShifter:Rest+1"],"picked":"StSShapeShifter:DeepWound+1","floor":12},{"not_picked":["StSShapeShifter:Garden+1","StSShapeShifter:Rest+1"],"picked":"StSShapeShifter:Spring+1","floor":13},{"not_picked":["StSShapeShifter:FlowerShield+1","StSShapeShifter:MagicMushrooms+1"],"picked":"StSShapeShifter:BaskInBloom+1","floor":14},{"not_picked":["StSShapeShifter:SquirrelForm+1","StSShapeShifter:OakBlade+1","StSShapeShifter:RatForm+1"],"picked":"SKIP","floor":18},{"not_picked":["StSShapeShifter:ShiftingStrike+1","StSShapeShifter:LionForm+1"],"picked":"StSShapeShifter:FoxForm+1","floor":19},{"not_picked":["StSShapeShifter:Rest+1","StSShapeShifter:BearForm+1","StSShapeShifter:RockSlide+1"],"picked":"SKIP","floor":23},{"not_picked":["Replay:Bootleg Shield Generator+1","Discovery+1"],"picked":"conspire:Banana+1","floor":25},{"not_picked":["StSShapeShifter:SunflowerShuriken+1","StSShapeShifter:DeerForm+1","StSShapeShifter:FoxForm+1"],"picked":"SKIP","floor":27},{"not_picked":["StSShapeShifter:OakBlade+1","StSShapeShifter:RaptorForm+1","StSShapeShifter:FesteringBite+1"],"picked":"SKIP","floor":28},{"not_picked":["StSShapeShifter:SunflowerShuriken+1","StSShapeShifter:IntimidatingAura+1","StSShapeShifter:MagicMushrooms+1"],"picked":"SKIP","floor":29},{"not_picked":["StSShapeShifter:Rest+1","StSShapeShifter:Flood+1","StSShapeShifter:PoisonIvy+1"],"picked":"SKIP","floor":30},{"not_picked":["StSShapeShifter:BurstingSpore+1","StSShapeShifter:OakBlade+1","StSShapeShifter:VineHandcuffs+1"],"picked":"SKIP","floor":35},{"not_picked":["StSShapeShifter:ThornToss+1","StSShapeShifter:BloomingSlash+1","StSShapeShifter:BurstingSpore+1"],"picked":"SKIP","floor":37},{"not_picked":["StSShapeShifter:AdaptiveStrikes+1","StSShapeShifter:FesteringBite+1","StSShapeShifter:Flood+1"],"picked":"SKIP","floor":38},{"not_picked":["StSShapeShifter:FesteringBite+1","StSShapeShifter:VineHandcuffs+1"],"picked":"StSShapeShifter:ReplenishingNectar+1","floor":41},{"not_picked":["StSShapeShifter:RockSlide+1","StSShapeShifter:Guard+1"],"picked":"StSShapeShifter:WolfsBane+1","floor":42},{"not_picked":["StSShapeShifter:MonkeyForm+1","StSShapeShifter:RatForm+1","StSShapeShifter:PoisonIvy+1"],"picked":"SKIP","floor":45},{"not_picked":["StSShapeShifter:SpiritOfTheEarth+1","StSShapeShifter:WiltingWrath+1","StSShapeShifter:OwlForm+1"],"picked":"SKIP","floor":47},{"not_picked":["StSShapeShifter:ThornToss+1","StSShapeShifter:AdaptiveStrikes+1","StSShapeShifter:WolfForm+1"],"picked":"SKIP","floor":54}],"player_experience":3300572,"relics_obtained":[{"floor":7,"key":"Mercury Hourglass"},{"floor":11,"key":"trackpad:PetRock"},{"floor":14,"key":"Oddly Smooth Stone"},{"floor":23,"key":"ReplayTheSpireMod:Shallot"},{"floor":26,"key":"reliquary:Boomerang"},{"floor":29,"key":"infinitespire:Beetle Shell"},{"floor":43,"key":"hubris:FunFungus"},{"floor":45,"key":"Whetstone"},{"floor":47,"key":"Du-Vu Doll"},{"floor":54,"key":"Blue Doll"}],"event_choices":[{"damage_healed":0,"gold_gain":0,"player_choice":"Simplicity","damage_taken":0,"max_hp_gain":0,"max_hp_loss":10,"event_name":"betterThird:BetterWriting","floor":0,"gold_loss":0},{"damage_healed":0,"gold_gain":0,"player_choice":"RE ","damage_taken":15,"relics_obtained":["conspire:TopHat"],"max_hp_gain":0,"max_hp_loss":0,"event_name":"betterSkull:BetterSkull","floor":4,"gold_loss":0,"cards_upgraded":[]},{"damage_healed":0,"gold_gain":0,"player_choice":"Sacrifice","damage_taken":12,"max_hp_gain":5,"max_hp_loss":0,"event_name":"Elementarium:RadiantAltar","floor":20,"gold_loss":0},{"damage_healed":0,"gold_gain":0,"player_choice":"Ignored","damage_taken":0,"max_hp_gain":0,"max_hp_loss":0,"event_name":"Elementarium:ElementalBlades","floor":22,"gold_loss":0},{"damage_healed":0,"gold_gain":0,"player_choice":"2","damage_taken":0,"max_hp_gain":0,"max_hp_loss":0,"event_name":"betterMatch:BetterMatch","floor":25,"gold_loss":0,"cards_obtained":["betterMatch:ColorlessUncommonCard"]},{"damage_healed":0,"gold_gain":3,"player_choice":"2","damage_taken":0,"max_hp_gain":0,"max_hp_loss":18,"event_name":"betterStone:BetterStone","floor":48,"gold_loss":0}],"is_beta":false,"boss_relics":[{"not_picked":["Abe\u0027s Treasure","ReplayTheSpireMod:DimensionalGlitch"],"picked":"hubris:ScarierMask"},{"not_picked":["Fusion Hammer","Velvet Choker"],"picked":"conspire:SlowCooker"}],"items_purged_floors":[3,21,21,31,39,44],"is_endless":false,"potions_floor_spawned":[5,10,12,14,18,29,35,42,47],"ascension_level":1}}