{"host":"Doisman","time":1613576890,"event":{"mods":["AchievementEnabler","BaseMod","Better Note","Curses Come First","Minty Spire (QoL Compilation)","Permanent Neow","Quick Restart","Relic Stats","Replay The Spire","StSLib","slay the spire mod where everything is the same but ironclad has a cowboy hat"],"gold_per_floor":[118,132,151,226,226,226,257,257,282,282,282,307,318,318,318,423,423,435,452,465,465,482,510,84,98,98,130,130,130,130,145,145,240,240,253,60,112,122,46,46,78,28,28,28,28],"floor_reached":44,"language":"ENG","playtime":1840,"items_purged":["Strike_P","Strike_P","Replay:Hum+1"],"score":561,"play_id":"5e97435b-6bd9-4ff7-b518-6d82548e6df1","local_time":"20210217094810","is_ascension_mode":true,"campfire_choices":[{"data":"FlurryOfBlows","floor":6,"key":"SMITH"},{"data":"Vigilance","floor":8,"key":"SMITH"},{"data":"Prostrate","floor":10,"key":"SMITH"},{"data":"Replay:Hum","floor":15,"key":"SMITH"},{"data":"MentalFortress","floor":28,"key":"SMITH"},{"floor":32,"key":"REST"},{"floor":40,"key":"REST"}],"circlet_count":0,"master_deck":["Defend_P","Defend_P","Defend_P","Eruption+1","Vigilance+1","ClearTheMind+1","FlurryOfBlows+1","Prostrate+1","CrushJoints+1","Prostrate+1","Ragnarok+1","Pray+1","CutThroughFate+1","FlyingSleeves+1","DevaForm+1","MentalFortress","Evaluate","TalkToTheHand+1","Perseverance+1","MentalFortress+1","DeusExMachina","Evaluate+1","FlurryOfBlows+1","CutThroughFate+1","MentalFortress"],"relics":["Empty Cage","Strawberry","Bag of Preparation","Molten Egg 2","Sozu","Bird Faced Urn","Guide Book","Darkstone Periapt","Smiling Mask","Replay:Wax Seal","Ring of Chaos","Bag of Marbles","StoneCalendar","Ice Cream","ReplayTheSpireMod:Shallot"],"acts_visited":["Exordium","TheCity","TheBeyond"],"potions_floor_usage":[7,19,27],"damage_taken":[{"damage":2,"enemies":"2 Louse","floor":1,"turns":4},{"damage":1,"enemies":"Jaw Worm","floor":2,"turns":3},{"damage":7,"enemies":"Small Slimes","floor":3,"turns":3},{"damage":0,"enemies":"Gremlin Nob","floor":7,"turns":2},{"damage":8,"enemies":"Replay:BlueRogue","floor":12,"turns":7},{"damage":1,"enemies":"Exordium Thugs","floor":13,"turns":3},{"damage":33,"enemies":"The Guardian","floor":16,"turns":7},{"damage":0,"enemies":"Spheric Guardian","floor":18,"turns":2},{"damage":0,"enemies":"2 Thieves","floor":19,"turns":1},{"damage":0,"enemies":"Cultist and Chosen","floor":20,"turns":4},{"damage":12,"enemies":"Chosen and Byrds","floor":22,"turns":4},{"damage":2,"enemies":"Replay:Snechameleon","floor":23,"turns":4},{"damage":0,"enemies":"Snecko","floor":25,"turns":3},{"damage":24,"enemies":"Slavers","floor":27,"turns":6},{"damage":7,"enemies":"3 Cultists","floor":31,"turns":5},{"damage":47,"enemies":"Automaton","floor":33,"turns":10},{"damage":0,"enemies":"3 Shapes","floor":35,"turns":2},{"damage":67,"enemies":"2 Orb Walkers","floor":37,"turns":6},{"damage":0,"enemies":"Orb Walker","floor":38,"turns":2},{"damage":0,"enemies":"R_Hoarder","floor":41,"turns":9},{"damage":67,"enemies":"Reptomancer","floor":44,"turns":3}],"seed_played":"1181925287117134","potions_obtained":[{"floor":1,"key":"BottledMiracle"},{"floor":3,"key":"AttackPotion"},{"floor":7,"key":"FearPotion"}],"is_trial":false,"path_per_floor":["M","M","M","?","?","R","E","R","T","R","?","E","M","?","R","B",null,"M","M","M","?","M","E","$","M","T","E","R","?","?","M","R","B",null,"M","$","?","M","$","R","E","$","T","E"],"character_chosen":"WATCHER","items_purchased":["TalkToTheHand+1","Perseverance+1","MentalFortress","Guide Book","Bag of Marbles","FlurryOfBlows+1","CutThroughFate+1"],"campfire_rested":2,"item_purchase_floors":[24,24,24,24,36,39,39],"current_hp_per_floor":[70,69,62,51,37,37,44,44,44,44,44,36,35,35,35,2,79,79,79,79,79,67,65,65,67,67,47,47,47,47,46,69,28,79,79,79,18,20,20,43,49,49,49,0,0],"gold":28,"neow_bonus":"BOSS_RELIC","is_daily":false,"chose_seed":false,"campfire_upgraded":5,"win_rate":0.0,"timestamp":1613576890,"path_taken":["M","M","M","?","?","R","E","R","T","R","?","E","M","?","R","BOSS","M","M","M","?","M","E","$","M","T","E","R","?","?","M","R","BOSS","M","?","?","M","$","R","E","?","T","E"],"items_purchased_type":["Card","Card","Card","Relic","Relic","Card","Card"],"build_version":"2020-12-18","purchased_purges":3,"victory":false,"max_hp_per_floor":[72,72,72,72,72,72,79,79,79,79,79,79,79,79,79,79,79,79,79,79,79,79,79,79,79,79,79,79,79,79,79,79,79,79,79,79,79,79,79,79,79,79,79,79,79],"relic_stats":{"Sozu":5,"Darkstone Periapt":0,"counters":[21,90],"Bird Faced Urn":[38],"StoneCalendar":[52],"Bag of Preparation":[35],"Smiling Mask":125,"obtain_stats":[{"Darkstone Periapt":26,"Ice Cream":41,"Guide Book":24,"StoneCalendar":37,"Ring of Chaos":34,"Bag of Preparation":9,"Empty Cage":0,"Smiling Mask":27,"Sozu":17,"ReplayTheSpireMod:Shallot":43,"Strawberry":7,"Bird Faced Urn":23,"Molten Egg 2":12,"Bag of Marbles":36,"PureWater":0,"Replay:Wax Seal":30},{"Darkstone Periapt":13,"Ice Cream":20,"Guide Book":12,"StoneCalendar":18,"Ring of Chaos":16,"Bag of Preparation":4,"Empty Cage":0,"Smiling Mask":14,"Sozu":7,"ReplayTheSpireMod:Shallot":20,"Strawberry":4,"Bird Faced Urn":12,"Molten Egg 2":5,"Bag of Marbles":17,"PureWater":0,"Replay:Wax Seal":14},{"Darkstone Periapt":47,"Ice Cream":87,"Guide Book":44,"StoneCalendar":76,"Ring of Chaos":68,"Bag of Preparation":12,"Empty Cage":0,"Smiling Mask":53,"Sozu":29,"ReplayTheSpireMod:Shallot":87,"Strawberry":12,"Bird Faced Urn":44,"Molten Egg 2":19,"Bag of Marbles":70,"PureWater":0,"Replay:Wax Seal":53}]},"card_choices":[{"not_picked":["SashWhip","Study"],"picked":"Replay:Hum","floor":1},{"not_picked":["Collect","Evaluate"],"picked":"ClearTheMind","floor":2},{"not_picked":["Evaluate","EmptyFist"],"picked":"FlurryOfBlows","floor":3},{"not_picked":["InnerPeace","MasterReality"],"picked":"Prostrate","floor":7},{"not_picked":["Weave+1","Replay:Cycle"],"picked":"CrushJoints+1","floor":12},{"not_picked":["PathToVictory","Replay:ManipulateFuture"],"picked":"Prostrate","floor":13},{"not_picked":["Replay:LoomingThreat","Vault"],"picked":"Ragnarok+1","floor":16},{"not_picked":["SandsOfTime+1","Replay:Hum"],"picked":"Pray","floor":18},{"not_picked":["FollowUp+1","ClearTheMind"],"picked":"CutThroughFate+1","floor":19},{"not_picked":["Conclude+1","Replay:AtTheReady"],"picked":"FlyingSleeves+1","floor":20},{"not_picked":["ForeignInfluence","ReachHeaven+1"],"picked":"MentalFortress","floor":22},{"not_picked":["FlurryOfBlows+1","Crescendo"],"picked":"Evaluate","floor":23},{"not_picked":["Perseverance","ThirdEye","SignatureMove+1"],"picked":"SKIP","floor":25},{"not_picked":["Sanctity+1","LikeWater","Halt"],"picked":"SKIP","floor":27},{"not_picked":["SpiritShield","WaveOfTheHand","SignatureMove+1"],"picked":"SKIP","floor":31},{"not_picked":["ConjureBlade","Judgement"],"picked":"DeusExMachina","floor":33},{"not_picked":["EmptyBody","EmptyFist+1","CrushJoints+1"],"picked":"SKIP","floor":35},{"not_picked":["Replay:DivineShield+1","FlyingSleeves+1"],"picked":"Evaluate+1","floor":37},{"not_picked":["EmptyBody","Replay:Hum+1","CrushJoints+1"],"picked":"SKIP","floor":38},{"not_picked":["Pray","SignatureMove+1"],"picked":"MentalFortress","floor":41}],"player_experience":745954,"relics_obtained":[{"floor":7,"key":"Strawberry"},{"floor":9,"key":"Bag of Preparation"},{"floor":12,"key":"Molten Egg 2"},{"floor":23,"key":"Bird Faced Urn"},{"floor":26,"key":"Darkstone Periapt"},{"floor":27,"key":"Smiling Mask"},{"floor":37,"key":"StoneCalendar"},{"floor":41,"key":"Ice Cream"},{"floor":43,"key":"ReplayTheSpireMod:Shallot"}],"event_choices":[{"damage_healed":0,"gold_gain":75,"player_choice":"Gather Gold","damage_taken":11,"max_hp_gain":0,"max_hp_loss":0,"event_name":"World of Goop","floor":4,"gold_loss":0},{"damage_healed":0,"gold_gain":0,"player_choice":"Entered Light","damage_taken":14,"max_hp_gain":0,"max_hp_loss":0,"event_name":"Shining Light","floor":5,"gold_loss":0,"cards_upgraded":["Eruption","ClearTheMind"]},{"cards_removed":["Strike_P"],"damage_healed":0,"gold_gain":0,"player_choice":"Forget","damage_taken":0,"max_hp_gain":0,"max_hp_loss":0,"event_name":"Living Wall","floor":11,"gold_loss":0},{"damage_healed":0,"gold_gain":0,"player_choice":"Upgraded","damage_taken":0,"max_hp_gain":0,"max_hp_loss":0,"event_name":"Upgrade Shrine","floor":14,"gold_loss":0,"cards_upgraded":["Prostrate"]},{"damage_healed":0,"gold_gain":0,"player_choice":"1 cards matched","damage_taken":0,"max_hp_gain":0,"max_hp_loss":0,"event_name":"Match and Keep!","floor":21,"gold_loss":0,"cards_obtained":["DevaForm"]},{"damage_healed":0,"gold_gain":0,"player_choice":"Ignored","damage_taken":0,"max_hp_gain":0,"max_hp_loss":0,"event_name":"betterNote:BetterNote","floor":29,"gold_loss":0,"cards_obtained":["Die Die Die"]},{"damage_healed":0,"gold_gain":0,"player_choice":"Opened","damage_taken":0,"relics_obtained":["Replay:Wax Seal"],"max_hp_gain":0,"max_hp_loss":0,"event_name":"The Mausoleum","floor":30,"gold_loss":0},{"damage_healed":0,"gold_gain":0,"player_choice":"Fight","damage_taken":0,"max_hp_gain":0,"max_hp_loss":0,"event_name":"Mysterious Sphere","floor":37,"gold_loss":0}],"is_beta":true,"boss_relics":[{"not_picked":["VioletLotus","Busted Crown"],"picked":"Sozu"},{"not_picked":["Tiny House","Snecko Eye"],"picked":"Ring of Chaos"}],"items_purged_floors":[24,36,42],"is_endless":false,"potions_floor_spawned":[1,3,7,18,20,33,38,41],"killed_by":"Reptomancer","ascension_level":1}}