{"host":"7wi4qgm5yw4j7oz0","time":1613581444,"event":{"mods":["AchievementEnabler","BaseMod","Block Reminder","Colored Map","Colored Powertips","Highlight Path","Minty Spire (QoL Compilation)","Permanent Neow","Random Character Button","StSLib","everything is the same but u backflip on backflip"],"gold_per_floor":[113,63,82,93,103,103,69,69,69,69,89,89,102,102,102,197,197,215,415,291,258,258,258],"floor_reached":22,"language":"KOR","playtime":874,"items_purged":["Strike_R"],"score":282,"play_id":"8f392836-2fae-491d-a84e-c46e09f82ba4","local_time":"20210218020404","is_ascension_mode":true,"campfire_choices":[{"data":"Shockwave","floor":6.0,"key":"SMITH"},{"data":"Warcry","floor":8.0,"key":"SMITH"},{"data":"Body Slam","floor":12.0,"key":"SMITH"},{"data":"Inflame","floor":15.0,"key":"SMITH"}],"circlet_count":0,"master_deck":["AscendersBane","Strike_R","Strike_R","Strike_R+1","Defend_R","Defend_R","Defend_R","Defend_R","Bash+1","Iron Wave","Shockwave+1","Dual Wield+1","Warcry+1","Inflame+1","Body Slam+1","Pommel Strike","Barricade","Feel No Pain","Armaments"],"relics":["Burning Blood","Runic Pyramid"],"acts_visited":["Exordium","TheCity"],"potions_floor_usage":[],"damage_taken":[{"damage":6.0,"enemies":"Cultist","floor":1.0,"turns":3.0},{"damage":8.0,"enemies":"Jaw Worm","floor":3.0,"turns":4.0},{"damage":2.0,"enemies":"Small Slimes","floor":4.0,"turns":4.0},{"damage":13.0,"enemies":"Looter","floor":5.0,"turns":4.0},{"damage":10.0,"enemies":"Red Slaver","floor":11.0,"turns":5.0},{"damage":7.0,"enemies":"Blue Slaver","floor":13.0,"turns":5.0},{"damage":33.0,"enemies":"The Guardian","floor":16.0,"turns":10.0},{"damage":22,"enemies":"Spheric Guardian","floor":18,"turns":4},{"damage":37,"enemies":"2 Thieves","floor":21,"turns":5},{"damage":23,"enemies":"Centurion and Healer","floor":22,"turns":4}],"seed_played":"-6850667445929571765","potions_obtained":[{"floor":3.0,"key":"BloodPotion"},{"floor":4.0,"key":"DistilledChaos"}],"is_trial":false,"path_per_floor":["M","?","M","M","M","R","$","R","T","?","M","R","M","?","R","B",null,"M","?","$","M","M"],"character_chosen":"IRONCLAD","items_purchased":["Inflame","Armaments"],"campfire_rested":0,"item_purchase_floors":[7,20],"current_hp_per_floor":[72,72,70,74,67,67,67,67,67,67,63,63,62,46,46,35,69,53,53,53,22,0,0],"gold":258,"neow_bonus":"UPGRADE_CARD","is_daily":false,"chose_seed":false,"campfire_upgraded":4,"win_rate":0.0,"timestamp":1613581444,"path_taken":["M","?","M","M","M","R","$","R","T","?","M","R","M","?","R","BOSS","M","?","$","M","?"],"items_purchased_type":["Card","Card"],"build_version":"2020-12-22","purchased_purges":1,"victory":false,"max_hp_per_floor":[80,80,80,80,80,80,80,80,80,80,80,80,80,80,80,80,80,80,80,80,80,80,80],"card_choices":[{"not_picked":["Sentinel","Rupture"],"picked":"Iron Wave","floor":1.0},{"not_picked":["Shrug It Off","Clash"],"picked":"Shockwave","floor":3.0},{"not_picked":["Power Through","Twin Strike"],"picked":"Dual Wield","floor":4.0},{"not_picked":["True Grit","Clash"],"picked":"Warcry","floor":5.0},{"not_picked":["Battle Trance","Havoc"],"picked":"Body Slam","floor":11.0},{"not_picked":["Infernal Blade","Thunderclap"],"picked":"Pommel Strike","floor":13.0},{"not_picked":["Exhume","Fiend Fire"],"picked":"Barricade","floor":16.0},{"not_picked":["Disarm","Sword Boomerang"],"picked":"Feel No Pain","floor":18},{"not_picked":["Armaments","Havoc","Warcry"],"picked":"SKIP","floor":21}],"player_experience":319525,"relics_obtained":[],"event_choices":[{"cards_removed":["Strike_R"],"damage_healed":0.0,"max_hp_gain":0.0,"max_hp_loss":0.0,"gold_gain":0.0,"event_name":"The Cleric","player_choice":"Card Removal","floor":2.0,"gold_loss":50.0,"damage_taken":0.0},{"damage_healed":0.0,"max_hp_gain":0.0,"max_hp_loss":0.0,"gold_gain":0.0,"event_name":"Scrap Ooze","player_choice":"Fled","floor":10.0,"gold_loss":0.0,"damage_taken":0.0},{"damage_healed":0.0,"max_hp_gain":0.0,"max_hp_loss":0.0,"gold_gain":0.0,"event_name":"Shining Light","player_choice":"Entered Light","floor":14.0,"gold_loss":0.0,"damage_taken":16.0,"cards_upgraded":["Strike_R","Dual Wield"]},{"damage_healed":0,"gold_gain":200,"player_choice":"Gold","damage_taken":0,"max_hp_gain":0,"max_hp_loss":0,"event_name":"Wheel of Change","floor":19,"gold_loss":0}],"is_beta":false,"boss_relics":[{"not_picked":["Pandora\u0027s Box","Empty Cage"],"picked":"Runic Pyramid"}],"items_purged_floors":[20],"is_endless":false,"potions_floor_spawned":[3,4,13],"killed_by":"Centurion and Healer","ascension_level":12}}