{"host":"a1eatafr7pisesky","time":1613569199,"event":{"mods":["AchievementEnabler","BaseMod","Colored Map","Keyboard Shortcuts","Minty Spire (QoL Compilation)","Say the Spire","StSLib","SuperFastMode","everything is the same but u backflip on backflip"],"gold_per_floor":[117,127,127,127,141,141,167,167,239,271,293,316,339,351,363,375,375],"floor_reached":16,"language":"KOR","playtime":302,"items_purged":[],"score":218,"play_id":"1c573b79-6f94-4bbb-83e8-9a3f4ed0bfc1","local_time":"20210217223959","is_ascension_mode":true,"campfire_choices":[{"floor":6,"key":"REST"},{"data":"Rampage","floor":8,"key":"SMITH"},{"data":"Blood for Blood","floor":15,"key":"SMITH"}],"circlet_count":0,"master_deck":["AscendersBane","Strike_R","Strike_R","Strike_R","Strike_R","Strike_R","Defend_R","Defend_R","Defend_R","Defend_R","Bash","Shrug It Off","Rampage+1","Brutality","Wild Strike","Feel No Pain","Blood for Blood+1"],"relics":["Burning Blood","Magic Flower","Akabeko","Ancient Tea Set","Question Card","MawBank"],"acts_visited":["Exordium"],"potions_floor_usage":[7,13,13],"damage_taken":[{"damage":12,"enemies":"Cultist","floor":1,"turns":4},{"damage":8,"enemies":"2 Louse","floor":2,"turns":2},{"damage":10,"enemies":"Small Slimes","floor":5,"turns":3},{"damage":32,"enemies":"Lagavulin","floor":7,"turns":5},{"damage":26,"enemies":"3 Sentries","floor":10,"turns":8},{"damage":1,"enemies":"Looter","floor":11,"turns":4},{"damage":13,"enemies":"2 Fungi Beasts","floor":12,"turns":3},{"damage":20,"enemies":"Gremlin Gang","floor":13,"turns":5},{"damage":24,"enemies":"Hexaghost","floor":16,"turns":8}],"seed_played":"-7427326461837070019","potions_obtained":[{"floor":5,"key":"FearPotion"},{"floor":7,"key":"Energy Potion"},{"floor":10,"key":"Energy Potion"}],"is_trial":false,"path_per_floor":["M","M","?","?","M","R","E","R","T","E","M","M","M","?","R","B"],"character_chosen":"IRONCLAD","items_purchased":[],"campfire_rested":1,"item_purchase_floors":[],"current_hp_per_floor":[47,48,43,48,47,71,48,48,48,31,39,35,24,24,24,0,0],"gold":375,"neow_bonus":"ONE_RARE_RELIC","is_daily":false,"chose_seed":false,"campfire_upgraded":2,"win_rate":0.0,"timestamp":1613569199,"path_taken":["M","?","?","?","M","R","E","R","T","E","M","M","M","?","R","BOSS"],"items_purchased_type":[],"build_version":"2020-12-22","purchased_purges":0,"victory":false,"max_hp_per_floor":[75,75,75,80,80,80,80,80,80,80,80,80,80,80,80,80,80],"card_choices":[{"not_picked":["Warcry","Clothesline"],"picked":"Shrug It Off","floor":1},{"not_picked":["True Grit","Fire Breathing"],"picked":"Rampage","floor":2},{"not_picked":["Headbutt","Flame Barrier","Havoc"],"picked":"SKIP","floor":5},{"not_picked":["Searing Blow","Warcry","Brutality"],"picked":"SKIP","floor":7},{"not_picked":["Searing Blow","Warcry","Brutality"],"picked":"SKIP","floor":7},{"not_picked":["Searing Blow","Warcry"],"picked":"Brutality","floor":7},{"not_picked":["Sword Boomerang","Headbutt","True Grit"],"picked":"Wild Strike","floor":10},{"not_picked":["Anger","Flex","Twin Strike"],"picked":"Feel No Pain","floor":11},{"not_picked":["Metallicize","Demon Form","Dropkick","Twin Strike"],"picked":"SKIP","floor":12},{"not_picked":["Seeing Red","Warcry","Havoc"],"picked":"Blood for Blood","floor":13}],"player_experience":465164,"relics_obtained":[{"floor":7,"key":"Ancient Tea Set"},{"floor":9,"key":"Question Card"},{"floor":10,"key":"MawBank"}],"event_choices":[{"damage_healed":0,"gold_gain":0,"player_choice":"Success","damage_taken":5,"relics_obtained":["Akabeko"],"max_hp_gain":0,"max_hp_loss":0,"event_name":"Scrap Ooze","floor":3,"gold_loss":0},{"damage_healed":0,"gold_gain":0,"player_choice":"Donut","damage_taken":0,"max_hp_gain":5,"max_hp_loss":0,"event_name":"Big Fish","floor":4,"gold_loss":0},{"damage_healed":0,"gold_gain":0,"player_choice":"Ignored","damage_taken":0,"max_hp_gain":0,"max_hp_loss":0,"event_name":"Shining Light","floor":14,"gold_loss":0}],"is_beta":false,"boss_relics":[],"items_purged_floors":[],"is_endless":false,"potions_floor_spawned":[5,7,10],"killed_by":"Hexaghost","ascension_level":19}}