{"host":"od06gsur5w60l0yz","time":1613604945,"event":{"mods":["BaseMod","Better Match","Better Third Choice","Colored Map","Dio Mod","Downfall","GifTheSpireLib","Googly Eyes","Hermit","Hubris","Minty Spire (QoL Compilation)","Reliquary","Replay The Spire","StSLib","The Cursed","The Forsaken","The Hierophant","The Necromancer","The Saiyan","The Senshi"],"gold_per_floor":[99,117,117,117,130,144,144,162,62,82,110,130,163,183,197,197,197,197],"floor_reached":16,"language":"ENG","playtime":1242,"items_purged":[],"score":116,"play_id":"5aa6c4c1-2378-4dea-9a3b-4f6150125b65","local_time":"20210217213545","is_ascension_mode":false,"campfire_choices":[{"floor":1,"key":"RECALL"},{"data":"champ:PreciseThrust","floor":9,"key":"SMITH"}],"circlet_count":0,"master_deck":["champ:Strike","champ:Strike","champ:Strike","champ:Strike","champ:Defend","champ:Defend","champ:Defend","champ:Defend","champ:Execute","champ:Taunt","champ:StanceDance","champ:PreciseThrust+1","champ:BringItOn","champ:GutPunch","champ:GladiatorForm","champ:SkillfulDodge"],"relics":["champ:ChampionCrown","hubris:Icosahedron","Kunai","downfall:HeartBlessingRed","reliquary:PartyBalloon","Smiling Mask"],"acts_visited":["Exordium"],"potions_floor_usage":[8,8,11],"damage_taken":[{"damage":7,"enemies":"2 Louse","floor":2,"turns":3},{"damage":5,"enemies":"Small Slimes","floor":5,"turns":5},{"damage":21,"enemies":"Jaw Worm","floor":6,"turns":3},{"damage":10,"enemies":"Exordium Wildlife","floor":8,"turns":5},{"damage":2,"enemies":"Lots of Slimes","floor":10,"turns":4},{"damage":18,"enemies":"Gremlin Nob","floor":11,"turns":4},{"damage":12,"enemies":"downfall:LooterAlt","floor":12,"turns":3},{"damage":40,"enemies":"Replay:BlueRogue","floor":13,"turns":6},{"damage":0,"enemies":"Blue Slaver","floor":14,"turns":3},{"damage":20,"enemies":"2 Fungi Beasts","floor":15,"turns":4},{"damage":76,"enemies":"WA_ARCHETYPE_RETAIN","floor":16,"turns":9}],"seed_played":"2879732880585605116","potions_obtained":[{"floor":2,"key":"Swift Potion"},{"floor":5,"key":"EssenceOfSteel"},{"floor":6,"key":"Fire Potion"}],"is_trial":false,"path_per_floor":["R","M","?","?","M","M","T","M","R","M","E","M","E","M","M","B"],"character_chosen":"THE_CHAMP","items_purchased":[],"campfire_rested":0,"item_purchase_floors":[],"current_hp_per_floor":[99,92,92,92,92,91,91,91,91,89,81,79,59,59,59,0,0,0],"gold":197,"neow_bonus":"TEN_PERCENT_HP_BONUS","is_daily":false,"chose_seed":false,"campfire_upgraded":1,"win_rate":0.0,"timestamp":1613604945,"path_taken":["R","M","?","?","M","M","T","M","R","M","E","M","E","M","M","BOSS"],"items_purchased_type":[],"build_version":"2020-12-22","purchased_purges":0,"victory":false,"max_hp_per_floor":[99,99,99,99,99,99,99,99,99,99,99,99,99,99,99,99,99,99],"card_choices":[{"not_picked":["champ:Haymaker","champ:RisingSlash"],"picked":"champ:StanceDance","floor":2},{"not_picked":["champ:BerserkersShout","champ:FlashCut"],"picked":"champ:PreciseThrust","floor":5},{"not_picked":["champ:CrownThrow","champ:BladeFlurry","champ:AdrenalArmor"],"picked":"SKIP","floor":6},{"not_picked":["champ:DeathBlow","champ:BladeFlurry"],"picked":"champ:BringItOn","floor":8},{"not_picked":["champ:PreciseThrust","champ:Backstep"],"picked":"champ:GutPunch","floor":10},{"not_picked":["champ:RisingSlash","champ:EndlessRage"],"picked":"champ:GladiatorForm","floor":11},{"not_picked":["champ:PerfectedStrike","champ:GutPunch","champ:BladeFlurry"],"picked":"SKIP","floor":12},{"not_picked":["champ:FlashCut","champ:FancyFootwork"],"picked":"champ:SkillfulDodge","floor":13},{"not_picked":["champ:BladeFlurry","champ:Haymaker","champ:PerfectedStrike"],"picked":"SKIP","floor":14},{"not_picked":["champ:DefensiveShout","champ:Circumvent","champ:StanceDance"],"picked":"SKIP","floor":15}],"player_experience":253296,"relics_obtained":[{"floor":7,"key":"Kunai"},{"floor":11,"key":"reliquary:PartyBalloon"},{"floor":13,"key":"Smiling Mask"}],"event_choices":[],"is_beta":false,"boss_relics":[],"items_purged_floors":[],"is_endless":false,"potions_floor_spawned":[2,5,6],"killed_by":"WA_ARCHETYPE_RETAIN","ascension_level":0}}