{"host":"kmd7yw11mgzs6kox","time":1613572589,"event":{"mods":["100% Spire Juice","ATMod(阿瑾Mod)","BaseMod","Decade(王小明)","Downfall","GungeonMod","Lobotomy","LobotomyExtend","Marisa（F雨　魔理沙）","Minty Spire (QoL Compilation)","Reliquary","Remilia（蕾米莉亚）","Replay The Spire","Shop Mod","StSLib","The Bladedancer","The Bug Knight","The Marked","The Poker Player","The Servant 0.9.4","TheWitcher","Waifu the Spire","WarShipGirlsR/战舰少女R mod","Warlord Emblem","Yakumo Yukari mod","Youmu（魂魄妖梦）","Yuri Mod","【遗物卡牌】REMEMod"],"gold_per_floor":[115,115,150,35,106,158,158,158,158,158,174,204,218,246,246,348,348,367,403,403,423,423,438,363,72,72,72,82,117,156,156,156],"floor_reached":31,"language":"ZHS","playtime":2520,"items_purged":["HeroicMonk"],"score":282,"play_id":"1a967241-458f-4aeb-9bbe-a255772b1173","local_time":"20210217223629","is_ascension_mode":false,"campfire_choices":[{"floor":7.0,"key":"REST"},{"data":"AT_OneInchPunch","floor":10.0,"key":"SMITH"},{"floor":15.0,"key":"REST"},{"data":"WarlordEmblem:HungeringCold","floor":27.0,"key":"SMITH"}],"circlet_count":0,"master_deck":["WarlordEmblem:RuneStrike","WarlordEmblem:RuneStrike","WarlordEmblem:RuneStrike","WarlordEmblem:RuneStrike","WarlordEmblem:Defend_DK","WarlordEmblem:Defend_DK","WarlordEmblem:Defend_DK","WarlordEmblem:Defend_DK","WarlordEmblem:RuneDefend","WarlordEmblem:RuneHeavyStrike","AT_OneInchPunch+1","WarlordEmblem:VoidStrike","HandOfGreed","WarlordEmblem:RuneRecover","WarlordEmblem:HungeringCold","WarlordEmblem:VoidDefend","WarlordEmblem:BodyStrike","WarlordEmblem:EvilSee","WarlordEmblem:RuneBlade","ShyLook","WarlordEmblem:HungeringCold+1","WarlordEmblem:VoidDefend+1","BlackArmy","WarlordEmblem:EvilSee+1","WarlordEmblem:BloodStrike","Wellcheers","WarlordEmblem:DeathShake+1","Pride","UniverseFragment","WarlordEmblem:RuneMultiplex","WarlordEmblem:NoLightShield","WhitesApple","WarlordEmblem:VoidStrike+1","Parasite","WarlordEmblem:WrathOfSindragosa+1","Woodsman","Funeral","WarlordEmblem:DeathContract","Parasite"],"relics":["WarlordEmblem:RuneSword","WarlordEmblem:BloodRealm","AT_ATBox","REME_ComplimentaryCards","CogitoBucket","LetterFromLob","REME_LimitBreaker","AT_SilvercatRing","Replay:Bottled Steam","AT_Kusabimaru","Black Star","BackwardClock","GreatHeart","Replay:Accelerometer"],"acts_visited":["Exordium","TheCity","DemoMod:Maze"],"potions_floor_usage":[30,31,31],"damage_taken":[{"damage":0.0,"enemies":"2 Louse","floor":1.0,"turns":2.0},{"damage":0.0,"enemies":"Cultist","floor":3.0,"turns":2.0},{"damage":30.0,"enemies":"3 Sentries","floor":6.0,"turns":6.0},{"damage":0.0,"enemies":"Jaw Worm","floor":11.0,"turns":1.0},{"damage":21.0,"enemies":"HollowMod:MossKnight","floor":12.0,"turns":5.0},{"damage":39.0,"enemies":"3 Louse","floor":13.0,"turns":6.0},{"damage":8.0,"enemies":"Lagavulin","floor":14.0,"turns":4.0},{"damage":21.0,"enemies":"Hexaghost","floor":16.0,"turns":8.0},{"damage":6.0,"enemies":"Shell Parasite","floor":18.0,"turns":2.0},{"damage":20.0,"enemies":"3 Byrds","floor":19.0,"turns":5.0},{"damage":80.0,"enemies":"Centurion and Healer","floor":21.0,"turns":11.0},{"damage":3.0,"enemies":"Snecko","floor":23.0,"turns":3.0},{"damage":36.0,"enemies":"DemoMod:Red_and_blue_shotgun_kin","floor":28.0,"turns":2.0},{"damage":20,"enemies":"DemoMod:Veteran_shot_gun_kin_and_red_shotgun_kin_with_gunsinger","floor":29,"turns":4},{"damage":32,"enemies":"DemoMod:Veteran_shot_gun_kin_and_blue_shotgun_kin_with_gunsinger","floor":30,"turns":5},{"damage":60,"enemies":"DemoMod:Veteran_shot_gun_kin_and_blue_shotgun_kin","floor":31,"turns":3}],"seed_played":"7877896810255569944","potions_obtained":[{"floor":8.0,"key":"Fruit Juice"},{"floor":8.0,"key":"LiquidBronze"},{"floor":8.0,"key":"SkillPotion"},{"floor":12.0,"key":"Elixir"},{"floor":13.0,"key":"ColorlessPotion"},{"floor":14.0,"key":"Fire Potion"},{"floor":19.0,"key":"CultistPotion"},{"floor":21.0,"key":"PowerPotion"},{"floor":28.0,"key":"PowerPotion"},{"floor":30,"key":"Block Potion"}],"is_trial":false,"path_per_floor":["M","?","M","$","?","E","R","?","T","R","M","E","M","E","R","B",null,"M","M","?","M","?","M","$","$","T","R","M","M","M","M"],"character_chosen":"DeathKnight","items_purchased":["DemoMod:GnawedKey","WarlordEmblem:NoLightShield","Replay:Accelerometer"],"campfire_rested":2,"item_purchase_floors":[4,25,25],"current_hp_per_floor":[80,80,80,80,80,56,80,85,85,85,85,64,31,23,48,32,85,79,65,65,7,7,16,16,16,85,85,59,52,40,0,0],"gold":156,"neow_bonus":"","is_daily":false,"chose_seed":false,"campfire_upgraded":2,"win_rate":0.0,"timestamp":1613572589,"path_taken":["M","?","M","?","?","E","R","?","T","R","?","E","M","E","R","BOSS","M","M","?","M","?","M","?","$","T","R","M","M","M","M"],"items_purchased_type":["Relic","Card","Relic"],"build_version":"2020-12-22","purchased_purges":1,"victory":false,"max_hp_per_floor":[80,80,80,80,80,80,80,85,85,85,85,85,85,85,85,85,85,85,85,85,85,85,85,85,85,85,85,85,85,85,85,85],"card_choices":[{"not_picked":["Wellcheers","DreamingCurrent"],"picked":"HeroicMonk","floor":1.0},{"not_picked":["WarlordEmblem:EvilPower","WarlordEmblem:HeartStrike"],"picked":"WarlordEmblem:VoidStrike","floor":1.0},{"not_picked":["WarlordEmblem:EvilWorm","WarlordEmblem:RuneRecast"],"picked":"WarlordEmblem:RuneRecover","floor":3.0},{"not_picked":["WarlordEmblem:RuneIndex","WarlordEmblem:FrostbiteStrike"],"picked":"WarlordEmblem:HungeringCold","floor":6.0},{"not_picked":["WarlordEmblem:CurseStrike","WarlordEmblem:LichBody"],"picked":"WarlordEmblem:VoidDefend","floor":11.0},{"not_picked":["WarlordEmblem:RuneRegen","WarlordEmblem:UndeadWill"],"picked":"WarlordEmblem:BodyStrike","floor":12.0},{"not_picked":["WarlordEmblem:RuneRecover","WarlordEmblem:FrozenWill"],"picked":"WarlordEmblem:EvilSee","floor":13.0},{"not_picked":["WarlordEmblem:Withstand","WarlordEmblem:ForceDeflexion"],"picked":"WarlordEmblem:RuneBlade","floor":14.0},{"not_picked":["VoidDream","LaLuna"],"picked":"ShyLook","floor":16.0},{"not_picked":["WarlordEmblem:RealmRider","WarlordEmblem:FrozenTouch"],"picked":"WarlordEmblem:HungeringCold","floor":16.0},{"not_picked":["MHz","PunishingBird","Scorched"],"picked":"Singing Bowl","floor":18.0},{"not_picked":["WarlordEmblem:RuneFocus+1","WarlordEmblem:FrozenChain"],"picked":"WarlordEmblem:VoidDefend+1","floor":18.0},{"not_picked":["MeatLantern","DespairKnight"],"picked":"BlackArmy","floor":19.0},{"not_picked":["WarlordEmblem:DiseaseCloud","WarlordEmblem:VoidDefend"],"picked":"WarlordEmblem:EvilSee+1","floor":19.0},{"not_picked":["CrumblingArmor","Variant"],"picked":"Wellcheers","floor":21.0},{"not_picked":["WarlordEmblem:EvilPower","WarlordEmblem:RuneBlade"],"picked":"WarlordEmblem:DeathShake+1","floor":21.0},{"not_picked":["Yin","VoidDream"],"picked":"UniverseFragment","floor":23.0},{"not_picked":["WarlordEmblem:VoidStrike","WarlordEmblem:DeathStrike"],"picked":"WarlordEmblem:RuneMultiplex","floor":23.0},{"not_picked":["Laetitia","Bloodbath"],"picked":"WhitesApple","floor":28.0},{"not_picked":["WarlordEmblem:RuneFocus+1","WarlordEmblem:DeathStrike"],"picked":"WarlordEmblem:VoidStrike+1","floor":28.0},{"not_picked":["WarlordEmblem:RuneBlade","WarlordEmblem:DeathCoil"],"picked":"WarlordEmblem:WrathOfSindragosa+1","floor":29},{"not_picked":["Murderer","SnowQueen"],"picked":"Woodsman","floor":29},{"not_picked":["GalaxyChild","LittleHelper"],"picked":"Funeral","floor":30},{"not_picked":["WarlordEmblem:BloodStrike","WarlordEmblem:RuneDiffer"],"picked":"WarlordEmblem:DeathContract","floor":30}],"player_experience":60231,"relics_obtained":[{"floor":1.0,"key":"LetterFromLob"},{"floor":6.0,"key":"REME_LimitBreaker"},{"floor":9.0,"key":"AT_SilvercatRing"},{"floor":12.0,"key":"Replay:Bottled Steam"},{"floor":14.0,"key":"AT_Kusabimaru"}],"event_choices":[{"damage_healed":0.0,"max_hp_gain":0.0,"max_hp_loss":0.0,"gold_gain":0.0,"event_name":"NoteForYourself","player_choice":"Ignored","floor":2.0,"gold_loss":0.0,"damage_taken":0.0},{"damage_healed":0.0,"max_hp_gain":0.0,"max_hp_loss":0.0,"gold_gain":71.0,"event_name":"Golden Wing","player_choice":"Gained Gold","floor":5.0,"gold_loss":0.0,"damage_taken":0.0},{"damage_healed":0.0,"max_hp_gain":0.0,"max_hp_loss":0.0,"gold_gain":0.0,"event_name":"Lab","player_choice":"Got Potions","floor":8.0,"gold_loss":0.0,"damage_taken":0.0},{"damage_healed":0.0,"max_hp_gain":0.0,"max_hp_loss":0.0,"gold_gain":0.0,"event_name":"The Library","player_choice":"Read","floor":20.0,"gold_loss":0.0,"damage_taken":0.0,"cards_obtained":["WarlordEmblem:BloodStrike"]}],"is_beta":false,"boss_relics":[{"not_picked":["Cursed Key","Philosopher\u0027s Stone"],"picked":"Black Star"}],"items_purged_floors":[24],"is_endless":false,"potions_floor_spawned":[12,13,14,19,21,28,30],"killed_by":"DemoMod:Veteran_shot_gun_kin_and_blue_shotgun_kin","ascension_level":0}}