{"host":"anwy0on6frka0i3a","time":1613602448,"event":{"mods":["AchievementEnabler","BaseMod","Colored Powertips","Highlight Path","Minty Spire (QoL Compilation)","Rare Cards Sparkle","Relic Sorter","Relic Stats","StSLib","Waifu the Spire"],"gold_per_floor":[119,134,36,36,36,36,36],"floor_reached":6,"language":"ENG","playtime":418,"items_purged":[],"score":56,"play_id":"b7fed693-b459-429c-a836-0bc0dbdbbf81","local_time":"20210217175408","is_ascension_mode":true,"campfire_choices":[],"circlet_count":0,"master_deck":["AscendersBane","Strike_P","Strike_P","Strike_P","Strike_P","Defend_P","Defend_P","Defend_P","Defend_P","Eruption","Vigilance","FollowUp","CrushJoints+1","ThirdEye","BattleHymn"],"relics":["Sozu","Tiny Chest"],"acts_visited":["Exordium"],"potions_floor_usage":[],"damage_taken":[{"damage":0,"enemies":"Small Slimes","floor":1,"turns":4},{"damage":0,"enemies":"2 Louse","floor":2,"turns":3},{"damage":66,"enemies":"Gremlin Nob","floor":6,"turns":3}],"seed_played":"3904845281017177966","potions_obtained":[],"is_trial":false,"path_per_floor":["M","M","$","?","?","E"],"character_chosen":"WATCHER","items_purchased":["ThirdEye","BattleHymn"],"campfire_rested":0,"item_purchase_floors":[3,3],"current_hp_per_floor":[65,65,65,65,58,0,0],"gold":36,"neow_bonus":"BOSS_RELIC","is_daily":false,"chose_seed":false,"campfire_upgraded":0,"win_rate":0.0,"timestamp":1613602448,"path_taken":["M","M","$","?","?","E"],"items_purchased_type":["Card","Card"],"build_version":"2020-12-22","purchased_purges":0,"victory":false,"max_hp_per_floor":[72,72,72,72,72,72,72],"relic_stats":{"Sozu":1,"counters":[3,10],"Tiny Chest":0,"obtain_stats":[{"Sozu":0,"Tiny Chest":5,"PureWater":0},{"Sozu":0,"Tiny Chest":2,"PureWater":0},{"Sozu":0,"Tiny Chest":7,"PureWater":0}]},"card_choices":[{"not_picked":["EmptyBody","EmptyFist"],"picked":"FollowUp","floor":1},{"not_picked":["Nirvana","Weave"],"picked":"CrushJoints","floor":2}],"player_experience":1451485,"relics_obtained":[],"event_choices":[{"damage_healed":0,"gold_gain":0,"player_choice":"Grow","damage_taken":0,"max_hp_gain":0,"max_hp_loss":0,"event_name":"Living Wall","floor":4,"gold_loss":0,"cards_upgraded":["CrushJoints"]},{"damage_healed":0,"gold_gain":0,"player_choice":"Success","damage_taken":7,"relics_obtained":["Tiny Chest"],"max_hp_gain":0,"max_hp_loss":0,"event_name":"Scrap Ooze","floor":5,"gold_loss":0}],"is_beta":false,"boss_relics":[],"items_purged_floors":[],"is_endless":false,"potions_floor_spawned":[2],"killed_by":"Gremlin Nob","ascension_level":13}}