{"host":"7e6a7vfmtx61a48y","time":1613530305,"event":{"mods":["BaseMod","Better Note","BetterRewards","Block Reminder","Colored Powertips","Curses Come First","Gremlin Skip","Hubris","Minty Spire (QoL Compilation)","Quick Restart","Rare Cards Sparkle","Reliquary","StSLib","SuperFastMode"],"gold_per_floor":[116,116,134,153,166,166,193,45,94,94,94,118,138,152,152,249,249,269,279,293,308,328,328,328,328],"floor_reached":24,"language":"ENG","playtime":1363,"items_purged":["Strike_R"],"score":323,"play_id":"a98d9328-8639-4ca2-b8fe-774802b07187","local_time":"20210217105145","is_ascension_mode":true,"campfire_choices":[{"data":"Rampage","floor":6,"key":"SMITH"},{"data":"Dagger Throw","floor":11,"key":"SMITH"},{"data":"Iron Wave","floor":15,"key":"SMITH"},{"floor":23,"key":"REST"}],"circlet_count":0,"master_deck":["AscendersBane","Strike_R","Strike_R","Strike_R","Strike_R","Defend_R","Defend_R","Defend_R","Defend_R","Bash","Iron Wave+1","Rampage+1","Blade Dance","Deflect","Deadly Poison","Dagger Throw+1","Bludgeon","Rage","Glass Knife"],"relics":["Burning Blood","hubris:DisguiseKit","Red Skull","hubris:Reverence","Lantern","reliquary:Aerogel","Mercury Hourglass","reliquary:Boomerang","Cursed Key"],"acts_visited":["Exordium","TheCity"],"potions_floor_usage":[7,16,16,20,24],"damage_taken":[{"damage":10,"enemies":"Small Slimes","floor":1,"turns":4},{"damage":9,"enemies":"Jaw Worm","floor":3,"turns":5},{"damage":2,"enemies":"2 Louse","floor":4,"turns":3},{"damage":4,"enemies":"Exordium Wildlife","floor":5,"turns":7},{"damage":16,"enemies":"3 Sentries","floor":7,"turns":7},{"damage":2,"enemies":"Exordium Thugs","floor":13,"turns":4},{"damage":8,"enemies":"Looter","floor":14,"turns":3},{"damage":25,"enemies":"The Guardian","floor":16,"turns":6},{"damage":0,"enemies":"Chosen","floor":18,"turns":4},{"damage":1,"enemies":"3 Byrds","floor":19,"turns":4},{"damage":51,"enemies":"Shelled Parasite and Fungi","floor":20,"turns":5},{"damage":19,"enemies":"Snake Plant","floor":21,"turns":2},{"damage":0,"enemies":"Chosen and Byrds","floor":22,"turns":4},{"damage":49,"enemies":"Gremlin Leader","floor":24,"turns":6}],"seed_played":"-5065607392259637747","potions_obtained":[{"floor":1,"key":"FearPotion"},{"floor":3,"key":"PowerPotion"},{"floor":7,"key":"DistilledChaos"},{"floor":19,"key":"Fire Potion"},{"floor":21,"key":"SpeedPotion"}],"is_trial":false,"path_per_floor":["M","?","M","M","M","R","E","$","T","T","R","T","M","M","R","B",null,"M","M","M","M","M","R","E"],"character_chosen":"IRONCLAD","items_purchased":["hubris:DisguiseKit","Red Skull","Iron Wave","Lantern"],"campfire_rested":1,"item_purchase_floors":[0,0,0,8],"current_hp_per_floor":[68,68,65,69,71,71,61,61,61,61,61,61,65,63,63,44,71,77,80,35,22,28,52,3,3],"gold":328,"neow_bonus":"","is_daily":false,"chose_seed":false,"campfire_upgraded":3,"win_rate":0.0,"timestamp":1613530305,"path_taken":["M","?","M","M","M","R","E","$","T","?","R","?","M","M","R","BOSS","M","M","M","M","M","R","E"],"items_purchased_type":["Relic","Relic","Card","Relic"],"build_version":"2020-12-22","purchased_purges":1,"victory":false,"max_hp_per_floor":[80,80,80,80,80,80,80,80,80,80,80,80,80,80,80,80,80,80,80,80,80,80,80,80,80],"card_choices":[{"not_picked":["Inflame","Blood for Blood","Prepared"],"picked":"Rampage","floor":1},{"not_picked":["hubris:SharpeningStone","Twin Strike","Uppercut"],"picked":"Blade Dance","floor":3},{"not_picked":["Power Through","Perfected Strike","hubris:ReadiedAction"],"picked":"Deflect","floor":4},{"not_picked":["Sentinel","Sever Soul","Havoc"],"picked":"Deadly Poison","floor":5},{"not_picked":["Shrug It Off","Heavy Blade","Perfected Strike"],"picked":"Dagger Throw","floor":7},{"not_picked":["Perfected Strike","Headbutt","Shrug It Off","Blade Dance"],"picked":"SKIP","floor":13},{"not_picked":["Anger","Infernal Blade","Iron Wave","Tactician"],"picked":"SKIP","floor":14},{"not_picked":["Corruption","Brutality","Storm of Steel"],"picked":"Bludgeon","floor":16},{"not_picked":["Body Slam","Twin Strike","Cleave","Deflect"],"picked":"SKIP","floor":18},{"not_picked":["Second Wind","Reckless Charge","Outmaneuver"],"picked":"Rage","floor":19},{"not_picked":["Searing Blow","Rage","Body Slam+1"],"picked":"Glass Knife","floor":20},{"not_picked":["Twin Strike","Shrug It Off","Entrench","Footwork"],"picked":"SKIP","floor":21},{"not_picked":["hubris:ReadiedAction","Infernal Blade","Metallicize","Doppelganger"],"picked":"SKIP","floor":22}],"player_experience":367446,"relics_obtained":[{"floor":7,"key":"hubris:Reverence"},{"floor":9,"key":"reliquary:Aerogel"},{"floor":10,"key":"Mercury Hourglass"},{"floor":12,"key":"reliquary:Boomerang"}],"event_choices":[{"damage_healed":0,"gold_gain":0,"player_choice":"Ignored","damage_taken":0,"max_hp_gain":0,"max_hp_loss":0,"event_name":"Liars Game","floor":2,"gold_loss":0}],"is_beta":false,"boss_relics":[{"not_picked":["hubris:GrandSneckoEye","Philosopher\u0027s Stone"],"picked":"Cursed Key"}],"items_purged_floors":[0],"is_endless":false,"potions_floor_spawned":[1,3,7,19,21],"killed_by":"Gremlin Leader","ascension_level":12}}