{"host":"y36bp6mnm73x3iob","time":1613581027,"event":{"mods":["2.2 Compatiblity","BaseMod","Bossed Relics","GifTheSpireLib","Hermit","Minty Spire (QoL Compilation)","Reliquary","StSLib"],"gold_per_floor":[110,122,122,133,171,171,171,171,171,22,41,60,138,189,189,288,288,288,288],"floor_reached":18,"language":"ENG","playtime":834,"items_purged":[],"score":275,"play_id":"f134032b-3d47-4c80-9bcd-14745b14ff94","local_time":"20210217185707","is_ascension_mode":true,"campfire_choices":[{"data":"True Grit","floor":6,"key":"SMITH"},{"data":"Bash","floor":8,"key":"SMITH"},{"data":"True Grit","floor":15,"key":"SMITH"}],"circlet_count":0,"master_deck":["AscendersBane","Strike_R","Strike_R","Strike_R","Strike_R","Strike_R","Defend_R","Defend_R","Defend_R","Defend_R","Bash+1","Transmutation+1","Armaments+1","Shrug It Off","True Grit+1","Fire Breathing","Evolve","Reckless Charge","True Grit+1","Feel No Pain","Second Wind","Barricade"],"relics":["Burning Blood","Akabeko","Cursed Key"],"acts_visited":["Exordium","TheCity"],"potions_floor_usage":[4,5,14,16,18],"damage_taken":[{"damage":16,"enemies":"2 Louse","floor":1,"turns":4},{"damage":5,"enemies":"Cultist","floor":2,"turns":4},{"damage":2,"enemies":"Jaw Worm","floor":4,"turns":5},{"damage":13,"enemies":"Blue Slaver","floor":5,"turns":4},{"damage":18,"enemies":"Lots of Slimes","floor":11,"turns":6},{"damage":4,"enemies":"Large Slime","floor":12,"turns":5},{"damage":3,"enemies":"3 Sentries","floor":14,"turns":5},{"damage":28,"enemies":"The Guardian","floor":16,"turns":14},{"damage":59,"enemies":"3 Byrds","floor":18,"turns":5}],"seed_played":"-2664086419118634931","potions_obtained":[{"floor":2,"key":"Swift Potion"},{"floor":4,"key":"ColorlessPotion"},{"floor":5,"key":"GamblersBrew"},{"floor":12,"key":"Block Potion"},{"floor":16,"key":"SpeedPotion"}],"is_trial":false,"path_per_floor":["M","M","?","M","M","R","?","R","T","$","M","M","?","E","R","B",null,"M"],"character_chosen":"IRONCLAD","items_purchased":["Evolve","Reckless Charge"],"campfire_rested":0,"item_purchase_floors":[10,10],"current_hp_per_floor":[40,41,41,45,38,38,38,38,38,38,26,28,28,31,31,9,59,0,0],"gold":288,"neow_bonus":"RANDOM_COLORLESS_2","is_daily":false,"chose_seed":false,"campfire_upgraded":3,"win_rate":0.0,"timestamp":1613581027,"path_taken":["M","M","?","M","M","R","?","R","T","$","M","?","?","E","R","BOSS","M"],"items_purchased_type":["Card","Card"],"build_version":"2020-12-22","purchased_purges":0,"victory":false,"max_hp_per_floor":[75,75,75,75,75,75,75,75,75,75,75,75,75,75,75,75,75,75,75],"card_choices":[{"not_picked":["Sadistic Nature","Magnetism"],"picked":"Transmutation","floor":0},{"not_picked":["Reckless Charge","Pommel Strike"],"picked":"Armaments","floor":1},{"not_picked":["Thunderclap","Dark Embrace"],"picked":"Shrug It Off","floor":2},{"not_picked":["Ghostly Armor","Second Wind"],"picked":"True Grit","floor":4},{"not_picked":["Intimidate","Thunderclap"],"picked":"Fire Breathing","floor":5},{"not_picked":["Iron Wave","Heavy Blade"],"picked":"True Grit","floor":11},{"not_picked":["Clothesline","True Grit"],"picked":"Feel No Pain","floor":12},{"not_picked":["Sword Boomerang","Pommel Strike"],"picked":"Second Wind","floor":14},{"not_picked":["Feed","Fiend Fire"],"picked":"Barricade","floor":16}],"player_experience":558581,"relics_obtained":[{"floor":9,"key":"Akabeko"}],"event_choices":[{"damage_healed":0,"gold_gain":0,"player_choice":"Grow","damage_taken":0,"max_hp_gain":0,"max_hp_loss":0,"event_name":"Living Wall","floor":3,"gold_loss":0,"cards_upgraded":["Armaments"]},{"damage_healed":0,"gold_gain":0,"player_choice":"Upgraded","damage_taken":0,"max_hp_gain":0,"max_hp_loss":0,"event_name":"Upgrade Shrine","floor":7,"gold_loss":0,"cards_upgraded":["Transmutation"]},{"damage_healed":0,"gold_gain":78,"player_choice":"Gained Gold","damage_taken":0,"max_hp_gain":0,"max_hp_loss":0,"event_name":"Golden Wing","floor":13,"gold_loss":0}],"is_beta":false,"boss_relics":[{"not_picked":["Ectoplasm","reliquary:RedCape"],"picked":"Cursed Key"}],"items_purged_floors":[],"is_endless":false,"potions_floor_spawned":[2,4,5,12,16],"killed_by":"3 Byrds","ascension_level":14}}