{"host":"a1eatafr7pisesky","time":1613566967,"event":{"mods":["AchievementEnabler","BaseMod","Colored Map","Keyboard Shortcuts","Minty Spire (QoL Compilation)","Say the Spire","StSLib","SuperFastMode","everything is the same but u backflip on backflip"],"gold_per_floor":[118,43,57,75,75,107,107,121,121,21,53,53,53,71,71,143,143,154,154,154,78,93,93,93,93],"floor_reached":24,"language":"KOR","playtime":504,"items_purged":["Normality","Strike_R"],"score":398,"play_id":"9e705613-96b7-4bd9-bedd-414d9fecf2b4","local_time":"20210217220247","is_ascension_mode":true,"campfire_choices":[{"data":"Uppercut","floor":7.0,"key":"SMITH"},{"floor":15.0,"key":"REST"},{"floor":23,"key":"REST"}],"circlet_count":0,"master_deck":["AscendersBane","Strike_R","Strike_R","Strike_R","Strike_R","Defend_R","Defend_R","Defend_R","Defend_R","Bash","Uppercut+1","Evolve","Fire Breathing","Feed+1","Wild Strike","Offering","Body Slam+1","Impervious","Entrench+1"],"relics":["Burning Blood","Thread and Needle","Juzu Bracelet","Question Card","Pantograph","Pen Nib","Sozu"],"acts_visited":["Exordium","TheCity"],"potions_floor_usage":[22],"damage_taken":[{"damage":3.0,"enemies":"Jaw Worm","floor":1.0,"turns":5.0},{"damage":0.0,"enemies":"Cultist","floor":3.0,"turns":4.0},{"damage":0.0,"enemies":"Small Slimes","floor":4.0,"turns":3.0},{"damage":30.0,"enemies":"3 Sentries","floor":6.0,"turns":9.0},{"damage":17.0,"enemies":"2 Fungi Beasts","floor":8.0,"turns":4.0},{"damage":39.0,"enemies":"Lagavulin","floor":11.0,"turns":8.0},{"damage":3.0,"enemies":"Gremlin Gang","floor":14.0,"turns":6.0},{"damage":40.0,"enemies":"Hexaghost","floor":16.0,"turns":9.0},{"damage":20.0,"enemies":"Chosen","floor":18.0,"turns":5.0},{"damage":24,"enemies":"Spheric Guardian","floor":22,"turns":4},{"damage":63,"enemies":"Book of Stabbing","floor":24,"turns":6}],"seed_played":"7757215816782019754","potions_obtained":[{"floor":1.0,"key":"Fire Potion"},{"floor":6.0,"key":"SpeedPotion"},{"floor":8.0,"key":"SteroidPotion"},{"floor":16.0,"key":"LiquidBronze"}],"is_trial":false,"path_per_floor":["M","$","M","M","?","E","R","M","T","$","E","$","?","M","R","B",null,"M","?","?","$","M","R","E"],"character_chosen":"IRONCLAD","items_purchased":["Impervious"],"campfire_rested":2,"item_purchase_floors":[21],"current_hp_per_floor":[71,71,75,75,75,51,51,40,40,40,7,7,7,14,37,28,66,52,52,29,29,15,41,0,0],"gold":93,"neow_bonus":"ONE_RARE_RELIC","is_daily":false,"chose_seed":false,"campfire_upgraded":1,"win_rate":0.0,"timestamp":1613566967,"path_taken":["M","$","M","M","?","E","R","M","T","$","E","$","?","M","R","BOSS","M","?","?","$","M","R","E"],"items_purchased_type":["Card"],"build_version":"2020-12-22","purchased_purges":2,"victory":false,"max_hp_per_floor":[75,75,75,75,75,75,75,75,75,75,75,75,75,79,79,79,79,79,79,84,84,88,88,88,88],"card_choices":[{"not_picked":["Armaments","Sword Boomerang"],"picked":"Uppercut","floor":1.0},{"not_picked":["Shockwave","Dropkick"],"picked":"Evolve","floor":3.0},{"not_picked":["Clash","Blood for Blood"],"picked":"Twin Strike","floor":4.0},{"not_picked":["Havoc","Bludgeon","Dual Wield"],"picked":"SKIP","floor":6.0},{"not_picked":["Ghostly Armor","Cleave","Clash"],"picked":"Fire Breathing","floor":8.0},{"not_picked":["Thunderclap","Reckless Charge","Uppercut"],"picked":"Feed","floor":11.0},{"not_picked":["Body Slam","Carnage","Flex"],"picked":"Wild Strike","floor":14.0},{"not_picked":["Double Tap","Demon Form","Fiend Fire"],"picked":"Offering","floor":16.0},{"not_picked":["Iron Wave","Anger","True Grit+1"],"picked":"Body Slam+1","floor":18.0},{"not_picked":["Anger","Cleave","Flex"],"picked":"Entrench+1","floor":22}],"player_experience":463397,"relics_obtained":[{"floor":6.0,"key":"Question Card"},{"floor":9.0,"key":"Pantograph"},{"floor":11.0,"key":"Pen Nib"}],"event_choices":[{"cards_removed":["Twin Strike"],"damage_healed":0.0,"max_hp_gain":0.0,"max_hp_loss":0.0,"gold_gain":0.0,"event_name":"WeMeetAgain","player_choice":"Gave Card","floor":5.0,"gold_loss":0.0,"damage_taken":0.0,"relics_obtained":["Juzu Bracelet"]},{"damage_healed":0.0,"max_hp_gain":0.0,"max_hp_loss":0.0,"gold_gain":0.0,"event_name":"Living Wall","player_choice":"Grow","floor":13.0,"gold_loss":0.0,"damage_taken":0.0,"cards_upgraded":["Feed"]},{"damage_healed":0.0,"max_hp_gain":0.0,"max_hp_loss":0.0,"gold_gain":0.0,"event_name":"N\u0027loth","player_choice":"Ignored","floor":19.0,"gold_loss":0.0,"damage_taken":0.0},{"damage_healed":0.0,"max_hp_gain":5.0,"max_hp_loss":0.0,"gold_gain":0.0,"event_name":"Forgotten Altar","player_choice":"Shed Blood","floor":20.0,"gold_loss":0.0,"damage_taken":28.0}],"is_beta":false,"boss_relics":[{"not_picked":["Philosopher\u0027s Stone","Runic Dome"],"picked":"Sozu"}],"items_purged_floors":[2,10],"is_endless":false,"potions_floor_spawned":[1,6,8,16],"killed_by":"Book of Stabbing","ascension_level":19}}