{"host":"pqs17sqrgflf4eqa","time":1613601120,"event":{"mods":["AchievementEnabler","BaseMod","Bestiary","Better Altar","Better Match","Better Skull","Block Reminder","Bossed Relics","Colored Map","Colored Powertips","Curses Come First","Dark Map","DeckTracker","Defective Defect","Displayed Cursed Tome","Emptier Cage","Googly Eyes","Highlight Path","Minty Spire (QoL Compilation)","Quick Restart","Slay-I","StSLib","SuperFastMode","Synergy Search","Thieving Mod","Transform Curses","everything is the same but u backflip on backflip","slay the spire mod where everything is the same but ironclad has a cowboy hat"],"gold_per_floor":[18,18,37,137,156,182,182,210,282,282,293,313,12,30,30,125,125,141,153,3,3,21,21,21,21],"floor_reached":24,"language":"ENG","playtime":511,"items_purged":[],"score":270,"play_id":"ec89e457-6247-4c6e-8eaa-5824d54d93eb","local_time":"20210217173200","is_ascension_mode":true,"campfire_choices":[{"data":"Eruption","floor":7,"key":"SMITH"},{"data":"Worship","floor":10,"key":"SMITH"},{"data":"InnerPeace","floor":15,"key":"SMITH"},{"data":"ClearTheMind","floor":23,"key":"SMITH"}],"circlet_count":0,"master_deck":["Strike_P","Strike_P","Strike_P","Defend_P","Defend_P","Defend_P","Eruption+1","Vigilance","CutThroughFate","Evaluate","CutThroughFate","Worship+1","EmptyFist","FearNoEvil","Tantrum","EmptyBody","InnerPeace+1","FearNoEvil","Prostrate","Tantrum","Tantrum","Blasphemy","ClearTheMind+1","ThirdEye","WreathOfFlame"],"relics":["PureWater","Shovel","Anchor","Meat on the Bone","Astrolabe","Membership Card"],"acts_visited":["Exordium","TheCity"],"potions_floor_usage":[5,6,8,8,12,16,16,16],"damage_taken":[{"damage":0,"enemies":"Jaw Worm","floor":1,"turns":3},{"damage":0,"enemies":"Cultist","floor":3,"turns":2},{"damage":0,"enemies":"Small Slimes","floor":5,"turns":3},{"damage":44,"enemies":"Lagavulin","floor":6,"turns":5},{"damage":5,"enemies":"3 Sentries","floor":8,"turns":3},{"damage":6,"enemies":"Exordium Thugs","floor":11,"turns":3},{"damage":1,"enemies":"Red Slaver","floor":12,"turns":4},{"damage":0,"enemies":"Large Slime","floor":14,"turns":2},{"damage":43,"enemies":"Hexaghost","floor":16,"turns":6},{"damage":16,"enemies":"2 Thieves","floor":18,"turns":3},{"damage":8,"enemies":"3 Byrds","floor":19,"turns":3},{"damage":27,"enemies":"3 Cultists","floor":22,"turns":5},{"damage":38,"enemies":"Book of Stabbing","floor":24,"turns":3}],"seed_played":"7271713884751180387","potions_obtained":[{"floor":2,"key":"DistilledChaos"},{"floor":2,"key":"Explosive Potion"},{"floor":2,"key":"Weak Potion"},{"floor":6,"key":"LiquidMemories"},{"floor":12,"key":"Fruit Juice"},{"floor":14,"key":"Ancient Potion"},{"floor":19,"key":"Dexterity Potion"}],"is_trial":false,"path_per_floor":["M","?","M","?","M","E","R","E","T","R","M","M","$","M","R","B",null,"M","M","$","?","M","R","E"],"character_chosen":"WATCHER","items_purchased":["FearNoEvil","DistilledChaos","LiquidMemories","Prostrate","Tantrum","Membership Card"],"campfire_rested":0,"item_purchase_floors":[13,13,13,13,13,20],"current_hp_per_floor":[65,65,65,65,65,21,21,16,16,16,22,38,38,50,50,19,63,47,39,39,39,24,24,0,0],"gold":21,"neow_bonus":"TRANSFORM_TWO_CARDS","is_daily":false,"chose_seed":false,"campfire_upgraded":4,"win_rate":0.0,"timestamp":1613601120,"path_taken":["M","?","?","?","M","E","R","E","T","R","M","M","?","?","R","BOSS","M","M","$","?","M","R","E"],"items_purchased_type":["Card","Potion","Potion","Card","Card","Relic"],"build_version":"2020-12-22","purchased_purges":0,"victory":false,"max_hp_per_floor":[72,72,72,72,72,72,72,72,72,72,72,77,77,77,77,77,77,77,77,77,77,77,77,77,77],"card_choices":[{"not_picked":["Fasting2","Prostrate"],"picked":"CutThroughFate","floor":1},{"not_picked":["EmptyFist","CrushJoints"],"picked":"Worship","floor":3},{"not_picked":["FlurryOfBlows","Swivel"],"picked":"EmptyFist","floor":5},{"not_picked":["Evaluate","BowlingBash"],"picked":"FearNoEvil","floor":6},{"not_picked":["Study","FlyingSleeves"],"picked":"Tantrum","floor":8},{"not_picked":["SashWhip","BowlingBash"],"picked":"EmptyBody","floor":11},{"not_picked":["Sanctity","ClearTheMind"],"picked":"InnerPeace","floor":12},{"not_picked":["Wireheading","Protect"],"picked":"Tantrum","floor":14},{"not_picked":["Wish","Scrawl"],"picked":"Blasphemy","floor":16},{"not_picked":["Halt","EmptyFist"],"picked":"ClearTheMind","floor":18},{"not_picked":["Protect","Swivel+1"],"picked":"ThirdEye","floor":19},{"not_picked":["FollowUp","ReachHeaven+1"],"picked":"WreathOfFlame","floor":22}],"player_experience":225926,"relics_obtained":[{"floor":6,"key":"Shovel"},{"floor":8,"key":"Anchor"},{"floor":9,"key":"Meat on the Bone"}],"event_choices":[{"damage_healed":0,"gold_gain":0,"player_choice":"Got Potions","damage_taken":0,"max_hp_gain":0,"max_hp_loss":0,"event_name":"Lab","floor":2,"gold_loss":0},{"damage_healed":0,"gold_gain":100,"player_choice":"Gold","damage_taken":0,"max_hp_gain":0,"max_hp_loss":0,"event_name":"Wheel of Change","floor":4,"gold_loss":0},{"damage_healed":0,"gold_gain":0,"player_choice":"Ignored","damage_taken":0,"max_hp_gain":0,"max_hp_loss":0,"event_name":"Vampires","floor":21,"gold_loss":0}],"is_beta":false,"boss_relics":[{"not_picked":["Cursed Key","Tiny House"],"picked":"Astrolabe"}],"items_purged_floors":[],"is_endless":false,"potions_floor_spawned":[6,12,14,19],"killed_by":"Book of Stabbing","ascension_level":6}}