{"host":"2j7k79oxv8es4yqd","time":1613571277,"event":{"mods":["BaseMod","Minty Spire (QoL Compilation)","Permanent Neow","StSLib"],"gold_per_floor":[117,133,133,148,148,148,159,177,177,193,223,253,279,354,354,456,456,471,481,494,494,507,533,270,296,296,328,238,256,256,276,276,378,378,392,98,152,152,162,162,196,196,222,222,222,222,222,222,28,58,58],"floor_reached":52,"language":"ZHT","playtime":2125,"items_purged":["Strike_G","Strike_G"],"score":1284,"play_id":"9822dec6-2c20-42f4-b52c-61c09a021931","local_time":"20210217221437","is_ascension_mode":true,"campfire_choices":[{"floor":6,"key":"RECALL"},{"data":"Noxious Fumes","floor":15,"key":"SMITH"},{"data":"Infinite Blades","floor":30,"key":"SMITH"},{"data":"Envenom","floor":32,"key":"SMITH"},{"data":"Backflip","floor":40,"key":"SMITH"},{"data":"After Image","floor":42,"key":"SMITH"},{"data":"Neutralize","floor":48,"key":"SMITH"}],"circlet_count":0,"master_deck":["Defend_G","Defend_G","Defend_G","Defend_G+1","Defend_G","Survivor","Neutralize+1","Blade Dance","Noxious Fumes+1","Dagger Spray","PiercingWail","Slice+1","Envenom+1","Backflip","Backflip+1","Infinite Blades+1","Escape Plan","Endless Agony+1","Endless Agony+1","Backflip+1","After Image+1","Backflip+1","Cloak And Dagger","Escape Plan+1","Cloak And Dagger+1","Accuracy","Cloak And Dagger"],"relics":["Coffee Dripper","Question Card","Molten Egg 2","Darkstone Periapt","Anchor","WristBlade","Potion Belt","PreservedInsect","Bag of Marbles","MealTicket","SacredBark","Oddly Smooth Stone","StoneCalendar","Juzu Bracelet","Orichalcum","StrikeDummy"],"acts_visited":["Exordium","TheCity","TheBeyond","TheEnding"],"potions_floor_usage":[5,11,11,16,19,22,25,33,51,51,51,51,51],"damage_taken":[{"damage":0,"enemies":"Cultist","floor":1,"turns":5},{"damage":1,"enemies":"2 Louse","floor":2,"turns":2},{"damage":1,"enemies":"Jaw Worm","floor":4,"turns":4},{"damage":0,"enemies":"Blue Slaver","floor":7,"turns":4},{"damage":7,"enemies":"Large Slime","floor":8,"turns":6},{"damage":5,"enemies":"Looter","floor":10,"turns":3},{"damage":18,"enemies":"Lagavulin","floor":11,"turns":4},{"damage":19,"enemies":"Slime Boss","floor":16,"turns":10},{"damage":25,"enemies":"Shell Parasite","floor":18,"turns":5},{"damage":0,"enemies":"Chosen","floor":19,"turns":4},{"damage":14,"enemies":"Centurion and Healer","floor":20,"turns":6},{"damage":1,"enemies":"Snake Plant","floor":22,"turns":3},{"damage":1,"enemies":"Gremlin Leader","floor":23,"turns":8},{"damage":1,"enemies":"Book of Stabbing","floor":25,"turns":4},{"damage":4,"enemies":"Gremlin Leader","floor":27,"turns":4},{"damage":0,"enemies":"3 Cultists","floor":29,"turns":4},{"damage":0,"enemies":"Cultist and Chosen","floor":31,"turns":4},{"damage":34,"enemies":"Automaton","floor":33,"turns":8},{"damage":0,"enemies":"3 Darklings","floor":35,"turns":3},{"damage":7,"enemies":"2 Orb Walkers","floor":37,"turns":6},{"damage":0,"enemies":"Orb Walker","floor":39,"turns":3},{"damage":0,"enemies":"Reptomancer","floor":41,"turns":5},{"damage":37,"enemies":"Awakened One","floor":46,"turns":13},{"damage":9,"enemies":"Shield and Spear","floor":50,"turns":6},{"damage":49,"enemies":"The Heart","floor":51,"turns":8}],"seed_played":"-2071149537533148094","potions_obtained":[{"floor":1,"key":"AttackPotion"},{"floor":5,"key":"Fruit Juice"},{"floor":5,"key":"Block Potion"},{"floor":5,"key":"SteroidPotion"},{"floor":10,"key":"CunningPotion"},{"floor":16,"key":"Regen Potion"},{"floor":19,"key":"Swift Potion"},{"floor":20,"key":"SteroidPotion"},{"floor":25,"key":"SteroidPotion"},{"floor":27,"key":"Block Potion"},{"floor":33,"key":"Strength Potion"},{"floor":41,"key":"AttackPotion"},{"floor":50,"key":"AttackPotion"}],"is_trial":false,"path_per_floor":["M","M","?","M","?","R","M","M","T","M","E","?","T","?","R","B",null,"M","M","M","?","M","E","$","E","T","E","?","M","R","M","R","B",null,"M","$","?","?","M","R","E","R","T","?","?","B",null,"R","$","E","B",null],"character_chosen":"THE_SILENT","items_purchased":["PreservedInsect","Escape Plan","Oddly Smooth Stone","Cloak And Dagger","Accuracy","GhostInAJar","Cloak And Dagger"],"campfire_rested":0,"item_purchase_floors":[24,24,36,36,49,49,49],"current_hp_per_floor":[70,69,69,68,73,73,73,66,66,61,43,43,43,32,32,13,75,50,62,48,48,47,46,46,45,45,41,41,41,41,41,41,7,75,75,75,68,68,68,68,68,68,68,68,68,31,75,75,75,66,17],"gold":58,"neow_bonus":"BOSS_RELIC","is_daily":false,"chose_seed":false,"campfire_upgraded":6,"win_rate":0.0,"timestamp":1613571277,"path_taken":["M","M","?","M","?","R","?","?","T","M","E","?","?","?","R","BOSS","M","M","M","?","M","E","$","E","T","E","?","?","R","M","R","BOSS","M","$","?","?","M","R","E","R","T","?","?","BOSS","R","$","E","BOSS"],"items_purchased_type":["Relic","Card","Relic","Card","Card","Potion","Card"],"build_version":"2020-12-22","purchased_purges":2,"victory":true,"max_hp_per_floor":[70,70,70,70,75,75,75,75,75,75,75,75,75,75,75,75,75,75,75,75,75,75,75,75,75,75,75,75,75,75,75,75,75,75,75,75,75,75,75,75,75,75,75,75,75,75,75,75,75,75,75],"card_choices":[{"not_picked":["Heel Hook","Bane","Flying Knee"],"picked":"SKIP","floor":1},{"not_picked":["Blur","Poisoned Stab"],"picked":"Blade Dance","floor":2},{"not_picked":["Outmaneuver","Sucker Punch"],"picked":"Noxious Fumes","floor":4},{"not_picked":["Storm of Steel","Dagger Throw"],"picked":"Dagger Spray","floor":7},{"not_picked":["Prepared","Skewer"],"picked":"PiercingWail","floor":8},{"not_picked":["Riddle With Holes","Flying Knee","Dodge and Roll","Poisoned Stab"],"picked":"SKIP","floor":10},{"not_picked":["Outmaneuver","Phantasmal Killer","Tactician"],"picked":"Slice+1","floor":11},{"not_picked":["Doppelganger","Malaise","Glass Knife+1"],"picked":"Envenom","floor":16},{"not_picked":["Dodge and Roll","Flying Knee+1","Calculated Gamble"],"picked":"Backflip","floor":18},{"not_picked":["Bane+1","Skewer+1","Dagger Throw+1","Outmaneuver+1"],"picked":"SKIP","floor":19},{"not_picked":["Dagger Spray+1","Bullet Time","Blade Dance+1"],"picked":"Backflip+1","floor":20},{"not_picked":["Deadly Poison","Flying Knee+1","Masterful Stab+1"],"picked":"Infinite Blades","floor":22},{"not_picked":["Acrobatics","Heel Hook+1","Tactician+1","Quick Slash+1"],"picked":"SKIP","floor":23},{"not_picked":["Quick Slash+1","Reflex","Bullet Time"],"picked":"Endless Agony+1","floor":25},{"not_picked":["PiercingWail","Flechettes+1","Slice+1"],"picked":"Endless Agony+1","floor":27},{"not_picked":["Sucker Punch+1","Deflect","Masterful Stab+1","PiercingWail"],"picked":"SKIP","floor":29},{"not_picked":["Dagger Spray+1","Bane+1","Dagger Throw+1"],"picked":"Backflip+1","floor":31},{"not_picked":["Night Terror","Grand Finale+1","Burst"],"picked":"After Image","floor":33},{"not_picked":["Caltrops+1","PiercingWail","Heel Hook+1"],"picked":"Backflip","floor":35},{"not_picked":["Catalyst","Bouncing Flask","Endless Agony+1"],"picked":"Escape Plan+1","floor":37},{"not_picked":["Acrobatics","Quick Slash+1","Outmaneuver+1","Dodge and Roll"],"picked":"SKIP","floor":39},{"not_picked":["Bouncing Flask","Slice+1","Underhanded Strike+1"],"picked":"Cloak And Dagger+1","floor":41},{"not_picked":["Phantasmal Killer","Sucker Punch+1","Flechettes+1","Dagger Throw+1"],"picked":"SKIP","floor":50}],"player_experience":560798,"relics_obtained":[{"floor":9,"key":"Question Card"},{"floor":11,"key":"Molten Egg 2"},{"floor":13,"key":"Anchor"},{"floor":23,"key":"Potion Belt"},{"floor":25,"key":"Bag of Marbles"},{"floor":27,"key":"MealTicket"},{"floor":37,"key":"StoneCalendar"},{"floor":41,"key":"Juzu Bracelet"},{"floor":43,"key":"Orichalcum"},{"floor":50,"key":"StrikeDummy"}],"event_choices":[{"cards_removed":["Strike_G"],"damage_healed":0,"gold_gain":0,"player_choice":"Forget","damage_taken":0,"max_hp_gain":0,"max_hp_loss":0,"event_name":"Living Wall","floor":3,"gold_loss":0},{"damage_healed":0,"gold_gain":0,"player_choice":"Got Potions","damage_taken":0,"max_hp_gain":0,"max_hp_loss":0,"event_name":"Lab","floor":5,"gold_loss":0},{"damage_healed":0,"gold_gain":30,"player_choice":"Searched \u00273\u0027 times","damage_taken":0,"relics_obtained":["Darkstone Periapt"],"max_hp_gain":0,"max_hp_loss":0,"event_name":"Dead Adventurer","floor":12,"gold_loss":0},{"damage_healed":0,"gold_gain":75,"player_choice":"Gather Gold","damage_taken":11,"max_hp_gain":0,"max_hp_loss":0,"event_name":"World of Goop","floor":14,"gold_loss":0},{"damage_healed":0,"gold_gain":0,"player_choice":"Ignored","damage_taken":0,"max_hp_gain":0,"max_hp_loss":0,"event_name":"Cursed Tome","floor":21,"gold_loss":0},{"cards_removed":["Strike_G"],"damage_healed":0,"gold_gain":0,"player_choice":"Upgrade and Remove","damage_taken":0,"max_hp_gain":0,"max_hp_loss":0,"event_name":"Designer","floor":28,"gold_loss":90,"cards_upgraded":["Defend_G"]},{"damage_healed":0,"gold_gain":0,"player_choice":"Fight","damage_taken":0,"max_hp_gain":0,"max_hp_loss":0,"event_name":"Mysterious Sphere","floor":37,"gold_loss":0},{"damage_healed":0,"gold_gain":0,"player_choice":"Bought 0 Potions","damage_taken":0,"max_hp_gain":0,"max_hp_loss":0,"event_name":"The Woman in Blue","floor":38,"gold_loss":0},{"cards_removed":["Strike_G"],"damage_healed":0,"gold_gain":0,"player_choice":"Removed Attack","damage_taken":0,"max_hp_gain":0,"max_hp_loss":0,"event_name":"Falling","floor":44,"gold_loss":0},{"damage_healed":0,"gold_gain":0,"player_choice":"Took Portal","damage_taken":0,"max_hp_gain":0,"max_hp_loss":0,"event_name":"SecretPortal","floor":45,"gold_loss":0}],"is_beta":false,"boss_relics":[{"not_picked":["SlaversCollar","Pandora\u0027s Box"],"picked":"WristBlade"},{"not_picked":["Cursed Key","Sozu"],"picked":"SacredBark"}],"items_purged_floors":[24,36],"is_endless":false,"potions_floor_spawned":[1,7,10,16,19,20,25,27,33,41,50],"ascension_level":1}}