{"host":"6rd8hsjmp8z8o98z","time":1613601332,"event":{"mods":["AchievementEnabler","BaseMod","Best Route Mod","Better Match","Better Third Choice","BetterRewards","Minty Spire (QoL Compilation)","Relic Stats","Replay The Spire","Say the Spire","Shop Mod","StSLib","The Jungle"],"gold_per_floor":[115,134,134,152,4,4,4,29,53,81,81,96,96,96,96,167,167,179,104,19,19,19,19,36,67,67,82,82,82,110,110,110,187,187,207,134,134,144,10,10,0,15,15,15,15,33,33,64,64,64],"floor_reached":51,"language":"KOR","playtime":2203,"items_purged":["Strike_G"],"score":1786,"play_id":"e3e992d2-c6be-478f-b37a-938c158cd07c","local_time":"20210218073532","is_ascension_mode":true,"campfire_choices":[{"floor":6.0,"key":"REST"},{"floor":11.0,"key":"REST"},{"floor":13.0,"key":"REST"},{"data":"Deadly Poison","floor":15.0,"key":"SMITH"},{"data":"Neutralize","floor":23,"key":"SMITH"},{"data":"After Image","floor":28,"key":"SMITH"},{"floor":32,"key":"REST"},{"data":"Terror","floor":40,"key":"SMITH"},{"floor":45,"key":"REST"},{"data":"Calculated Gamble","floor":47,"key":"SMITH"},{"data":"Leg Sweep","floor":49,"key":"SMITH"}],"circlet_count":0,"master_deck":["AscendersBane","Strike_G+1","Strike_G+1","Defend_G+1","Defend_G+1","Defend_G+1","Defend_G+1","Defend_G+1","Survivor","Neutralize+1","Backstab","Swift Strike","Blade Dance","Deadly Poison+1","PiercingWail","Corpse Explosion","Blur","Prepared","Leg Sweep+1","Sickly","After Image+1","Adrenaline+1","Necronomicurse","Venomology+1","Backflip","Flying Knee+1","Terror+1","Sucker Punch+1","Calculated Gamble+1"],"relics":["Ring of the Serpent","Medical Kit","Singing Bowl","Juzu Bracelet","FossilizedHelix","Membership Card","Snake Skull","Art of War","War Paint","StrikeDummy","Cursed Key","ReplayFunnel","Pondfish Scales","Orichalcum","Replay:Rubber Ducky","Necronomicon","PreservedInsect","Guide Book","Red Mask","Iron Hammer","Spirit Poop","Ornamental Fan"],"acts_visited":["Exordium","TheCity","TheBeyond"],"potions_floor_usage":[30,33,35,38,38,50,50,50],"damage_taken":[{"damage":0.0,"enemies":"Jaw Worm","floor":1.0,"turns":2.0},{"damage":0.0,"enemies":"Cultist","floor":2.0,"turns":3.0},{"damage":0.0,"enemies":"Small Slimes","floor":4.0,"turns":2.0},{"damage":20.0,"enemies":"Gremlin Nob","floor":8.0,"turns":5.0},{"damage":11.0,"enemies":"Replay:BlueRogue","floor":10.0,"turns":6.0},{"damage":0.0,"enemies":"3 Louse","floor":12.0,"turns":4.0},{"damage":28,"enemies":"Hexaghost","floor":16,"turns":10},{"damage":4,"enemies":"3 Byrds","floor":18,"turns":3},{"damage":0,"enemies":"Chosen","floor":24,"turns":4},{"damage":0,"enemies":"Replay:Snechameleon","floor":25,"turns":6},{"damage":0,"enemies":"Sentry and Sphere","floor":27,"turns":5},{"damage":6,"enemies":"Slavers","floor":30,"turns":6},{"damage":62,"enemies":"Automaton","floor":33,"turns":14},{"damage":0,"enemies":"3 Darklings","floor":35,"turns":3},{"damage":0,"enemies":"Orb Walker","floor":38,"turns":3},{"damage":4,"enemies":"Spire Growth","floor":42,"turns":5},{"damage":0,"enemies":"4 Shapes","floor":46,"turns":6},{"damage":0,"enemies":"R_Hoarder","floor":48,"turns":6},{"damage":0,"enemies":"Donu and Deca","floor":50,"turns":6}],"seed_played":"5045422786229227078","potions_obtained":[{"floor":1.0,"key":"Block Potion"},{"floor":10.0,"key":"Languid Potion"},{"floor":27,"key":"Swift Potion"},{"floor":30,"key":"BlessingOfTheForge"},{"floor":33,"key":"Strength Potion"}],"is_trial":false,"path_per_floor":["M","M","?","M","$","R","?","E","T","E","R","M","R","T","R","B",null,"M","?","?","?","$","R","M","E","T","M","R","?","E","?","R","B",null,"M","$","?","M","$","R","?","M","T","?","R","M","R","E","R","B",null],"character_chosen":"THE_SILENT","items_purchased":["Medical Kit","Singing Bowl","Juzu Bracelet","Backstab","Swift Strike","Membership Card","PreservedInsect","Guide Book","Terror","Sucker Punch+1"],"campfire_rested":5,"item_purchase_floors":[0,0,0,0,0,5,36,39,39,39],"current_hp_per_floor":[37,37,37,37,37,58,51,33,33,22,44,46,68,68,68,40,67,63,63,63,63,63,63,63,63,63,63,63,63,57,41,63,1,57,57,57,57,57,57,57,57,53,53,53,75,77,77,79,79,79],"gold":64,"neow_bonus":"","is_daily":false,"chose_seed":false,"campfire_upgraded":6,"win_rate":0.0,"timestamp":1613601332,"path_taken":["M","M","?","M","$","R","?","E","T","E","R","M","R","?","R","BOSS","M","?","?","?","$","R","M","E","T","M","R","?","E","?","R","BOSS","M","$","?","M","$","R","?","M","T","?","R","M","R","E","R","BOSS"],"items_purchased_type":["Relic","Relic","Relic","Card","Card","Relic","Relic","Relic","Card","Card"],"build_version":"2020-12-22","purchased_purges":1,"victory":true,"max_hp_per_floor":[72,72,72,72,72,72,72,74,74,74,74,76,76,76,76,76,76,76,76,76,76,76,76,76,76,76,76,76,76,76,76,76,76,76,76,76,76,76,76,76,76,76,76,76,76,78,78,80,80,80],"relic_stats":{"Singing Bowl":10,"counters":[46,209],"Snake Skull":[41],"PreservedInsect":405,"Juzu Bracelet":3,"War Paint":["Defend_R","Ghostly Armor","Defend_G","Defend_G"],"Orichalcum":[30],"Medical Kit":[14],"Cursed Key":2,"Ornamental Fan":[312],"Art of War":[9],"Necronomicon":[2],"obtain_stats":[{"Ice Cream":47,"ReplayFunnel":20,"Lantern":6,"Regal Pillow":13,"Singing Bowl":0,"Spirit Poop":44,"Mango":45,"Snake Skull":8,"Bag of Preparation":0,"Juzu Bracelet":31,"Whetstone":41,"Bottled Tornado":28,"Boot":30,"Cursed Key":17,"Replay:Rubber Ducky":30,"Nunchaku":44,"Ninja Scroll":29,"Iron Hammer":43,"Necronomicon":31,"Red Mask":41,"Ring of the Snake":0,"Guide Book":39,"PreservedInsect":23,"War Paint":10,"Orichalcum":26,"Question Card":26,"Medical Kit":0,"White Beast Statue":25,"Du-Vu Doll":0,"Pondfish Scales":25,"Busted Crown":34,"Ornamental Fan":11,"Shuriken":43,"Art of War":9,"Membership Card":5,"StrikeDummy":0,"Ring of the Serpent":17,"FossilizedHelix":0},{"Ice Cream":26,"ReplayFunnel":35,"Lantern":5,"Regal Pillow":9,"Singing Bowl":27,"Spirit Poop":43,"Mango":26,"Snake Skull":31,"Bag of Preparation":0,"Juzu Bracelet":19,"Whetstone":24,"Bottled Tornado":17,"Boot":18,"Cursed Key":34,"Replay:Rubber Ducky":39,"Nunchaku":25,"Ninja Scroll":18,"Iron Hammer":43,"Necronomicon":39,"Red Mask":42,"Ring of the Snake":0,"Guide Book":42,"PreservedInsect":15,"War Paint":32,"Orichalcum":37,"Question Card":16,"Medical Kit":27,"White Beast Statue":16,"Du-Vu Doll":0,"Pondfish Scales":37,"Busted Crown":20,"Ornamental Fan":7,"Shuriken":25,"Art of War":5,"Membership Card":30,"StrikeDummy":0,"Ring of the Serpent":11,"FossilizedHelix":27},{"Ice Cream":98,"ReplayFunnel":145,"Lantern":14,"Regal Pillow":27,"Singing Bowl":110,"Spirit Poop":191,"Mango":98,"Snake Skull":122,"Bag of Preparation":0,"Juzu Bracelet":65,"Whetstone":91,"Bottled Tornado":59,"Boot":62,"Cursed Key":142,"Replay:Rubber Ducky":166,"Nunchaku":95,"Ninja Scroll":62,"Iron Hammer":191,"Necronomicon":166,"Red Mask":186,"Ring of the Snake":0,"Guide Book":186,"PreservedInsect":50,"War Paint":128,"Orichalcum":155,"Question Card":56,"Medical Kit":110,"White Beast Statue":56,"Du-Vu Doll":0,"Pondfish Scales":155,"Busted Crown":74,"Ornamental Fan":22,"Shuriken":95,"Art of War":14,"Membership Card":117,"StrikeDummy":0,"Ring of the Serpent":36,"FossilizedHelix":110}]},"card_choices":[{"not_picked":["Bouncing Flask","Heel Hook","Outmaneuver"],"picked":"Singing Bowl","floor":1.0},{"not_picked":["ReplayTheSpireMod:Shiv Toss","Backflip"],"picked":"Blade Dance","floor":2.0},{"not_picked":["ReplayTheSpireMod:From All Sides","Dagger Throw"],"picked":"Deadly Poison","floor":4.0},{"not_picked":["Concentrate","Underhanded Strike","ReplayTheSpireMod:Tripwire"],"picked":"Singing Bowl","floor":8.0},{"not_picked":["Dagger Throw","Accuracy"],"picked":"PiercingWail","floor":10.0},{"not_picked":["Accuracy","Quick Slash","Blade Dance"],"picked":"Singing Bowl","floor":12.0},{"not_picked":["Storm of Steel","Grand Finale"],"picked":"Corpse Explosion","floor":16},{"not_picked":["Blade Dance","Deflect"],"picked":"Blur","floor":18},{"not_picked":["Hidden Blade","Quick Slash"],"picked":"Prepared","floor":24},{"not_picked":["Outmaneuver","Blade Dance"],"picked":"Leg Sweep","floor":25},{"not_picked":["Hidden Blade","Eviscerate"],"picked":"After Image","floor":27},{"not_picked":["Riddle With Holes","Dash"],"picked":"Adrenaline","floor":30},{"not_picked":["Envenom","After Image"],"picked":"Venomology","floor":33},{"not_picked":["Deadly Poison","Fluid Movement"],"picked":"Backflip","floor":35},{"not_picked":["Deflect","Blur"],"picked":"Flying Knee+1","floor":38},{"not_picked":["Backflip","Deadly Poison+1"],"picked":"Calculated Gamble","floor":42},{"not_picked":["Dash+1","Dagger Spray","PiercingWail"],"picked":"Singing Bowl","floor":46},{"not_picked":["Unload","Dagger Spray","Terror"],"picked":"Singing Bowl","floor":48}],"player_experience":551286,"relics_obtained":[{"floor":8.0,"key":"Snake Skull"},{"floor":9.0,"key":"Art of War"},{"floor":10.0,"key":"War Paint"},{"floor":14.0,"key":"StrikeDummy"},{"floor":25,"key":"Pondfish Scales"},{"floor":26,"key":"Orichalcum"},{"floor":30,"key":"Replay:Rubber Ducky"},{"floor":31,"key":"Necronomicon"},{"floor":43,"key":"Iron Hammer"},{"floor":48,"key":"Ornamental Fan"}],"event_choices":[{"cards_removed":["Strike_G"],"damage_healed":0.0,"max_hp_gain":0.0,"max_hp_loss":0.0,"gold_gain":0.0,"event_name":"Purifier","player_choice":"Purged","floor":3.0,"gold_loss":0.0,"damage_taken":0.0},{"damage_healed":0.0,"max_hp_gain":0.0,"max_hp_loss":0.0,"gold_gain":0.0,"event_name":"Wheel of Change","player_choice":"Damaged","floor":7.0,"gold_loss":0.0,"damage_taken":7.0},{"cards_removed":["Strike_G"],"damage_healed":0,"gold_gain":0,"player_choice":"Gave Gold","damage_taken":0,"max_hp_gain":0,"max_hp_loss":0,"event_name":"Beggar","floor":19,"gold_loss":75},{"damage_healed":0,"gold_gain":0,"player_choice":"Obtained Relic","damage_taken":0,"relics_obtained":["ReplayFunnel"],"max_hp_gain":0,"max_hp_loss":0,"event_name":"Addict","floor":20,"gold_loss":85},{"damage_healed":0,"gold_gain":0,"player_choice":"Simplicity","damage_taken":0,"max_hp_gain":0,"max_hp_loss":5,"event_name":"betterThird:BetterWriting","floor":21,"gold_loss":0},{"damage_healed":0,"gold_gain":0,"player_choice":"Ignored","damage_taken":0,"max_hp_gain":0,"max_hp_loss":0,"event_name":"Ghosts","floor":29,"gold_loss":0},{"damage_healed":0,"gold_gain":0,"player_choice":"Obtained Book","damage_taken":16,"max_hp_gain":0,"max_hp_loss":0,"event_name":"Cursed Tome","floor":31,"gold_loss":0},{"damage_healed":0,"gold_gain":0,"player_choice":"Paid","damage_taken":0,"relics_obtained":["Red Mask"],"max_hp_gain":0,"max_hp_loss":0,"event_name":"Tomb of Lord Red Mask","floor":41,"gold_loss":10},{"cards_removed":["Decay"],"damage_healed":0,"gold_gain":0,"player_choice":"Offered Curse","damage_taken":0,"relics_obtained":["Spirit Poop"],"max_hp_gain":0,"max_hp_loss":0,"event_name":"Bonfire Elementals","floor":44,"gold_loss":0}],"is_beta":false,"boss_relics":[{"not_picked":["Fusion Hammer","ReplayTheSpireMod:DimensionalGlitch"],"picked":"Cursed Key"},{"not_picked":["Honey Jar","Coffee Dripper"],"picked":"Ring of the Serpent"}],"items_purged_floors":[0],"is_endless":false,"potions_floor_spawned":[1,10,27,30,33,35,42,46],"ascension_level":13}}