{"host":"mo324zvkdr1xwprd","time":1613557437,"event":{"mods":["A Penny For Your Troubles","BaseMod","Better Note","Better Third Choice","BetterRewards","Hermit","Highlight Path","Hubris","Minty Spire (QoL Compilation)","Quick Restart","Rare Cards Sparkle","Shop Mod","StSLib","The Cursed","The Hierophant","The Servant 0.9.4","Transform Curses"],"gold_per_floor":[31,50,50,69,15,15,15,44,44,44,54,54,70,101,101,202,202,220,41,41,60,60,60,88,88,163,163,489,589,621,621,621,621,621],"floor_reached":33,"language":"ENG","playtime":1704,"items_purged":[],"score":634,"play_id":"70b248e7-c066-4b8b-a27d-21635e185db4","local_time":"20210217102357","is_ascension_mode":true,"campfire_choices":[{"floor":6.0,"key":"REST"},{"floor":10.0,"key":"REST"},{"data":"Shockwave","floor":12.0,"key":"SMITH"},{"floor":15.0,"key":"REST"},{"floor":23.0,"key":"RECALL"},{"floor":25.0,"key":"REST"},{"floor":27.0,"key":"REST"},{"floor":32.0,"key":"REST"}],"circlet_count":0,"master_deck":["AscendersBane","Strike_R","Strike_R","Strike_R","Strike_R","Strike_R","Defend_R","Defend_R","Defend_R","Defend_R","Bash","Carnage+1","Shrug It Off","Violence","Clothesline","Sword Boomerang","Shrug It Off","Shockwave+1","Flex","Pommel Strike","Exhume","Cleave","Inflame","Power Through","Reaper","Twin Strike+1","Anger","Anger","Dropkick","Rage+1","hubris:ReadiedAction+1","Pummel+1","Pummel+1"],"relics":["Bronze Scales","Charon\u0027s Ashes","Question Card","Gambling Chip","hubris:ChampionShield","Oddly Smooth Stone","hubris:AstralHammer","hubris:TinFlute","Sundial","Potion Belt","Fusion Hammer","Lee\u0027s Waffle","Mummified Hand","Old Coin","WingedGreaves","Toxic Egg 2","Molten Egg 2"],"acts_visited":["Exordium","TheCity"],"potions_floor_usage":[],"damage_taken":[{"damage":0.0,"enemies":"Jaw Worm","floor":1.0,"turns":3.0},{"damage":0.0,"enemies":"Cultist","floor":2.0,"turns":2.0},{"damage":0.0,"enemies":"2 Louse","floor":4.0,"turns":2.0},{"damage":5.0,"enemies":"3 Sentries","floor":8.0,"turns":5.0},{"damage":0.0,"enemies":"Large Slime","floor":11.0,"turns":3.0},{"damage":0.0,"enemies":"Gremlin Gang","floor":13.0,"turns":3.0},{"damage":20.0,"enemies":"Lagavulin","floor":14.0,"turns":3.0},{"damage":16.0,"enemies":"Slime Boss","floor":16.0,"turns":8.0},{"damage":17.0,"enemies":"2 Thieves","floor":18.0,"turns":4.0},{"damage":8.0,"enemies":"Chosen","floor":21.0,"turns":3.0},{"damage":18.0,"enemies":"Book of Stabbing","floor":24.0,"turns":5.0},{"damage":21.0,"enemies":"Gremlin Leader","floor":28.0,"turns":4.0},{"damage":24.0,"enemies":"Colosseum Slavers","floor":29.0,"turns":5.0},{"damage":18.0,"enemies":"Colosseum Nobs","floor":29.0,"turns":5.0},{"damage":35.0,"enemies":"Slavers","floor":30.0,"turns":3.0},{"damage":57,"enemies":"Champ","floor":33,"turns":8}],"seed_played":"5637557770415562585","potions_obtained":[{"floor":1.0,"key":"AttackPotion"},{"floor":4.0,"key":"BlessingOfTheForge"},{"floor":11.0,"key":"DistilledChaos"},{"floor":18.0,"key":"LiquidMemories"},{"floor":21.0,"key":"ColorlessPotion"},{"floor":29.0,"key":"LiquidBronze"}],"is_trial":false,"path_per_floor":["M","M","?","M","$","R","?","E","T","R","M","R","M","E","R","B",null,"M","$","?","M","?","R","E","R","T","R","E","?","E","?","R","B"],"character_chosen":"IRONCLAD","items_purchased":["Bronze Scales","Question Card","Carnage","Shrug It Off","Violence","Clothesline","Oddly Smooth Stone","Sword Boomerang","Pommel Strike","Lee\u0027s Waffle","Anger"],"campfire_rested":6,"item_purchase_floors":[0,0,0,0,0,0,0,0,5,19,19],"current_hp_per_floor":[24,24,24,24,24,46,51,46,46,70,70,70,70,50,74,58,75,67,87,87,79,79,79,61,87,87,87,87,51,16,16,42,0,0],"gold":621,"neow_bonus":"","is_daily":false,"chose_seed":false,"campfire_upgraded":1,"win_rate":0.0,"timestamp":1613557437,"path_taken":["M","M","?","M","?","R","?","E","T","R","M","R","M","E","R","BOSS","M","$","?","?","?","R","E","R","T","R","E","?","E","?","R","BOSS"],"items_purchased_type":["Relic","Relic","Card","Card","Card","Card","Relic","Card","Card","Relic","Card"],"build_version":"2020-12-22","purchased_purges":0,"victory":false,"max_hp_per_floor":[75,75,75,75,75,75,80,80,80,80,80,80,80,80,80,80,80,80,87,87,87,87,87,87,87,87,87,87,87,87,87,87,87,87],"card_choices":[{"not_picked":["hubris:ReadiedAction","Iron Wave","Clash"],"picked":"Shrug It Off","floor":1.0},{"not_picked":["Headbutt","hubris:StunningStrike","Cleave"],"picked":"Shockwave","floor":2.0},{"not_picked":["Carnage","Wild Strike","Battle Trance"],"picked":"Flex","floor":4.0},{"not_picked":["Twin Strike","Havoc","Iron Wave"],"picked":"Exhume","floor":8.0},{"not_picked":["Infernal Blade","Twin Strike","Intimidate"],"picked":"Cleave","floor":11.0},{"not_picked":["Thunderclap","Dual Wield","Metallicize"],"picked":"Inflame","floor":13.0},{"not_picked":["Reckless Charge","Carnage","Clash"],"picked":"Power Through","floor":14.0},{"not_picked":["Limit Break","hubris:StunningStrike","Demon Form"],"picked":"Reaper","floor":16.0},{"not_picked":["Dropkick","Shockwave","hubris:ReadiedAction"],"picked":"Twin Strike+1","floor":18.0},{"not_picked":["Havoc","Shockwave","Feel No Pain"],"picked":"Anger","floor":21.0},{"not_picked":["Fiend Fire","Infernal Blade","Sentinel"],"picked":"Dropkick","floor":24.0},{"not_picked":["hubris:ReadiedAction","Shockwave+1","Fire Breathing"],"picked":"Rage+1","floor":28.0},{"not_picked":["Iron Wave","Wild Strike","Dual Wield+1"],"picked":"hubris:ReadiedAction+1","floor":29.0},{"not_picked":["Cleave+1","Uppercut+1","Perfected Strike+1"],"picked":"Pummel+1","floor":30.0}],"player_experience":721219,"relics_obtained":[{"floor":8.0,"key":"hubris:TinFlute"},{"floor":9.0,"key":"Sundial"},{"floor":14.0,"key":"Potion Belt"},{"floor":24.0,"key":"Mummified Hand"},{"floor":28.0,"key":"Old Coin"},{"floor":29.0,"key":"WingedGreaves"},{"floor":29.0,"key":"Toxic Egg 2"},{"floor":30.0,"key":"Molten Egg 2"}],"event_choices":[{"damage_healed":0.0,"max_hp_gain":0.0,"max_hp_loss":0.0,"gold_gain":0.0,"event_name":"Purifier","player_choice":"Ignored","floor":3.0,"gold_loss":0.0,"damage_taken":0.0},{"damage_healed":0.0,"max_hp_gain":5.0,"max_hp_loss":0.0,"gold_gain":0.0,"event_name":"Big Fish","player_choice":"Donut","floor":7.0,"gold_loss":0.0,"damage_taken":0.0},{"damage_healed":0.0,"max_hp_gain":0.0,"max_hp_loss":0.0,"gold_gain":0.0,"event_name":"Upgrade Shrine","player_choice":"Upgraded","floor":20.0,"gold_loss":0.0,"damage_taken":0.0,"cards_upgraded":["Carnage"]},{"damage_healed":0.0,"max_hp_gain":0.0,"max_hp_loss":0.0,"gold_gain":0.0,"event_name":"Vampires","player_choice":"Ignored","floor":22.0,"gold_loss":0.0,"damage_taken":0.0},{"damage_healed":0.0,"max_hp_gain":0.0,"max_hp_loss":0.0,"gold_gain":0.0,"event_name":"Colosseum","player_choice":"Fight","floor":29.0,"gold_loss":0.0,"damage_taken":0.0},{"damage_healed":0.0,"max_hp_gain":0.0,"max_hp_loss":0.0,"gold_gain":0.0,"event_name":"Colosseum","player_choice":"Fought Nobs","floor":29.0,"gold_loss":0.0,"damage_taken":0.0},{"damage_healed":0.0,"max_hp_gain":0.0,"max_hp_loss":0.0,"gold_gain":0.0,"event_name":"Duplicator","player_choice":"Copied","floor":31.0,"gold_loss":0.0,"damage_taken":0.0,"cards_obtained":["Pummel"]}],"is_beta":false,"boss_relics":[{"not_picked":["Runic Pyramid","hubris:HollowSoul"],"picked":"Fusion Hammer"}],"items_purged_floors":[],"is_endless":false,"potions_floor_spawned":[1,4,11,18,21,29],"killed_by":"Champ","ascension_level":11}}