{"host":"5lv0icc8l08nkbqt","time":1613561425,"event":{"mods":["Act Like it!","Aspiration","BaseMod","Colored Map","Conspire","Elementarium","Energized Spire","Gensokyo","Hallownest","Hubris","JesterMod","Jorbs\u0027s Wanderer Trilogy","Marisa????????","Menagerie","Minty Spire (QoL Compilation)","Pale of the Ancients","Reliquary","Replay The Spire","Ruina","Shade Mod","Spicy Shops","StSLib","The Blue Laboratory","The Disciple","The Hierophant","The Marked","Wandering Minibosses"],"gold_per_floor":[110,110,128,144,144,170,170,187,187,117,117,128,128,148,148,247,247,258,6,48,65,65,97,115,115,141,151,178,178,195,195,195,290,290,309,325,275,54,54,85,85,85,85,85,85,112,129,129,243,277,277,277,289,300,300,84,84,94,94,110,110,110],"floor_reached":63,"language":"ENG","playtime":3415,"items_purged":["theMarked:Strike"],"score":1536,"play_id":"327ffd65-9b9b-40aa-9520-f7ec925313ff","local_time":"20210217153025","is_ascension_mode":false,"campfire_choices":[{"data":"theMarked:Determination","floor":7,"key":"SMITH"},{"data":"theMarked:SoldierOfQuellstein","floor":11,"key":"SMITH"},{"data":"Menagerie:SteelWall","floor":13,"key":"SMITH"},{"floor":15,"key":"REST"},{"floor":29,"key":"REST"},{"data":"theMarked:Abjuration","floor":32,"key":"SMITH"},{"data":"theMarked:Vacuum","floor":41,"key":"SMITH"},{"data":"theMarked:Memento","floor":48,"key":"SMITH"},{"data":"theMarked:Levitate","floor":51,"key":"SMITH"},{"data":"theMarked:Memento","floor":57,"key":"SMITH"},{"floor":59,"key":"REST"}],"circlet_count":0,"master_deck":["theMarked:Strike","theMarked:Strike","theMarked:Defend","theMarked:Defend","theMarked:Defend","theMarked:Determination+1","theMarked:Memento+1","Menagerie:SteelWall+1","theMarked:Abjuration+1","theMarked:Memento+1","theMarked:WardOff+1","theMarked:Heritage+1","theMarked:FavorableWinds","theMarked:Vacuum+1","theMarked:Memento","theMarked:Memento+1","theMarked:Abjuration+1","theMarked:WardOff+1","theMarked:TheMission","theMarked:Levitate+1","theMarked:Determination","theMarked:WardOff","theMarked:Toughness"],"relics":["theMarked:ArtifactOfAir","NeowsBlessing","hubris:BottledRain","hubris:SphereOfDissonance","Snecko Heart","Gremlin Horn","Quantum Egg","ReplayTheSpireMod:TigerMarble","reliquary:ExpiredCoupon","reliquary:FeatherDuster","conspire:GiftBox","hubris:Icosahedron","theMarked:Eyepatch","DollysMirror","reliquary:Stiletto","reliquary:Knoch","reliquary:TatteredRug","reliquary:TuningFork","paleoftheancients:Timepiece","Letter Opener","CultistMask","paleoftheancients:SoulOfTheGuardian","hubris:Towel","jesterMod:MirrorMask"],"acts_visited":["Exordium","Menagerie:Menagerie","ruina:Briah","Hallownest:KingdomsEdge"],"potions_floor_usage":[16,16,19,23,49,53],"damage_taken":[{"damage":0,"enemies":"Menagerie:2_RABBITS","floor":1,"turns":1},{"damage":0,"enemies":"Menagerie:StygianBoar","floor":3,"turns":1},{"damage":0,"enemies":"Menagerie:WhisperingWraith","floor":4,"turns":1},{"damage":29,"enemies":"Menagerie:MaskedSummoner","floor":6,"turns":14},{"damage":15,"enemies":"Menagerie:BEAST_MAGE_AND_PROWLING_AMALGAM","floor":8,"turns":5},{"damage":14,"enemies":"Menagerie:EntropyWarlock","floor":12,"turns":2},{"damage":1,"enemies":"Menagerie:KEEPER_AND_YOUNG_SUNEATER","floor":14,"turns":3},{"damage":29,"enemies":"Menagerie:AVATARS","floor":16,"turns":7},{"damage":0,"enemies":"ruina:3_Bats","floor":18,"turns":1},{"damage":5,"enemies":"ruina:2_Scarecrows","floor":21,"turns":4},{"damage":27,"enemies":"ruina:Mountain","floor":23,"turns":8},{"damage":23,"enemies":"ruina:Woodsman","floor":24,"turns":4},{"damage":0,"enemies":"ruina:KingOfGreed","floor":27,"turns":2},{"damage":11,"enemies":"ruina:ServantOfWrath","floor":28,"turns":4},{"damage":0,"enemies":"ruina:QueenOfHate","floor":30,"turns":3},{"damage":11,"enemies":"ruina:Red_and_Wolf","floor":33,"turns":10},{"damage":0,"enemies":"Hallownest:Shield_Heavy","floor":35,"turns":5},{"damage":0,"enemies":"Hallownest:3_Siblings","floor":36,"turns":3},{"damage":0,"enemies":"Hallownest:StalkingDevout","floor":40,"turns":4},{"damage":0,"enemies":"Hallownest:eliteHiveKnight","floor":46,"turns":4},{"damage":0,"enemies":"Hallownest:monsterPrimalAspid","floor":47,"turns":1},{"damage":0,"enemies":"Hallownest:2_Wing_and_1_Kings","floor":49,"turns":4},{"damage":0,"enemies":"Hallownest:StalkingDevout","floor":50,"turns":2},{"damage":0,"enemies":"Hallownest:Radiance","floor":52,"turns":6},{"damage":38,"enemies":"Hallownest:Radiance","floor":53,"turns":8},{"damage":0,"enemies":"Hallownest:Radiance","floor":54,"turns":3},{"damage":0,"enemies":"Hallownest:Radiance","floor":58,"turns":2},{"damage":62,"enemies":"paleoftheancients:N","floor":62,"turns":8}],"seed_played":"7185872358161106923","potions_obtained":[{"floor":1,"key":"Swift Potion"},{"floor":8,"key":"SkillPotion"},{"floor":12,"key":"blueLaboratory:BottleOfVodka"},{"floor":21,"key":"blueLaboratory:HorrorPotion"},{"floor":27,"key":"FearPotion"},{"floor":28,"key":"blueLaboratory:CorrosionFlask"},{"floor":35,"key":"blueLaboratory:FruitPunch"},{"floor":49,"key":"LiquidMemories"},{"floor":58,"key":"theMarked:ChargePotion"}],"is_trial":false,"path_per_floor":["M","?","M","M","$","E","R","M","T","?","R","M","R","M","R","B",null,"M","$","?","M","?","E","M","?","T","M","E","R","M","?","R","B",null,"M","M","?","$","?","E","R","?","PTL","PTL","T","E","M","R","M","E","R","B","M","M","?","$","R","M","R","$","?","B",null],"character_chosen":"THE_DEFAULT","items_purchased":["reliquary:FerryPass","Fruit Juice","DollysMirror","theMarked:Determination","theMarked:WardOff","jesterMod:MirrorMask","theMarked:Toughness"],"campfire_rested":3,"item_purchase_floors":[19,19,38,56,56,60,60],"current_hp_per_floor":[72,72,72,72,72,43,43,28,28,28,28,15,15,18,39,14,72,72,77,77,75,75,52,32,32,32,36,29,52,52,52,52,41,77,77,77,77,77,73,73,73,72,72,72,72,72,72,72,74,74,74,74,55,67,67,67,67,72,76,76,76,45],"gold":110,"neow_bonus":"THREE_ENEMY_KILL","is_daily":false,"chose_seed":false,"campfire_upgraded":8,"win_rate":0.0,"timestamp":1613561425,"path_taken":["M","?","?","M","$","E","R","M","T","?","R","M","R","M","R","BOSS","M","$","?","M","?","E","M","?","T","M","E","R","M","?","R","BOSS","M","M","?","$","?","E","R","?","PTL","PTL","T","E","M","R","M","E","R","BOSS","M","M","?","$","R","M","R","$","?","BOSS"],"items_purchased_type":["Relic","Potion","Relic","Card","Card","Relic","Card"],"build_version":"2020-12-22","purchased_purges":1,"victory":true,"max_hp_per_floor":[72,72,72,72,72,72,72,72,72,72,72,72,72,72,72,72,72,72,77,77,77,77,77,77,77,77,77,77,77,77,77,77,77,77,77,77,77,77,77,77,77,72,72,72,72,72,72,72,74,74,74,74,74,76,76,76,76,76,76,76,76,76],"card_choices":[{"not_picked":["theMarked:ElectricStrings","theMarked:Aftermath"],"picked":"theMarked:Determination","floor":1},{"not_picked":["theMarked:Aftermath","theMarked:HeightenedSenses"],"picked":"theMarked:ChannelForce","floor":3},{"not_picked":["theMarked:Parkour","theMarked:WastefulAttack","theMarked:Friction"],"picked":"SKIP","floor":4},{"not_picked":["theMarked:ThrowWeapon","theMarked:SwordAndMagic"],"picked":"theMarked:Memento","floor":6},{"not_picked":["theMarked:Pokerface","theMarked:Generate","theMarked:ResourceFulStrike"],"picked":"SKIP","floor":8},{"not_picked":["Menagerie:Staggershock","Menagerie:Languish"],"picked":"Menagerie:SteelWall","floor":10},{"not_picked":["Menagerie:DarkRitual","Menagerie:Dismember"],"picked":"Menagerie:LoxodonWarhammer","floor":10},{"not_picked":["theMarked:AttractMetal","theMarked:Parkour","theMarked:OneWithTheBlade"],"picked":"SKIP","floor":12},{"not_picked":["theMarked:WastefulAttack","theMarked:MysticalArsenal"],"picked":"theMarked:Overcharge","floor":14},{"not_picked":["theMarked:DispelDoubt","theMarked:Challenge"],"picked":"theMarked:Abjuration","floor":16},{"not_picked":["theMarked:Parkour","theMarked:AttractMetal"],"picked":"theMarked:Indomitable","floor":18},{"not_picked":["theMarked:Parkour","theMarked:ResourceFulStrike+1"],"picked":"theMarked:Memento+1","floor":20},{"not_picked":["theMarked:Friction","theMarked:TwofoldDefense","theMarked:Parkour"],"picked":"SKIP","floor":21},{"not_picked":["theMarked:ResourceFulStrike","theMarked:GodGivenPower+1"],"picked":"theMarked:WardOff+1","floor":23},{"not_picked":["theMarked:ShockingTouch","theMarked:TwofoldDefense"],"picked":"theMarked:Heritage+1","floor":24},{"not_picked":["theMarked:Electrify+1","theMarked:TurnInvisible","theMarked:SelfDefenseTraining"],"picked":"SKIP","floor":27},{"not_picked":["theMarked:Improvise","theMarked:Aftermath","theMarked:Reabsorb"],"picked":"SKIP","floor":28},{"not_picked":["theMarked:BindingBlade","theMarked:BiggerThanFate"],"picked":"theMarked:FavorableWinds","floor":30},{"not_picked":["theMarked:HeightenedSenses","theMarked:Frustration","theMarked:RepellingDischarge+1"],"picked":"SKIP","floor":30},{"not_picked":["theMarked:BindingBlade","theMarked:MagusForm"],"picked":"theMarked:Vacuum","floor":33},{"not_picked":["theMarked:WardOff","theMarked:LightningStrikesTwice"],"picked":"theMarked:Memento","floor":35},{"not_picked":["theMarked:WardOff","theMarked:OneWithTheBlade+1"],"picked":"theMarked:Memento","floor":36},{"not_picked":["theMarked:Overcharge","theMarked:ElectricStrings"],"picked":"theMarked:WardOff+1","floor":40},{"not_picked":["theMarked:MuscleMemory+1","theMarked:HeightenedSenses","theMarked:Indomitable"],"picked":"SKIP","floor":46},{"not_picked":["theMarked:Improvise+1","theMarked:CreepingChasm+1","theMarked:TwofoldDefense+1"],"picked":"SKIP","floor":47},{"not_picked":["theMarked:Friction","theMarked:GodGivenPower"],"picked":"theMarked:TheMission","floor":49},{"not_picked":["theMarked:BiggerThanFate","theMarked:ResourceFulStrike"],"picked":"theMarked:Levitate","floor":50},{"not_picked":["theMarked:Improvise","theMarked:ContemptForTheProud","theMarked:Aftermath"],"picked":"SKIP","floor":53},{"not_picked":["theMarked:Polarize","theMarked:TakeCover","theMarked:SwordAndMagic+1"],"picked":"SKIP","floor":54},{"not_picked":["theMarked:ElectricStrings","theMarked:ResourceFulStrike+1","theMarked:ChainLightning+1"],"picked":"SKIP","floor":58}],"player_experience":1747913,"relics_obtained":[{"floor":6,"key":"hubris:BottledRain"},{"floor":9,"key":"hubris:SphereOfDissonance"},{"floor":20,"key":"Gremlin Horn"},{"floor":23,"key":"ReplayTheSpireMod:TigerMarble"},{"floor":26,"key":"reliquary:ExpiredCoupon"},{"floor":28,"key":"reliquary:FeatherDuster"},{"floor":30,"key":"conspire:GiftBox"},{"floor":40,"key":"reliquary:Stiletto"},{"floor":45,"key":"reliquary:Knoch"},{"floor":46,"key":"reliquary:TatteredRug"},{"floor":50,"key":"reliquary:TuningFork"},{"floor":53,"key":"paleoftheancients:SoulOfTheGuardian"}],"event_choices":[{"damage_healed":0,"gold_gain":0,"player_choice":"Spells","damage_taken":0,"max_hp_gain":0,"max_hp_loss":0,"event_name":"Menagerie:MagicPeddler","floor":10,"gold_loss":70}],"is_beta":false,"boss_relics":[{"not_picked":["hubris:BlackHole","Replay:Ancient Bell"],"picked":"Snecko Heart"},{"not_picked":["Busted Crown","hubris:VirtuousBlindfold"],"picked":"theMarked:Eyepatch"}],"items_purged_floors":[38],"is_endless":false,"potions_floor_spawned":[1,8,12,21,27,28,35,40,47,49,58],"ascension_level":0}}