{"host":"am0cr9xwekqmrere","time":1613540293,"event":{"mods":["AchievementEnabler","Act Like it!","BaseMod","Better Altar","Better Match","Better Note","Better Sensory Stone","Better Skull","Better Third Choice","BetterRewards","Conspire","Downfall","Hubris","Infinite Spire","Marisa????????","Minty Spire (QoL Compilation)","Rare Cards Sparkle","Spicy Shops","StSLib","The Servant 0.9.4","Unceasing Turn Reminder"],"gold_per_floor":[113,130,130,55,66,93,112,126,126,145,145,156,156,23,23,147,147,182,182,227,264,303,330,330,330],"floor_reached":24,"language":"ENG","playtime":1347,"items_purged":["Pain"],"score":247,"play_id":"97719d8a-de28-4c21-a57c-1080bc750253","local_time":"20210216233813","is_ascension_mode":false,"campfire_choices":[{"floor":13,"key":"REST"},{"floor":15,"key":"REST"}],"circlet_count":0,"master_deck":["Strike_MRS","Strike_MRS","Strike_MRS","Strike_MRS","Defend_MRS","Defend_MRS","Defend_MRS","Defend_MRS","MasterSpark","UpSweep","NonDirectionalLaser","OneTimeOff","DoubleSpark","MillisecondPulsars","RefractionSpark","GrandCross","PropBag","OortCloud","WitchOfGreed","OpenUniverse","MaximisePower","OortCloud","infinitespire:SevenWalls","SporeBomb","IllusionStar","ChargingUp+1","WitchLeyline+1"],"relics":["MiniHakkero","WarpedTongs","Darkstone Periapt","PreservedInsect","Calipers","hubris:HollowSoul","conspire:TreasureMap","Omamori","Mummified Hand","Sundial"],"acts_visited":["Exordium","TheCity"],"potions_floor_usage":[10,16,18,18,20,21,22,23,23,24],"damage_taken":[{"damage":0,"enemies":"Cultist","floor":1,"turns":3},{"damage":6,"enemies":"infinitespire:Voidling","floor":2,"turns":4},{"damage":1,"enemies":"Jaw Worm","floor":5,"turns":3},{"damage":28,"enemies":"3 Sentries","floor":6,"turns":8},{"damage":6,"enemies":"Exordium Wildlife","floor":7,"turns":3},{"damage":12,"enemies":"2 Fungi Beasts","floor":8,"turns":4},{"damage":4,"enemies":"Gremlin Gang","floor":10,"turns":2},{"damage":2,"enemies":"Looter","floor":12,"turns":3},{"damage":10,"enemies":"Slime Boss","floor":16,"turns":8},{"damage":19,"enemies":"2 Thieves","floor":18,"turns":3},{"damage":16,"enemies":"Shell Parasite","floor":20,"turns":6},{"damage":7,"enemies":"Snake Plant","floor":21,"turns":5},{"damage":28,"enemies":"Snecko","floor":22,"turns":8},{"damage":0,"enemies":"conspire:Head Lice","floor":23,"turns":7},{"damage":23,"enemies":"Shelled Parasite and Fungi","floor":24,"turns":2}],"seed_played":"-586138243652574970","potions_obtained":[{"floor":7,"key":"LiquidMemories"},{"floor":8,"key":"Energy Potion"},{"floor":16,"key":"champ:CounterPotion"},{"floor":16,"key":"Guardian:BlockOnCardUsePotion"},{"floor":18,"key":"Guardian:BlockOnCardUsePotion"},{"floor":18,"key":"BlessingOfTheForge"},{"floor":20,"key":"PowerPotion"},{"floor":21,"key":"EssenceOfSteel"},{"floor":22,"key":"BlessingOfTheForge"},{"floor":23,"key":"FearPotion"}],"is_trial":false,"path_per_floor":["M","M","?","$","M","E","M","M","T","M","?","M","R","$","R","B",null,"M","AVR","M","M","M","E","M"],"character_chosen":"MARISA","items_purchased":["WitchOfGreed","OpenUniverse"],"campfire_rested":2,"item_purchase_floors":[14,14],"current_hp_per_floor":[82,76,76,76,75,47,41,29,29,25,15,13,37,37,61,51,82,63,63,47,40,12,12,0,0],"gold":330,"neow_bonus":"TEN_PERCENT_HP_BONUS","is_daily":false,"chose_seed":false,"campfire_upgraded":0,"win_rate":0.0,"timestamp":1613540293,"path_taken":["M","M","?","$","M","E","M","M","T","?","?","M","R","?","R","BOSS","M","AVR","M","?","M","E","M"],"items_purchased_type":["Card","Card"],"build_version":"2020-12-22","purchased_purges":1,"victory":false,"max_hp_per_floor":[82,82,82,82,82,82,82,82,82,82,82,82,82,82,82,82,82,82,82,82,82,82,82,82,82],"card_choices":[{"not_picked":["ShootingEcho","GalacticHalo"],"picked":"NonDirectionalLaser","floor":1},{"not_picked":["MysteriousBeam","StarBarrage"],"picked":"OneTimeOff","floor":2},{"not_picked":["BlazeAway","Orbital"],"picked":"DoubleSpark","floor":5},{"not_picked":["MeteoricShower","OpenUniverse"],"picked":"MillisecondPulsars","floor":6},{"not_picked":["UnstableBomb","OrrerysSun"],"picked":"RefractionSpark","floor":7},{"not_picked":["6A","NonDirectionalLaser"],"picked":"GrandCross","floor":8},{"not_picked":["WitchLeyline","PowerUp"],"picked":"PropBag","floor":10},{"not_picked":["StarlightTyphoon","6A"],"picked":"OortCloud","floor":12},{"not_picked":["CollectingQuirk","StarDustReverie"],"picked":"MaximisePower","floor":16},{"not_picked":["6A","WitchLeyline"],"picked":"OortCloud","floor":18},{"not_picked":["WitchOfGreed+1","DoubleSpark"],"picked":"SporeBomb","floor":20},{"not_picked":["ChargeUpSpray","UltimateShortwave"],"picked":"IllusionStar","floor":21},{"not_picked":["DC","IllusionStar"],"picked":"ChargingUp+1","floor":22},{"not_picked":["DC","Occultation"],"picked":"WitchLeyline+1","floor":23}],"player_experience":2811794,"relics_obtained":[{"floor":6,"key":"Darkstone Periapt"},{"floor":23,"key":"Omamori"}],"event_choices":[{"damage_healed":0,"gold_gain":0,"player_choice":"Rummage","damage_taken":0,"relics_obtained":["WarpedTongs"],"max_hp_gain":0,"max_hp_loss":0,"event_name":"Accursed Blacksmith","floor":3,"gold_loss":0,"cards_obtained":["Pain"]},{"damage_healed":0,"gold_gain":1,"player_choice":"Relic Relic ","damage_taken":10,"max_hp_gain":0,"max_hp_loss":0,"event_name":"betterThird:BetterScrap","floor":11,"gold_loss":0,"cards_obtained":["Offering"]}],"is_beta":false,"boss_relics":[{"not_picked":["conspire:SlowCooker","conspire:SeveredTorchhead"],"picked":"hubris:HollowSoul"}],"items_purged_floors":[4],"is_endless":false,"potions_floor_spawned":[7,8,16,18,22,23],"killed_by":"Shelled Parasite and Fungi","ascension_level":0}}