{"host":"2l3i55whvwk76mom","time":1613533879,"event":{"mods":["BaseMod","Googly Eyes","Hubris","Minty Spire (QoL Compilation)","Replay The Spire","StSLib"],"gold_per_floor":[359,284,284,304,314,314,329,363,441,53,87,87,105,119,119,214,214,234,252,264,116,223,223,258,198,198,198,232,246,260,275,275,275,275],"floor_reached":33,"language":"ENG","playtime":1929,"items_purged":["Voices","Strike_P"],"score":394,"play_id":"0f0a61c0-15f9-40b4-9de4-472330e3ed99","local_time":"20210216195119","is_ascension_mode":true,"campfire_choices":[{"data":"Eruption","floor":6,"key":"SMITH"},{"floor":12,"key":"REST"},{"data":"Worship","floor":15,"key":"SMITH"},{"floor":23,"key":"REST"},{"floor":27,"key":"REST"}],"circlet_count":0,"master_deck":["Strike_P","Strike_P","Strike_P","Defend_P","Defend_P","Defend_P","Defend_P","Eruption+1","Vigilance","EmptyBody","Pray","FollowUp","Worship+1","EmptyFist","Devotion","ThirdEye","CutThroughFate","CutThroughFate","Omniscience","Evaluate","Consecrate+1","Sanctity+1","MentalFortress","WheelKick","ReplayTheSpireMod:Splinters","Prostrate+1","Conclude+1","Devotion","FollowUp","Tantrum+1"],"relics":["PureWater","FaceOfCleric","Prayer Wheel","Singing Bowl","Oddly Smooth Stone","Lizard Tail","Snecko Heart","Smiling Mask","Mango","Shovel"],"acts_visited":["Exordium","TheCity"],"potions_floor_usage":[11,14,16,20,24],"damage_taken":[{"damage":0,"enemies":"2 Louse","floor":1,"turns":3},{"damage":0,"enemies":"Cultist","floor":4,"turns":4},{"damage":6,"enemies":"Jaw Worm","floor":5,"turns":5},{"damage":1,"enemies":"Looter","floor":7,"turns":3},{"damage":19,"enemies":"Replay:BlueRogue","floor":8,"turns":5},{"damage":14,"enemies":"Lagavulin","floor":11,"turns":7},{"damage":0,"enemies":"Blue Slaver","floor":13,"turns":4},{"damage":1,"enemies":"Large Slime","floor":14,"turns":5},{"damage":48,"enemies":"The Guardian","floor":16,"turns":13},{"damage":12,"enemies":"Chosen","floor":18,"turns":4},{"damage":0,"enemies":"2 Thieves","floor":19,"turns":3},{"damage":50,"enemies":"Shelled Parasite and Fungi","floor":20,"turns":6},{"damage":26,"enemies":"Gremlin Leader","floor":24,"turns":5},{"damage":57,"enemies":"Slavers","floor":28,"turns":7},{"damage":8,"enemies":"Sentry and Sphere","floor":29,"turns":4},{"damage":51,"enemies":"Cultist and Chosen","floor":30,"turns":7},{"damage":4,"enemies":"Centurion and Healer","floor":31,"turns":4},{"damage":99,"enemies":"hubris:MusketHawk","floor":33,"turns":6}],"seed_played":"3612822504998914434","potions_obtained":[{"floor":8,"key":"FearPotion"},{"floor":11,"key":"ColorlessPotion"},{"floor":13,"key":"SkillPotion"},{"floor":18,"key":"Block Potion"},{"floor":20,"key":"AttackPotion"},{"floor":28,"key":"Energy Potion"},{"floor":31,"key":"Energy Potion"}],"is_trial":false,"path_per_floor":["M","$","?","M","M","R","M","E","T","$","E","R","M","M","R","B",null,"M","M","M","$","?","R","E","?","T","R","E","M","M","M","R","B"],"character_chosen":"WATCHER","items_purchased":["Devotion","Oddly Smooth Stone","MentalFortress","WheelKick"],"campfire_rested":3,"item_purchase_floors":[10,10,21,21],"current_hp_per_floor":[72,72,72,73,68,68,68,50,50,50,37,60,63,63,63,16,82,73,76,29,29,33,61,36,36,50,83,27,20,61,62,98,0,0],"gold":275,"neow_bonus":"TWO_FIFTY_GOLD","is_daily":false,"chose_seed":false,"campfire_upgraded":2,"win_rate":0.0,"timestamp":1613533879,"path_taken":["M","$","?","?","M","R","M","E","T","$","E","R","M","M","R","BOSS","M","M","M","$","?","R","E","?","T","R","E","M","M","M","R","BOSS"],"items_purchased_type":["Card","Relic","Card","Card"],"build_version":"2020-12-22","purchased_purges":2,"victory":false,"max_hp_per_floor":[72,72,72,73,74,74,75,76,76,76,77,77,80,81,81,82,82,85,88,91,91,95,95,96,96,110,110,111,112,117,122,122,122,122],"card_choices":[{"not_picked":["Consecrate","Replay:Anticipation"],"picked":"EmptyBody","floor":1},{"not_picked":["Consecrate","SandsOfTime"],"picked":"Pray","floor":4},{"not_picked":["Wireheading","SashWhip"],"picked":"FollowUp","floor":5},{"not_picked":["LikeWater","Protect"],"picked":"Worship","floor":7},{"not_picked":["Replay:ManipulateFuture","FollowUp"],"picked":"EmptyFist","floor":8},{"not_picked":["Evaluate","ClearTheMind"],"picked":"ThirdEye","floor":11},{"not_picked":["DeceiveReality","Study","Halt"],"picked":"Singing Bowl","floor":13},{"not_picked":["Ragnarok","Conclude","ForeignInfluence"],"picked":"SKIP","floor":13},{"not_picked":["FollowUp","Fasting2"],"picked":"CutThroughFate","floor":14},{"not_picked":["Replay:ManipulateFuture","Halt"],"picked":"CutThroughFate","floor":14},{"not_picked":["MasterReality","DevaForm"],"picked":"Omniscience","floor":16},{"not_picked":["Halt","Pray+1","CrushJoints"],"picked":"Singing Bowl","floor":18},{"not_picked":["Perseverance+1","FollowUp+1"],"picked":"Evaluate","floor":18},{"not_picked":["BowlingBash","CutThroughFate+1"],"picked":"Consecrate","floor":19},{"not_picked":["FlurryOfBlows","Perseverance+1","EmptyFist+1"],"picked":"Singing Bowl","floor":19},{"not_picked":["CrushJoints+1","CutThroughFate"],"picked":"Sanctity+1","floor":20},{"not_picked":["DeceiveReality+1","JustLucky","Meditate"],"picked":"Singing Bowl","floor":20},{"not_picked":["SashWhip","EmptyFist+1","Replay:AtTheReady"],"picked":"Singing Bowl","floor":22},{"not_picked":["Replay:Anticipation","Replay:Battleflow+1"],"picked":"Prostrate+1","floor":22},{"not_picked":["Pray","FlyingSleeves","Replay:BluntJabs"],"picked":"Singing Bowl","floor":22},{"not_picked":["Evaluate+1","InnerPeace+1"],"picked":"Conclude+1","floor":24},{"not_picked":["Swivel","Halt"],"picked":"Devotion","floor":28},{"not_picked":["JustLucky","Evaluate"],"picked":"FollowUp","floor":29},{"not_picked":["FlyingSleeves","ClearTheMind"],"picked":"Tantrum+1","floor":29},{"not_picked":["Study","JustLucky","Prostrate+1"],"picked":"Singing Bowl","floor":30},{"not_picked":["EmptyFist","FollowUp","Study"],"picked":"Singing Bowl","floor":30},{"not_picked":["CrushJoints+1","Replay:ManipulateFuture+1","FearNoEvil"],"picked":"Singing Bowl","floor":31},{"not_picked":["Prostrate","FlyingSleeves","FlurryOfBlows"],"picked":"Singing Bowl","floor":31}],"player_experience":381495,"relics_obtained":[{"floor":8,"key":"Prayer Wheel"},{"floor":9,"key":"Singing Bowl"},{"floor":11,"key":"Lizard Tail"},{"floor":24,"key":"Smiling Mask"},{"floor":26,"key":"Mango"},{"floor":28,"key":"Shovel"}],"event_choices":[{"damage_healed":0,"gold_gain":0,"player_choice":"Trade","damage_taken":0,"relics_obtained":["FaceOfCleric"],"max_hp_gain":0,"max_hp_loss":0,"event_name":"FaceTrader","floor":3,"gold_loss":0}],"is_beta":false,"boss_relics":[{"not_picked":["Replay:Ancient Bell","Snecko Eye"],"picked":"Snecko Heart"}],"items_purged_floors":[2,10],"is_endless":false,"potions_floor_spawned":[8,11,13,18,20,28,31],"killed_by":"hubris:MusketHawk","ascension_level":3}}