{"host":"j1eo1fqrqta44853","time":1613543544,"event":{"mods":["Act Like it!","Bartender","BaseMod","Bestiary","Bossed Relics","CatGirl Mod","Custom Start","Downfall","Elementarium","Gensokyo","GungeonMod","HololiveMod","Hubris","Infinite Spire","KinomotoSakuraMod(????)","Koishi","Lobotomy","LobotomyExtend","Marisa????????","Minty Spire (QoL Compilation)","Pale of the Ancients","Rare Cards Sparkle","Reimu??????","Reliquary","Replay The Spire","Ruina","SIMod","Shedinja","Spire Arcade","StSLib","The Alterego","The Jungle","The Marked","The Mystic","The Runesmith","The Senshi","The Vixen","TheBandit","Waifu the Spire","WarShipGirlsR/????R mod","Yakumo Yukari mod"],"gold_per_floor":[99,112,129,579,579,479,479,509,520,620,420,438,63,83,103,198,198,198,214,99,111,96,116,116,116,116,133,133,145,162,195,209,310,310,310,330,330,345,357,357,357,406,315,315,333,333,352,352,352,352],"floor_reached":48,"language":"ENG","playtime":5242,"items_purged":["downfall:Icky","downfall:Icky","downfall:Icky"],"score":506,"play_id":"3e927169-4ccf-496d-a7cb-97e38b6121e1","local_time":"20210217003224","is_ascension_mode":false,"campfire_choices":[{"floor":1,"key":"RECALL"},{"data":"bronze:DelayedSlice","floor":6,"key":"SMITH"},{"data":"bronze:Repair","floor":11,"key":"SMITH"},{"data":"bronze:ItsAFeature","floor":18,"key":"SMITH"},{"data":"bronze:Philosophize","floor":25,"key":"SMITH"},{"data":"bronze:HardenedForm","floor":28,"key":"SMITH"},{"data":"bronze:Mutator","floor":35,"key":"SMITH"},{"floor":40,"key":"REST"},{"data":"bronze:HardenedForm","floor":46,"key":"SMITH"}],"circlet_count":0,"master_deck":["bronze:Strike","bronze:Strike","bronze:Strike","bronze:Strike","bronze:Defend","bronze:Defend","bronze:Defend","bronze:Defend","bronze:Replicate","bronze:Goto","bronze:DelayedSlice+1","bronze:Repair+1","bronze:WhirlingStrike","bronze:ItsAFeature+1","bronze:DelayedGuard","bronze:HardenedForm+1","bronze:Branch","bronze:Philosophize+1","bronze:ChosenStrike+1","bronze:Invalidate+1","bronze:OilSpill+1","bronze:Mutator+1","bronze:Shell","bronze:HardenedForm+1","bronze:DigitalCarnage","bronze:Turbo+1","bronze:Repair+1","bronze:CleanCode","bronze:ClassDefault+1"],"relics":["bronze:PlatinumCore","downfall:HeartBlessingRed","Lantern","downfall:HeartBlessingGreen","downfall:HeartBlessingBlue","Quantum Egg","reliquary:PrincelyHelmet","Orichalcum","SacredBark","DemoMod:DecoyRelic","Shovel","reliquary:SilkGlove","Medical Kit"],"acts_visited":["Exordium","TheCity","TheBeyond"],"potions_floor_usage":[13,20,20,20,31,38,42,42,48,48],"damage_taken":[{"damage":0,"enemies":"Small Slimes","floor":2,"turns":3},{"damage":0,"enemies":"Jaw Worm","floor":3,"turns":3},{"damage":52,"enemies":"3 Sentries","floor":8,"turns":11},{"damage":0,"enemies":"Cultist","floor":9,"turns":3},{"damage":0,"enemies":"downfall:LooterAlt","floor":12,"turns":2},{"damage":7,"enemies":"downfall:FleeingMerchant","floor":13,"turns":4},{"damage":4,"enemies":"Lots of Slimes","floor":14,"turns":2},{"damage":11,"enemies":"Blue Slaver","floor":15,"turns":4},{"damage":13,"enemies":"SI_SHIV_ARCHETYPE","floor":16,"turns":11},{"damage":4,"enemies":"Chosen","floor":19,"turns":5},{"damage":7,"enemies":"downfall:FleeingMerchant","floor":20,"turns":4},{"damage":23,"enemies":"downfall:LooterAlt2","floor":21,"turns":4},{"damage":19,"enemies":"downfall:FleeingMerchant","floor":22,"turns":4},{"damage":0,"enemies":"Snecko","floor":23,"turns":4},{"damage":0,"enemies":"Centurion and Healer","floor":27,"turns":5},{"damage":17,"enemies":"Snake Plant","floor":29,"turns":4},{"damage":0,"enemies":"Sentry and Sphere","floor":30,"turns":4},{"damage":6,"enemies":"Book of Stabbing","floor":31,"turns":4},{"damage":0,"enemies":"Centurion and Healer","floor":32,"turns":5},{"damage":12,"enemies":"WA_ARCHETYPE_CALM","floor":33,"turns":8},{"damage":0,"enemies":"3 Shapes","floor":36,"turns":4},{"damage":13,"enemies":"3 Darklings","floor":38,"turns":6},{"damage":63,"enemies":"Transient","floor":39,"turns":5},{"damage":11,"enemies":"2 Orb Walkers","floor":42,"turns":3},{"damage":0,"enemies":"downfall:FleeingMerchant","floor":43,"turns":4},{"damage":8,"enemies":"Spire Growth","floor":45,"turns":4},{"damage":3,"enemies":"Sphere and 2 Shapes","floor":47,"turns":7},{"damage":86,"enemies":"Sphere and 2 Shapes","floor":48,"turns":21}],"seed_played":"-4057113105349416168","potions_obtained":[{"floor":9,"key":"SteroidPotion"},{"floor":12,"key":"Elixir"},{"floor":15,"key":"bronze:BurnAndBuffPotion"},{"floor":16,"key":"FearPotion"},{"floor":23,"key":"bronze:CleanCodePotion"},{"floor":29,"key":"Block Potion"},{"floor":32,"key":"SteroidPotion"},{"floor":39,"key":"SkillPotion"},{"floor":45,"key":"DemoMod:LeadSkinPotion"},{"floor":47,"key":"ColorlessPotion"}],"is_trial":false,"path_per_floor":["R","M","M","?","?","R","T","E","M","?","R","M","$","M","M","B",null,"R","M","$","M","$","M","T","R","?","M","R","M","M","E","M","B",null,"R","M","?","M","M","R","T","?","$","?","M","R","M","?"],"character_chosen":"THE_AUTOMATON","items_purchased":["Quantum Egg","bronze:DelayedGuard","reliquary:SilkGlove","Medical Kit"],"campfire_rested":1,"item_purchase_floors":[13,13,43,43],"current_hp_per_floor":[77,77,77,77,77,77,77,32,39,39,49,59,52,58,57,54,87,87,87,80,64,55,65,65,65,87,87,87,80,87,82,82,75,87,87,87,87,77,24,50,50,39,49,49,51,51,68,0,0,0],"gold":352,"neow_bonus":"TEN_PERCENT_HP_BONUS","is_daily":false,"chose_seed":false,"campfire_upgraded":7,"win_rate":0.0,"timestamp":1613543544,"path_taken":["R","M","M","?","?","R","T","E","?","?","R","M","$","M","M","BOSS","R","M","$","M","?","M","T","R","?","M","R","?","?","E","M","BOSS","R","M","?","?","M","R","T","?","$","?","M","R","?","?"],"items_purchased_type":["Relic","Card","Relic","Relic"],"build_version":"2020-12-22","purchased_purges":3,"victory":false,"max_hp_per_floor":[77,77,77,77,77,77,77,77,77,77,87,87,87,87,87,87,87,87,87,87,87,87,87,87,87,87,87,87,87,87,87,87,87,87,87,87,87,87,87,87,87,87,87,87,87,87,87,87,87,87],"card_choices":[{"not_picked":["bronze:BugBarrage","bronze:Return"],"picked":"bronze:DelayedSlice","floor":2},{"not_picked":["bronze:BugBarrage","bronze:Overheat"],"picked":"bronze:Repair","floor":3},{"not_picked":["bronze:Deprecate","bronze:ForLoop","bronze:BronzeArmor"],"picked":"SKIP","floor":8},{"not_picked":["bronze:Overload","bronze:Shield"],"picked":"bronze:WhirlingStrike","floor":9},{"not_picked":["bronze:FineTuning","bronze:Allocate","bronze:Overheat"],"picked":"SKIP","floor":12},{"not_picked":["bronze:Iterate","bronze:OilSpill"],"picked":"bronze:ItsAFeature","floor":13},{"not_picked":["bronze:Branch","bronze:GetLatest","bronze:DelayedGuard"],"picked":"SKIP","floor":14},{"not_picked":["bronze:Frontload","bronze:DelayedGuard","bronze:WhirlingStrike"],"picked":"SKIP","floor":15},{"not_picked":["bronze:ShipIt","bronze:Mutator"],"picked":"bronze:HardenedForm","floor":16},{"not_picked":["bronze:CutThrough","bronze:FineTuning+1","bronze:Turbo"],"picked":"SKIP","floor":19},{"not_picked":["bronze:DelayedSlice","bronze:WhirlingStrike"],"picked":"bronze:Branch","floor":20},{"not_picked":["bronze:Safeguard+1","bronze:NullPointer"],"picked":"bronze:Philosophize","floor":21},{"not_picked":["bronze:ForLoop+1","bronze:WildBeam"],"picked":"bronze:ChosenStrike+1","floor":22},{"not_picked":["bronze:Iterate","bronze:BuggyMess"],"picked":"bronze:Invalidate+1","floor":23},{"not_picked":["bronze:DelayedGuard","bronze:Flail"],"picked":"bronze:OilSpill+1","floor":27},{"not_picked":["bronze:SpaghettiCode","bronze:Deprecate","bronze:Backtrace"],"picked":"SKIP","floor":29},{"not_picked":["bronze:Overheat+1","bronze:Invalidate","bronze:BuggyMess"],"picked":"SKIP","floor":30},{"not_picked":["bronze:CutThrough","bronze:DelayedSlice"],"picked":"bronze:Mutator","floor":31},{"not_picked":["bronze:Overload","bronze:Return"],"picked":"bronze:Shell","floor":32},{"not_picked":["bronze:RecursiveStrike","bronze:AlphaBuild"],"picked":"bronze:HardenedForm","floor":33},{"not_picked":["bronze:DelayedGuard","bronze:Shield+1","bronze:CutThrough+1"],"picked":"SKIP","floor":36},{"not_picked":["bronze:ForceShield+1","bronze:Deprecate","bronze:BitShift+1"],"picked":"SKIP","floor":38},{"not_picked":["bronze:WhirlingStrike","bronze:BugBarrage+1","bronze:BitShift+1"],"picked":"SKIP","floor":39},{"not_picked":["bronze:Shell+1","bronze:Shield"],"picked":"bronze:DigitalCarnage","floor":42},{"not_picked":["bronze:Backtrace+1","bronze:WhirlingStrike+1"],"picked":"bronze:Turbo+1","floor":43},{"not_picked":["bronze:Allocate+1","bronze:Boost"],"picked":"bronze:CleanCode","floor":45},{"not_picked":["bronze:DelayedSlice","bronze:ChildClass+1"],"picked":"bronze:ClassDefault+1","floor":47}],"player_experience":1157086,"relics_obtained":[{"floor":8,"key":"Lantern"},{"floor":24,"key":"reliquary:PrincelyHelmet"},{"floor":31,"key":"Orichalcum"},{"floor":41,"key":"DemoMod:DecoyRelic"},{"floor":42,"key":"Shovel"}],"event_choices":[{"damage_healed":29,"gold_gain":0,"player_choice":"Heal","damage_taken":0,"max_hp_gain":0,"max_hp_loss":0,"event_name":"The Library","floor":26,"gold_loss":0},{"damage_healed":0,"gold_gain":0,"player_choice":"Fight","damage_taken":0,"max_hp_gain":0,"max_hp_loss":0,"event_name":"Mysterious Sphere","floor":42,"gold_loss":0}],"is_beta":false,"boss_relics":[{"not_picked":["Honey Jar","Replay:Fungal Core"],"picked":"bronze:PlatinumCore"},{"not_picked":["Replay:Drink Me","Sozu"],"picked":"SacredBark"}],"items_purged_floors":[13,20,43],"is_endless":false,"potions_floor_spawned":[2,9,12,15,16,23,29,32,39,45,47],"killed_by":"Sphere and 2 Shapes","ascension_level":0}}