{"host":"utqe55yv0jihe4d6","time":1613527696,"event":{"mods":["2.2 Compatiblity","AchievementEnabler","BaseMod","Block Reminder","Colored Map","Colored Powertips","Minty Spire (QoL Compilation)","Quick Restart","Rare Cards Sparkle","Relic Stats","SuperFastMode"],"gold_per_floor":[118,133,147,147,112,112,146,146,200,200,200,229,244,18,18,95,95,105,105,105,105,116,116,149,149,219,237,237,237],"floor_reached":28,"language":"ENG","playtime":697,"items_purged":[],"score":488,"play_id":"b0306a41-8086-4214-ba25-011139d9410a","local_time":"20210216210816","is_ascension_mode":true,"campfire_choices":[{"data":"Bash","floor":6.0,"key":"SMITH"},{"data":"Immolate","floor":8.0,"key":"SMITH"},{"data":"Twin Strike","floor":10.0,"key":"SMITH"},{"data":"Shrug It Off","floor":15.0,"key":"SMITH"},{"data":"Feel No Pain","floor":23,"key":"SMITH"},{"floor":25,"key":"REST"}],"circlet_count":0,"master_deck":["AscendersBane","Defend_R","Defend_R","Defend_R","Defend_R","Bash+1","Second Wind","Impervious+1","Cleave","Twin Strike+1","Uppercut+1","Immolate+1","Dropkick","Feel No Pain+1","Shrug It Off+1","Reaper","Disarm+1","Bloodletting","Sword Boomerang","Dropkick"],"relics":["Burning Blood","Anchor","Ancient Tea Set","Regal Pillow","Bronze Scales","Mark of Pain","PreservedInsect","InkBottle"],"acts_visited":["Exordium","TheCity"],"potions_floor_usage":[24,27],"damage_taken":[{"damage":10.0,"enemies":"Small Slimes","floor":1.0,"turns":5.0},{"damage":2.0,"enemies":"2 Louse","floor":2.0,"turns":4.0},{"damage":0.0,"enemies":"Cultist","floor":3.0,"turns":3.0},{"damage":22.0,"enemies":"Gremlin Nob","floor":7.0,"turns":4.0},{"damage":41.0,"enemies":"Lagavulin","floor":12.0,"turns":7.0},{"damage":0.0,"enemies":"Blue Slaver","floor":13.0,"turns":3.0},{"damage":25.0,"enemies":"Hexaghost","floor":16.0,"turns":10.0},{"damage":12.0,"enemies":"3 Byrds","floor":18.0,"turns":3.0},{"damage":12.0,"enemies":"Shell Parasite","floor":22.0,"turns":6.0},{"damage":41,"enemies":"Slavers","floor":24,"turns":5},{"damage":23,"enemies":"Cultist and Chosen","floor":27,"turns":8},{"damage":49,"enemies":"Sentry and Sphere","floor":28,"turns":5}],"seed_played":"4302441181958762338","potions_obtained":[{"floor":1.0,"key":"Energy Potion"},{"floor":2.0,"key":"AttackPotion"},{"floor":12.0,"key":"Fire Potion"},{"floor":16.0,"key":"AttackPotion"},{"floor":22.0,"key":"GamblersBrew"},{"floor":27,"key":"BlessingOfTheForge"}],"is_trial":false,"path_per_floor":["M","M","M","?","?","R","E","R","T","R","?","E","M","$","R","B",null,"M","?","?","?","M","R","E","R","T","M","M"],"character_chosen":"IRONCLAD","items_purchased":["Bronze Scales","BloodPotion"],"campfire_rested":1,"item_purchase_floors":[14,14],"current_hp_per_floor":[64,68,68,48,65,65,49,49,49,49,49,14,20,20,20,14,55,49,30,30,45,45,45,22,58,58,41,0,0],"gold":237,"neow_bonus":"TRANSFORM_TWO_CARDS","is_daily":false,"chose_seed":false,"campfire_upgraded":5,"win_rate":0.0,"timestamp":1613527696,"path_taken":["M","M","M","?","?","R","E","R","T","R","?","E","?","$","R","BOSS","M","?","?","?","M","R","E","R","T","M","M"],"items_purchased_type":["Relic","Potion"],"build_version":"2020-12-22","purchased_purges":0,"victory":false,"max_hp_per_floor":[68,68,68,68,68,68,68,68,68,68,68,68,68,68,68,68,68,68,73,73,73,73,73,73,73,73,73,73,73],"relic_stats":{"Regal Pillow":15,"counters":[12,63],"Bronze Scales":[174],"PreservedInsect":0,"obtain_stats":[{"Anchor":7,"Regal Pillow":12,"Bronze Scales":14,"Mark of Pain":17,"PreservedInsect":24,"Ancient Tea Set":9,"Burning Blood":0,"InkBottle":26},{"Anchor":4,"Regal Pillow":5,"Bronze Scales":6,"Mark of Pain":7,"PreservedInsect":10,"Ancient Tea Set":4,"Burning Blood":0,"InkBottle":10},{"Anchor":16,"Regal Pillow":23,"Bronze Scales":26,"Mark of Pain":36,"PreservedInsect":50,"Ancient Tea Set":16,"Burning Blood":0,"InkBottle":50}],"Burning Blood":60,"InkBottle":[4]},"card_choices":[{"not_picked":["Bloodletting","Iron Wave"],"picked":"Cleave","floor":1.0},{"not_picked":["Hemokinesis","Body Slam"],"picked":"Twin Strike","floor":2.0},{"not_picked":["Dark Embrace","Shrug It Off"],"picked":"Uppercut","floor":3.0},{"not_picked":["Clash","Flame Barrier"],"picked":"Immolate","floor":7.0},{"not_picked":["Pummel","Cleave"],"picked":"Feel No Pain","floor":12.0},{"not_picked":["Anger","Body Slam"],"picked":"Shrug It Off","floor":13.0},{"not_picked":["Offering","Brutality"],"picked":"Reaper","floor":16.0},{"not_picked":["Rampage","Intimidate"],"picked":"Disarm+1","floor":18.0},{"not_picked":["Hemokinesis","Pummel"],"picked":"Dropkick","floor":22.0},{"not_picked":["Fire Breathing","Thunderclap","Wild Strike"],"picked":"SKIP","floor":24},{"not_picked":["Havoc","Twin Strike","Clothesline"],"picked":"SKIP","floor":27}],"player_experience":3077742,"relics_obtained":[{"floor":7.0,"key":"Anchor"},{"floor":9.0,"key":"Ancient Tea Set"},{"floor":12.0,"key":"Regal Pillow"},{"floor":24,"key":"PreservedInsect"},{"floor":26,"key":"InkBottle"}],"event_choices":[{"damage_healed":0.0,"max_hp_gain":0.0,"max_hp_loss":0.0,"gold_gain":0.0,"event_name":"Shining Light","player_choice":"Entered Light","floor":4.0,"gold_loss":0.0,"damage_taken":20.0,"cards_upgraded":["Uppercut","Impervious"]},{"damage_healed":17.0,"max_hp_gain":0.0,"max_hp_loss":0.0,"gold_gain":0.0,"event_name":"The Cleric","player_choice":"Healed","floor":5.0,"gold_loss":35.0,"damage_taken":0.0},{"damage_healed":0.0,"max_hp_gain":0.0,"max_hp_loss":0.0,"gold_gain":0.0,"cards_transformed":["Strike_R"],"event_name":"Transmorgrifier","player_choice":"Transformed","floor":11.0,"gold_loss":0.0,"damage_taken":0.0,"cards_obtained":["Dropkick"]},{"damage_healed":0.0,"max_hp_gain":5.0,"max_hp_loss":0.0,"gold_gain":0.0,"event_name":"Forgotten Altar","player_choice":"Shed Blood","floor":19.0,"gold_loss":0.0,"damage_taken":24.0},{"damage_healed":0.0,"max_hp_gain":0.0,"max_hp_loss":0.0,"gold_gain":0.0,"cards_transformed":["Strike_R","Strike_R"],"event_name":"Drug Dealer","player_choice":"Became Test Subject","floor":20.0,"gold_loss":0.0,"damage_taken":0.0,"cards_obtained":["Bloodletting","Sword Boomerang"]},{"damage_healed":15.0,"max_hp_gain":0.0,"max_hp_loss":0.0,"gold_gain":0.0,"event_name":"The Library","player_choice":"Heal","floor":21.0,"gold_loss":0.0,"damage_taken":0.0}],"is_beta":false,"boss_relics":[{"not_picked":["Sozu","Pandora\u0027s Box"],"picked":"Mark of Pain"}],"items_purged_floors":[],"is_endless":false,"potions_floor_spawned":[1,2,12,16,22,27],"killed_by":"Sentry and Sphere","ascension_level":20}}