{"host":"ee5exjejqz6r5zx9","time":1613577462,"event":{"mods":["ATMod(°¢èªMod)","Act Like it!","BaseMod","Card Forge","Colored Powertips","Custom Start","Gensokyo","HololiveMod","Minty Spire (QoL Compilation)","MostiFishMod","Quick Restart","Rare Cards Sparkle","Relic Filter Mod","Remove Card Discount Mod","Replay The Spire","RumiaBox-Â¶Ã×æ«µÄÉñÃØºÐ×Ó","Shop Mod","StSLib","TestMod","¡¾¹¦ÄÜMod¡¿»ìãçÖ®»·ÐÞ¸´²¹¶¡","¡¾ÒÅÎï¿¨ÅÆ¡¿REMEMod"],"gold_per_floor":[112,3333,3164,3164,3182,3216,3216,3228,3228,3262,3275,3309,2651,2668,2668,2740,2740,2753,2767,2785,2458,2458,2515,2623,2673,2700,2770,2832,2886,2886,2936,2936,3082,3082,3218,3198,3041,3080,3080,3136,3136,3181,3181,3240,3333,2996,3034,3140,3140,3265,3315,3315,3315,2822,2899,2924],"floor_reached":57,"language":"ZHS","playtime":2606,"items_purged":["Strike_R","Strike_R","Strike_R"],"score":4009,"play_id":"e71d2dea-0ced-4d69-a34f-4595c3a8b0a3","local_time":"20210217235742","is_ascension_mode":true,"campfire_choices":[{"data":"Shrug It Off","floor":7,"key":"SMITH"},{"data":"MostiFishMod:CullingBlade","floor":15,"key":"SMITH"},{"floor":32,"key":"RECALL"},{"floor":41,"key":"REST"},{"floor":49,"key":"REST"},{"floor":53,"key":"REST"}],"circlet_count":0,"master_deck":["AscendersBane","Master of Strategy+1","Body Slam+1","Pommel Strike+1","Sword Boomerang+1","Shrug It Off+1","Dark Embrace+1","Entrench+1","Shrug It Off+1","MostiFishMod:CullingBlade+1","Limit Break+1","Feel No Pain+1","REME_ACTH+1","Burning Pact+1","Bloodletting+1","Power Through+1","Dark Embrace+1","Second Wind+1","Feel No Pain+1"],"relics":["Burning Blood","Hammer of Thor","Seething Fire","Anvil of the Gods","testmod-TestBox","REME_ComplimentaryCards","DaveBox","AT_ATBox","testmod-Laevatain","MetatronsCube","SynthV:TestCard","Strawberry","testmod-Hope","Prayer Wheel","StrikeDummy","Prayer Wheel","Boot","King of Hearts","HandDrill","Ancient Tea Set","Charon\u0027s Ashes","Black Star","AT_MibuBalloonWealth","Civilization","AT_RedTearstoneRing","Red Mask","Happy Flower","Omamori","AT_ChloranthyRing","AT_SpeedBoots","Juzu Bracelet","testmod-ArcanaOfDestiny","testmod-Prudence","Medical Kit","AT_BladeRuinedKing","Bag of Preparation","Pantograph","Red Skull","Art of War","Anchor","Onion Ring","testmod-OneHitWonder","ClockworkSouvenir","testmod-IndustrialRevolution","Kunai","AT_SunfireAegis"],"acts_visited":["Exordium","TheCity","TheBeyond","TheEnding"],"potions_floor_usage":[29,56,56],"damage_taken":[{"damage":8,"enemies":"2 Louse","floor":1,"turns":2},{"damage":0,"enemies":"Cultist","floor":2,"turns":2},{"damage":0,"enemies":"Jaw Worm","floor":5,"turns":1},{"damage":0,"enemies":"Gremlin Nob","floor":6,"turns":2},{"damage":8,"enemies":"3 Louse","floor":8,"turns":3},{"damage":0,"enemies":"Lagavulin","floor":10,"turns":4},{"damage":0,"enemies":"Large Slime","floor":11,"turns":2},{"damage":0,"enemies":"Gremlin Nob","floor":12,"turns":2},{"damage":0,"enemies":"Red Slaver","floor":14,"turns":1},{"damage":0,"enemies":"Hexaghost","floor":16,"turns":3},{"damage":0,"enemies":"3 Byrds","floor":18,"turns":2},{"damage":0,"enemies":"2 Thieves","floor":19,"turns":2},{"damage":0,"enemies":"Snecko","floor":20,"turns":2},{"damage":0,"enemies":"REME_1_Revenger","floor":23,"turns":2},{"damage":0,"enemies":"Masked Bandits","floor":24,"turns":2},{"damage":0,"enemies":"Replay:Snechameleon","floor":25,"turns":2},{"damage":0,"enemies":"Centurion and Healer","floor":27,"turns":1},{"damage":0,"enemies":"Shelled Parasite and Fungi","floor":28,"turns":2},{"damage":0,"enemies":"Book of Stabbing","floor":29,"turns":1},{"damage":3,"enemies":"REME_1_Revenger","floor":31,"turns":1},{"damage":0,"enemies":"Pondfish","floor":33,"turns":1},{"damage":0,"enemies":"3 Darklings","floor":35,"turns":1},{"damage":0,"enemies":"Orb Walker","floor":38,"turns":1},{"damage":0,"enemies":"R_Hoarder","floor":40,"turns":1},{"damage":0,"enemies":"Spire Growth","floor":42,"turns":1},{"damage":0,"enemies":"Giant Head","floor":44,"turns":1},{"damage":0,"enemies":"Jaw Worm Horde","floor":45,"turns":1},{"damage":0,"enemies":"Writhing Mass","floor":47,"turns":1},{"damage":0,"enemies":"Reptomancer","floor":48,"turns":1},{"damage":0,"enemies":"Awakened One","floor":50,"turns":2},{"damage":0,"enemies":"Donu and Deca","floor":51,"turns":2},{"damage":0,"enemies":"Shield and Spear","floor":55,"turns":1},{"damage":0,"enemies":"The Heart","floor":56,"turns":3}],"seed_played":"-8251914235174021584","potions_obtained":[{"floor":1,"key":"Elixir"},{"floor":6,"key":"Swift Potion"},{"floor":25,"key":"Adrenaline Potion"},{"floor":31,"key":"Weak Potion"},{"floor":39,"key":"DistilledChaos"}],"is_trial":false,"path_per_floor":["M","M","$","?","M","E","R","M","T","E","M","E","$","M","R","B",null,"M","M","M","$","?","E","?","E","T","M","M","E","?","E","R","B",null,"M","?","$","M","?","E","R","M","T","E","M","$","M","E","R","B","B",null,"R","$","E","B",null],"character_chosen":"IRONCLAD","items_purchased":["Strawberry","HandDrill","Ancient Tea Set","Charon\u0027s Ashes","AT_MibuBalloonWealth","Civilization","Medical Kit","Art of War","Anchor","testmod-OneHitWonder","ClockworkSouvenir","testmod-IndustrialRevolution"],"campfire_rested":3,"item_purchase_floors":[3,13,13,13,21,21,37,46,46,54,54,54],"current_hp_per_floor":[66,72,79,82,82,82,82,80,80,82,82,82,82,82,82,82,82,82,82,82,82,82,83,87,92,92,97,102,107,75,83,83,94,115,126,126,126,132,132,137,137,142,142,147,152,152,157,162,162,167,172,172,172,172,177,182],"gold":2924,"neow_bonus":"UPGRADE_CARD","is_daily":false,"chose_seed":false,"campfire_upgraded":2,"win_rate":0.0,"timestamp":1613577462,"path_taken":["M","M","$","?","M","E","R","M","T","E","M","E","?","M","R","BOSS","M","?","M","$","?","E","?","E","T","M","M","E","?","E","R","BOSS","M","?","$","M","?","E","R","M","T","E","M","?","M","E","R","BOSS","BOSS","R","$","E","BOSS"],"items_purchased_type":["Relic","Relic","Relic","Relic","Relic","Relic","Relic","Relic","Relic","Relic","Relic","Relic"],"build_version":"2020-12-22","purchased_purges":3,"victory":true,"max_hp_per_floor":[75,75,82,82,82,82,82,82,82,82,82,82,82,82,82,82,82,82,82,82,82,82,83,87,92,92,97,102,107,112,117,117,122,122,127,127,127,132,132,137,137,142,142,147,152,152,157,162,162,167,172,172,172,172,177,182],"card_choices":[{"not_picked":["Headbutt","AT_CaressingTears"],"picked":"Body Slam","floor":1},{"not_picked":["Intimidate","REME_Scribble","Cleave","Wild Strike"],"picked":"Pommel Strike","floor":2},{"not_picked":["ReplayTheSpireMod:Muscle Training","Pummel","Heavy Blade","Spot Weakness"],"picked":"Sword Boomerang","floor":5},{"not_picked":["Perfected Strike","AT_BodySlamDance","AT_DiedThrough","Pummel"],"picked":"Shrug It Off","floor":6},{"not_picked":["Cleave","Twin Strike","Body Slam","ReplayTheSpireMod:Corrosion Curse"],"picked":"Dark Embrace","floor":8},{"not_picked":["Sword Boomerang","Ghostly Armor","Rage","MostiFishMod:CullingBlade"],"picked":"Entrench","floor":8},{"not_picked":["Cleave","Combust","Clash","ReplayTheSpireMod:Limb From Limb","Thunderclap"],"picked":"SKIP","floor":10},{"not_picked":["Dropkick","Thunderclap","Warcry","Searing Blow"],"picked":"Shrug It Off","floor":11},{"not_picked":["Reckless Charge","Armaments","ReplayReversal","AT_DrawKnifeCut","Pommel Strike"],"picked":"SKIP","floor":11},{"not_picked":["Pommel Strike","Headbutt","Defy Death","Uppercut","Run Through"],"picked":"SKIP","floor":11},{"not_picked":["Heavy Blade","AT_ManFootWork","ReplayTheSpireMod:Limb From Limb","MostiFishMod:BrandingRite","Thunderclap"],"picked":"SKIP","floor":12},{"not_picked":["Warcry","Life Link","Abandon","AT_GerminateFire"],"picked":"MostiFishMod:CullingBlade","floor":14},{"not_picked":["Blood for Blood","REME_SingleHolding","REME_FearOfPain","Wild Strike","Twin Strike"],"picked":"SKIP","floor":14},{"not_picked":["Sever Soul","Thunderclap","Headbutt","Replay:Undeath\u0027s Touch","AT_ShrugMaster"],"picked":"SKIP","floor":14},{"not_picked":["Immolate","REME_TheLastStrike","Berserk","REME_ACTH"],"picked":"Limit Break","floor":16},{"not_picked":["Iron Wave","Body Slam+1","Sword Boomerang+1","Perfected Strike","Anger"],"picked":"SKIP","floor":18},{"not_picked":["Spot Weakness","Perfected Strike","AT_IchimonjiDouble","Feed","AT_GerminateFire"],"picked":"SKIP","floor":18},{"not_picked":["AT_DrawKnifeCut","ReplayReversal","Uppercut","Dark Embrace","Armaments"],"picked":"SKIP","floor":18},{"not_picked":["Warcry+1","ReplayTheSpireMod:LeadingStrike","Anger","Cleave","Massacre"],"picked":"SKIP","floor":19},{"not_picked":["AT_BodySlamDance","Heavy Blade","Havoc","Flame Barrier","Twin Strike"],"picked":"SKIP","floor":19},{"not_picked":["Heavy Blade","Wild Strike+1","Armaments","Pommel Strike","Ghostly Armor"],"picked":"SKIP","floor":19},{"not_picked":["Pommel Strike","Run Through+1","Metallicize","Armaments"],"picked":"Feel No Pain","floor":20},{"not_picked":["AT_Dispersion","AT_IchimonjiDouble","Seeing Red","Pommel Strike","Twin Strike"],"picked":"SKIP","floor":20},{"not_picked":["AT_BodySlamDance+1","Havoc+1","Cleave","Abandon","Inflame"],"picked":"SKIP","floor":20},{"not_picked":["Anger","AT_ShrugMaster","Reckless Charge","Hemokinesis","MostiFishMod:BrandingRite"],"picked":"SKIP","floor":23},{"not_picked":["MostiFishMod:DarkDeal","Cleave","Body Slam","Pommel Strike"],"picked":"REME_ACTH","floor":25},{"not_picked":["ReplayReversal","Metallicize","Ghostly Armor","Searing Blow"],"picked":"Burning Pact","floor":27},{"not_picked":["Clothesline","Body Slam","Dual Wield","REME_Cut","AT_BodySlamDance"],"picked":"SKIP","floor":27},{"not_picked":["Metallicize","Iron Wave","Warcry","ReplayTheSpireMod:Strike From Hell","Immolate"],"picked":"SKIP","floor":27},{"not_picked":["ReplayTheSpireMod:Strike From Hell","Life Link+1","MostiFishMod:#F4004","Thunderclap","Perfected Strike"],"picked":"SKIP","floor":28},{"not_picked":["Perfected Strike+1","Defy Death","Fire Breathing","Havoc","Clothesline+1"],"picked":"SKIP","floor":28},{"not_picked":["Shrug It Off","MostiFishMod:BrandingRite","Anger+1","Headbutt","Run Through"],"picked":"SKIP","floor":28},{"not_picked":["Body Slam","Pommel Strike","Searing Blow","Perfected Strike"],"picked":"Bloodletting","floor":29},{"not_picked":["Havoc","Corruption","Rage","Body Slam","Reckless Charge"],"picked":"SKIP","floor":31},{"not_picked":["Sever Soul","Sword Boomerang","Clothesline+1","Shrug It Off+1","Wild Strike"],"picked":"SKIP","floor":35},{"not_picked":["AT_IchimonjiDouble","Havoc+1","Flex+1","AT_BodySlamDance","Carnage"],"picked":"SKIP","floor":35},{"not_picked":["Uppercut","MostiFishMod:KnuckleDown","Twin Strike+1","Replay:Undeath\u0027s Touch","Cleave+1"],"picked":"SKIP","floor":35},{"not_picked":["Clash","Reckless Charge","Dual Wield","AT_DrawKnifeCut","Thunderclap+1"],"picked":"SKIP","floor":38},{"not_picked":["Seeing Red","Bloodletting+1","Sword Boomerang","Intimidate+1","Flex"],"picked":"SKIP","floor":38},{"not_picked":["ReplayTheSpireMod:Limb From Limb","Twin Strike","Cleave+1","Flex","Clothesline"],"picked":"SKIP","floor":38},{"not_picked":["AT_DrawKnifeCut+1","Exhume","Heavy Blade","Shrug It Off","Iron Wave"],"picked":"SKIP","floor":40},{"not_picked":["Inflame","Warcry","Dual Wield","REME_Scribble","Shrug It Off+1"],"picked":"SKIP","floor":42},{"not_picked":["Hemokinesis+1","Sentinel","Impervious","Pommel Strike+1","Run Through+1"],"picked":"SKIP","floor":42},{"not_picked":["Warcry+1","Replay:Undeath\u0027s Touch+1","REME_FearOfPain","Combust","Havoc"],"picked":"SKIP","floor":42},{"not_picked":["Clash","Combust","REME_Cut","Iron Wave"],"picked":"Power Through","floor":44},{"not_picked":["Sword Boomerang","Havoc+1","ReplayTheSpireMod:Strike From Hell+1","ReplayTheSpireMod:Limb From Limb+1"],"picked":"Dark Embrace+1","floor":45},{"not_picked":["Inflame+1","Flex+1","True Grit+1","Wild Strike"],"picked":"Second Wind+1","floor":45},{"not_picked":["AT_GerminateFire+1","Perfected Strike","Seeing Red","Double Tap","AT_IchimonjiDouble"],"picked":"SKIP","floor":45},{"not_picked":["Wild Strike","Sword Boomerang","MostiFishMod:#F4004","ReplayTheSpireMod:LeadingStrike"],"picked":"Feel No Pain","floor":47},{"not_picked":["Clash","REME_Scribble","REME_FearOfPain","Shrug It Off","Inflame"],"picked":"SKIP","floor":47},{"not_picked":["Body Slam","Shrug It Off","Entrench+1","Whirlwind","Sword Boomerang+1"],"picked":"SKIP","floor":47},{"not_picked":["Clash","REME_Scribble","REME_FearOfPain","Shrug It Off","Inflame"],"picked":"SKIP","floor":47},{"not_picked":["Body Slam","Shrug It Off","Entrench+1","Whirlwind","Sword Boomerang+1"],"picked":"SKIP","floor":47},{"not_picked":["Pommel Strike+1","MostiFishMod:NewArrival","Iron Wave","MostiFishMod:404NotFound","ReplayTheSpireMod:Muscle Training+1"],"picked":"SKIP","floor":48},{"not_picked":["Replay:Undeath\u0027s Touch+1","Twin Strike","Havoc","Perfected Strike","Blood for Blood"],"picked":"SKIP","floor":55}],"player_experience":455221,"relics_obtained":[{"floor":1,"key":"SynthV:TestCard"},{"floor":6,"key":"testmod-Hope"},{"floor":9,"key":"StrikeDummy"},{"floor":10,"key":"Boot"},{"floor":12,"key":"King of Hearts"},{"floor":23,"key":"AT_RedTearstoneRing"},{"floor":24,"key":"Red Mask"},{"floor":25,"key":"Happy Flower"},{"floor":25,"key":"Omamori"},{"floor":26,"key":"AT_ChloranthyRing"},{"floor":29,"key":"AT_SpeedBoots"},{"floor":31,"key":"Juzu Bracelet"},{"floor":31,"key":"testmod-ArcanaOfDestiny"},{"floor":40,"key":"AT_BladeRuinedKing"},{"floor":40,"key":"Bag of Preparation"},{"floor":44,"key":"Pantograph"},{"floor":44,"key":"Red Skull"},{"floor":48,"key":"Onion Ring"},{"floor":55,"key":"Kunai"},{"floor":55,"key":"AT_SunfireAegis"}],"event_choices":[{"damage_healed":3,"gold_gain":0,"player_choice":"Full Heal","damage_taken":0,"max_hp_gain":0,"max_hp_loss":0,"event_name":"Wheel of Change","floor":4,"gold_loss":0},{"damage_healed":0,"gold_gain":0,"player_choice":"Ignored","damage_taken":0,"max_hp_gain":0,"max_hp_loss":0,"event_name":"Vampires","floor":22,"gold_loss":0},{"damage_healed":0,"gold_gain":0,"player_choice":"Fought Bandits","damage_taken":0,"max_hp_gain":0,"max_hp_loss":0,"event_name":"Masked Bandits","floor":24,"gold_loss":0},{"damage_healed":0,"gold_gain":0,"player_choice":"Shed Blood","damage_taken":37,"max_hp_gain":5,"max_hp_loss":0,"event_name":"Forgotten Altar","floor":30,"gold_loss":0},{"damage_healed":0,"gold_gain":0,"player_choice":"Bought 1 Potion","damage_taken":0,"max_hp_gain":0,"max_hp_loss":0,"event_name":"The Woman in Blue","floor":36,"gold_loss":0},{"damage_healed":0,"gold_gain":0,"player_choice":"Got Potions","damage_taken":0,"max_hp_gain":0,"max_hp_loss":0,"event_name":"Lab","floor":39,"gold_loss":0}],"is_beta":false,"boss_relics":[{"not_picked":["REME_DuelDisc","NightmareShop"],"picked":"Black Star"},{"not_picked":["Coffee Dripper","Philosopher\u0027s Stone"],"picked":"testmod-Prudence"}],"items_purged_floors":[3,21,21],"is_endless":false,"potions_floor_spawned":[1,6,8,10,12,19,24,25,27,31,33,40,44,45,48],"ascension_level":20}}