{"host":"qjv9b7mze4c73keh","time":1613592574,"event":{"mods":["BaseMod","Colored Map","Colored Powertips","DeckTracker","Highlight Path","Minty Spire (QoL Compilation)","Rare Cards Sparkle","Synergy Search","Unceasing Turn Reminder"],"gold_per_floor":[117,134,152,152,77,88,88,101,127,77,88,88,107,120,120,216,216,232,232,252,285,285,285],"floor_reached":22,"language":"RUS","playtime":2026,"items_purged":["Defend_G"],"score":180,"play_id":"42ea2121-bc95-48e4-a815-0ba59e71c335","local_time":"20210218010934","is_ascension_mode":false,"campfire_choices":[{"data":"Bouncing Flask","floor":7,"key":"SMITH"},{"floor":12,"key":"REST"},{"floor":15,"key":"REST"}],"circlet_count":0,"master_deck":["Strike_G","Strike_G","Strike_G","Strike_G","Defend_G","Defend_G","Defend_G","Survivor","Neutralize","Slice","Escape Plan","Bouncing Flask+1","Bouncing Flask","CurseOfTheBell","Crippling Poison+1","Prepared+1","Deadly Poison","Deflect+1"],"relics":["Ring of the Snake","PreservedInsect","Calling Bell","Ancient Tea Set","Molten Egg 2","Prayer Wheel","Red Mask"],"acts_visited":["Exordium","TheCity"],"potions_floor_usage":[6,6,11,13,16,16,21,22],"damage_taken":[{"damage":0,"enemies":"Cultist","floor":1,"turns":5},{"damage":2,"enemies":"Jaw Worm","floor":2,"turns":3},{"damage":1,"enemies":"Small Slimes","floor":3,"turns":3},{"damage":2,"enemies":"Exordium Thugs","floor":6,"turns":4},{"damage":2,"enemies":"Looter","floor":8,"turns":3},{"damage":6,"enemies":"Exordium Wildlife","floor":11,"turns":4},{"damage":13,"enemies":"Large Slime","floor":13,"turns":7},{"damage":13,"enemies":"Exordium Thugs","floor":14,"turns":4},{"damage":44,"enemies":"The Guardian","floor":16,"turns":7},{"damage":13,"enemies":"Spheric Guardian","floor":18,"turns":5},{"damage":10,"enemies":"3 Byrds","floor":20,"turns":4},{"damage":28,"enemies":"Masked Bandits","floor":21,"turns":4},{"damage":12,"enemies":"Sentry and Sphere","floor":22,"turns":2}],"seed_played":"8773506264273422442","potions_obtained":[{"floor":0,"key":"Regen Potion"},{"floor":0,"key":"BlessingOfTheForge"},{"floor":0,"key":"Regen Potion"},{"floor":1,"key":"CunningPotion"},{"floor":6,"key":"Explosive Potion"},{"floor":8,"key":"Poison Potion"},{"floor":14,"key":"LiquidMemories"},{"floor":20,"key":"Block Potion"},{"floor":21,"key":"Strength Potion"}],"is_trial":false,"path_per_floor":["M","M","M","?","$","M","R","M","T","?","M","R","M","M","R","B",null,"M","?","M","?","M"],"character_chosen":"THE_SILENT","items_purchased":[],"campfire_rested":2,"item_purchase_floors":[],"current_hp_per_floor":[70,68,67,67,67,65,65,63,63,63,57,70,57,44,65,36,70,57,44,34,6,0,0],"gold":285,"neow_bonus":"THREE_SMALL_POTIONS","is_daily":false,"chose_seed":false,"campfire_upgraded":1,"win_rate":0.0,"timestamp":1613592574,"path_taken":["M","M","?","?","?","M","R","M","T","?","M","R","M","M","R","BOSS","M","?","M","?","M"],"items_purchased_type":[],"build_version":"2020-12-22","purchased_purges":1,"victory":false,"max_hp_per_floor":[70,70,70,70,70,70,70,70,70,70,70,70,70,70,70,70,70,70,75,75,75,75,75],"card_choices":[{"not_picked":["Cloak And Dagger","Predator"],"picked":"Slice","floor":1},{"not_picked":["Crippling Poison","PiercingWail"],"picked":"Escape Plan","floor":2},{"not_picked":["Prepared","Infinite Blades","Storm of Steel"],"picked":"SKIP","floor":3},{"not_picked":["Backflip","Quick Slash"],"picked":"Bouncing Flask","floor":6},{"not_picked":["Prepared","PiercingWail","Flying Knee"],"picked":"SKIP","floor":8},{"not_picked":["Prepared","Bane","Blade Dance"],"picked":"SKIP","floor":11},{"not_picked":["Underhanded Strike","Distraction"],"picked":"Bouncing Flask","floor":13},{"not_picked":["Bouncing Flask","Calculated Gamble","Doppelganger"],"picked":"SKIP","floor":14},{"not_picked":["Bouncing Flask","Dagger Throw+1"],"picked":"Crippling Poison+1","floor":18},{"not_picked":["Reflex","Bane+1"],"picked":"Prepared+1","floor":18},{"not_picked":["Dagger Spray+1","Underhanded Strike+1"],"picked":"Deadly Poison","floor":20},{"not_picked":["Deflect","Underhanded Strike+1","Distraction"],"picked":"SKIP","floor":20},{"not_picked":["Malaise","Masterful Stab+1"],"picked":"Deflect+1","floor":21}],"player_experience":117228,"relics_obtained":[{"floor":9,"key":"PreservedInsect"},{"floor":17,"key":"Ancient Tea Set"},{"floor":17,"key":"Molten Egg 2"},{"floor":17,"key":"Prayer Wheel"},{"floor":21,"key":"Red Mask"}],"event_choices":[{"cards_removed":["Strike_G"],"damage_healed":0,"gold_gain":0,"player_choice":"Purged","damage_taken":0,"max_hp_gain":0,"max_hp_loss":0,"event_name":"Purifier","floor":4,"gold_loss":0},{"cards_removed":["Defend_G"],"damage_healed":0,"gold_gain":0,"player_choice":"Card Removal","damage_taken":0,"max_hp_gain":0,"max_hp_loss":0,"event_name":"The Cleric","floor":10,"gold_loss":50},{"damage_healed":0,"gold_gain":0,"player_choice":"Shed Blood","damage_taken":18,"max_hp_gain":5,"max_hp_loss":0,"event_name":"Forgotten Altar","floor":19,"gold_loss":0},{"damage_healed":0,"gold_gain":0,"player_choice":"Fought Bandits","damage_taken":0,"max_hp_gain":0,"max_hp_loss":0,"event_name":"Masked Bandits","floor":21,"gold_loss":0}],"is_beta":false,"boss_relics":[{"not_picked":["Astrolabe","Sozu"],"picked":"Calling Bell"}],"items_purged_floors":[5],"is_endless":false,"potions_floor_spawned":[1,6,8,14,20,21],"killed_by":"Sentry and Sphere","ascension_level":0}}