{"host":"y5gwkyp54bvo4ymw","time":1613575213,"event":{"mods":["Aspiration","BaseMod","Better Synergies","Better Third Choice","BetterRewards","Challenge The Spire","Clawfect","Colored Map","Conspire","DeckTracker","Dota2Spire","Energized Spire","GifTheSpireLib","Gold Saver","Halation","Hermit","Hubris","Infinite Spire","Jedi Mod","Minty Spire (QoL Compilation)","Permanent Neow","Rare Cards Sparkle","Reliquary","Replay The Spire","Spikes Relics","StSLib","Stuff the Spire","The Blue Laboratory","The Cursed","Virulent Crown","Wandering Minibosses"],"gold_per_floor":[790,790,801,817,817,817,843,854,900,910,910,920,920,950,950,950,950],"floor_reached":16,"language":"ENG","playtime":541,"items_purged":[],"score":211,"play_id":"6ee62287-19dc-4752-835e-9e0986c3cdb2","local_time":"20210217102013","is_ascension_mode":true,"campfire_choices":[{"data":"Bash","floor":6.0,"key":"SMITH"},{"data":"Shrug It Off","floor":11.0,"key":"SMITH"},{"data":"Headbutt","floor":13.0,"key":"SMITH"}],"circlet_count":0,"master_deck":["Strike_R","Strike_R","Strike_R","Strike_R","Strike_R","Defend_R","Defend_R","Defend_R","Defend_R","Bash+1","Body Slam+1","Headbutt+1","Disarm","Shrug It Off+1","Shrug It Off"],"relics":["Burning Blood","Gremlin Food","StuffTheSpire:Mouthbags","hubris:Spice","hubris:Icosahedron"],"acts_visited":["Exordium"],"potions_floor_usage":[],"damage_taken":[{"damage":0.0,"enemies":"2 Louse","floor":1.0,"turns":2.0},{"damage":14.0,"enemies":"infinitespire:Voidling","floor":3.0,"turns":4.0},{"damage":6.0,"enemies":"Cultist","floor":4.0,"turns":4.0},{"damage":12.0,"enemies":"3 Sentries","floor":7.0,"turns":10.0},{"damage":16.0,"enemies":"2 Fungi Beasts","floor":8.0,"turns":4.0},{"damage":5.0,"enemies":"Large Slime","floor":10.0,"turns":6.0},{"damage":2.0,"enemies":"Red Slaver","floor":12.0,"turns":3.0},{"damage":33.0,"enemies":"Gremlin Nob","floor":14.0,"turns":5.0},{"damage":0,"enemies":"Fading Forest","floor":16,"turns":1}],"seed_played":"-260440713839645382","potions_obtained":[{"floor":3.0,"key":"Ancient Potion"},{"floor":4.0,"key":"blueLaboratory:StoneskinPotion"},{"floor":7.0,"key":"jedi:hoardpotion"}],"is_trial":false,"path_per_floor":["M","?","M","M","?","R","E","M","T","M","R","M","R","E","R_BF","B"],"character_chosen":"IRONCLAD","items_purchased":[],"campfire_rested":0,"item_purchase_floors":[],"current_hp_per_floor":[78,78,79,79,79,79,73,63,63,64,64,68,68,49,49,49,49],"gold":950,"neow_bonus":"","is_daily":false,"chose_seed":false,"campfire_upgraded":3,"win_rate":0.0,"timestamp":1613575213,"path_taken":["M","?","M","M","?","R","E","M","T","?","R","M","R","E","R_BF","BOSS"],"items_purchased_type":[],"build_version":"2020-12-22","purchased_purges":0,"victory":false,"max_hp_per_floor":[80,80,80,80,80,80,80,80,80,80,80,80,80,88,88,88,88],"card_choices":[{"not_picked":["Pommel Strike","hubris:ReadiedAction"],"picked":"Body Slam","floor":1.0},{"not_picked":["ReplayTheSpireMod:Muscle Training","Twin Strike"],"picked":"Headbutt","floor":3.0},{"not_picked":["Clothesline","jedi:fear","Infernal Blade"],"picked":"SKIP","floor":4.0},{"not_picked":["Havoc","Abandon"],"picked":"Disarm","floor":7.0},{"not_picked":["Spot Weakness","Cleave"],"picked":"Shrug It Off","floor":8.0},{"not_picked":["Cleave","Thunderclap"],"picked":"Shrug It Off","floor":10.0},{"not_picked":["Sever Soul","StuffTheSpire:Pyroclast","Warcry"],"picked":"SKIP","floor":12.0},{"not_picked":["Reaper","StuffTheSpire:Slingshot","Flex"],"picked":"SKIP","floor":14.0}],"player_experience":597571,"relics_obtained":[{"floor":7.0,"key":"Gremlin Food"},{"floor":9.0,"key":"StuffTheSpire:Mouthbags"},{"floor":14.0,"key":"hubris:Spice"}],"event_choices":[{"damage_healed":78.0,"max_hp_gain":0.0,"max_hp_loss":80.0,"gold_gain":0.0,"event_name":"betterThird:BetterShining","player_choice":"Leave","floor":2.0,"gold_loss":0.0,"damage_taken":0.0},{"damage_healed":0.0,"max_hp_gain":0.0,"max_hp_loss":0.0,"gold_gain":0.0,"event_name":"Upgrade Shrine","player_choice":"Upgraded","floor":5.0,"gold_loss":0.0,"damage_taken":0.0,"cards_upgraded":["Body Slam"]}],"is_beta":false,"boss_relics":[],"items_purged_floors":[],"is_endless":false,"potions_floor_spawned":[3,4,7],"killed_by":"Fading Forest","ascension_level":6}}