{"host":"5dk97cf2ubw2v967","time":1613580385,"event":{"mods":["AlwaysNeverKeys","BaseMod","Better Altar","Better Vampires","Block Reminder","Card Filter","Colored Powertips","Downfall","Googly Eyes","Highlight Path","Minty Spire (QoL Compilation)","Permanent Neow","Potion Indicator Mod","Quick Restart","Relic Filter","Relic Stats","Say the Spire","Spicy Shops","StSLib","Waifu the Spire","everything is the same but u backflip on backflip"],"gold_per_floor":[118,134,150,163,38,38,72,72,72,106,106,131,172,331,331,415,415,432,45,54,80,80,120,120,120,120,46,46,72,72,101,101,101,101],"floor_reached":33,"language":"ENG","playtime":1480,"items_purged":["Doubt"],"score":602,"play_id":"15b10255-2efe-4aa5-8bef-477eae1ac970","local_time":"20210217164625","is_ascension_mode":true,"campfire_choices":[{"data":"Demon Form","floor":6,"key":"SMITH"},{"data":"Bloodletting","floor":8,"key":"SMITH"},{"data":"Metallicize","floor":11,"key":"SMITH"},{"data":"Pummel","floor":15,"key":"SMITH"},{"floor":24,"key":"REST"},{"data":"Dark Embrace","floor":28,"key":"SMITH"},{"data":"Mayhem","floor":30,"key":"SMITH"},{"floor":32,"key":"REST"}],"circlet_count":0,"master_deck":["AscendersBane","Strike_R","Strike_R","Strike_R","Strike_R","Strike_R","Defend_R","Defend_R","Defend_R","Defend_R","Bash","Demon Form+1","Pummel+1","Whirlwind","Sever Soul","Bloodletting+1","Metallicize+1","Pummel","Battle Trance","Feel No Pain","Reaper","Reaper","Mayhem+1","Feel No Pain","Pain","Ghostly Armor","Reaper","Dark Embrace+1","Battle Trance"],"relics":["Burning Blood","Singing Bowl","CeramicFish","Centennial Puzzle","Strawberry","Runic Cube","WarpedTongs","Omamori","Tiny Chest","Paper Frog"],"acts_visited":["Exordium","TheCity"],"potions_floor_usage":[3,10,10,31,33],"damage_taken":[{"damage":7,"enemies":"Small Slimes","floor":1,"turns":4},{"damage":12,"enemies":"Jaw Worm","floor":2,"turns":3},{"damage":1,"enemies":"Cultist","floor":3,"turns":3},{"damage":7,"enemies":"3 Louse","floor":4,"turns":2},{"damage":14,"enemies":"Lagavulin","floor":7,"turns":6},{"damage":5,"enemies":"Gremlin Nob","floor":10,"turns":3},{"damage":3,"enemies":"Blue Slaver","floor":12,"turns":1},{"damage":18,"enemies":"3 Sentries","floor":13,"turns":4},{"damage":47,"enemies":"The Guardian","floor":16,"turns":8},{"damage":49,"enemies":"Shell Parasite","floor":18,"turns":5},{"damage":3,"enemies":"3 Byrds","floor":21,"turns":6},{"damage":69,"enemies":"Gremlin Leader","floor":23,"turns":8},{"damage":23,"enemies":"Sentry and Sphere","floor":29,"turns":8},{"damage":54,"enemies":"Slavers","floor":31,"turns":9},{"damage":77,"enemies":"Automaton","floor":33,"turns":6}],"seed_played":"-3590686126096847139","potions_obtained":[{"floor":1,"key":"BloodPotion"},{"floor":2,"key":"Swift Potion"},{"floor":3,"key":"hexamod:SoulburnPotion"},{"floor":7,"key":"Energy Potion"},{"floor":29,"key":"Explosive Potion"},{"floor":31,"key":"Swift Potion"}],"is_trial":false,"path_per_floor":["M","M","M","M","$","R","E","R","T","E","R","M","E","?","R","B",null,"M","$","?","M","?","E","R","?","T","$","R","M","R","E","R","B"],"character_chosen":"IRONCLAD","items_purchased":["Metallicize","Mayhem","Feel No Pain","Dark Embrace"],"campfire_rested":2,"item_purchase_floors":[5,19,19,27],"current_hp_per_floor":[67,61,75,74,74,74,66,66,66,67,67,70,65,65,65,24,68,46,46,46,65,65,32,57,57,57,57,57,44,44,22,47,0,0],"gold":101,"neow_bonus":"ONE_RANDOM_RARE_CARD","is_daily":false,"chose_seed":false,"campfire_upgraded":6,"win_rate":0.0,"timestamp":1613580385,"path_taken":["M","M","M","M","$","R","E","R","T","E","R","M","E","?","R","BOSS","M","$","?","?","?","E","R","?","T","?","R","M","R","E","R","BOSS"],"items_purchased_type":["Card","Card","Card","Card"],"build_version":"2020-12-22","purchased_purges":1,"victory":false,"max_hp_per_floor":[75,75,75,75,75,75,75,75,75,75,75,75,82,82,82,82,82,84,84,84,84,84,84,84,84,84,84,84,84,84,86,86,86,86],"relic_stats":{"Centennial Puzzle":[24],"Singing Bowl":4,"counters":[15,76],"CeramicFish":108,"Tiny Chest":0,"obtain_stats":[{"Centennial Puzzle":10,"Singing Bowl":7,"CeramicFish":9,"Strawberry":13,"Tiny Chest":26,"Omamori":23,"Burning Blood":0,"Runic Cube":17,"WarpedTongs":20,"Paper Frog":31},{"Centennial Puzzle":6,"Singing Bowl":5,"CeramicFish":5,"Strawberry":8,"Tiny Chest":12,"Omamori":12,"Burning Blood":0,"Runic Cube":9,"WarpedTongs":10,"Paper Frog":14},{"Centennial Puzzle":21,"Singing Bowl":18,"CeramicFish":18,"Strawberry":26,"Tiny Chest":53,"Omamori":53,"Burning Blood":0,"Runic Cube":34,"WarpedTongs":39,"Paper Frog":70}],"Burning Blood":84,"Runic Cube":[53],"WarpedTongs":[36]},"card_choices":[{"not_picked":["Ghostly Armor","Rampage"],"picked":"Pummel","floor":1},{"not_picked":["Pommel Strike","Hemokinesis"],"picked":"Whirlwind","floor":2},{"not_picked":["Clash","Spot Weakness"],"picked":"Sever Soul","floor":3},{"not_picked":["Clothesline","Sever Soul"],"picked":"Bloodletting","floor":4},{"not_picked":["Offering","Exhume"],"picked":"Pummel","floor":7},{"not_picked":["Anger","Rage"],"picked":"Battle Trance","floor":10},{"not_picked":["Power Through","Reckless Charge"],"picked":"Feel No Pain","floor":12},{"not_picked":["Seeing Red","Wild Strike"],"picked":"Reaper","floor":13},{"not_picked":["Brutality","Corruption"],"picked":"Reaper","floor":16},{"not_picked":["Havoc","Iron Wave","Flex"],"picked":"Singing Bowl","floor":18},{"not_picked":["Thunderclap","Havoc"],"picked":"Ghostly Armor","floor":21},{"not_picked":["Impervious","Feel No Pain+1"],"picked":"Reaper","floor":23},{"not_picked":["Shockwave","Twin Strike"],"picked":"Battle Trance","floor":29},{"not_picked":["Cleave+1","Pommel Strike","Thunderclap"],"picked":"Singing Bowl","floor":31}],"player_experience":1332625,"relics_obtained":[{"floor":7,"key":"Singing Bowl"},{"floor":9,"key":"CeramicFish"},{"floor":10,"key":"Centennial Puzzle"},{"floor":13,"key":"Strawberry"},{"floor":23,"key":"Omamori"},{"floor":26,"key":"Tiny Chest"},{"floor":31,"key":"Paper Frog"}],"event_choices":[{"damage_healed":0,"gold_gain":150,"player_choice":"AGREE","damage_taken":0,"max_hp_gain":0,"max_hp_loss":0,"event_name":"Liars Game","floor":14,"gold_loss":0,"cards_obtained":["Doubt"]},{"damage_healed":0,"gold_gain":0,"player_choice":"Rummage","damage_taken":0,"relics_obtained":["WarpedTongs"],"max_hp_gain":0,"max_hp_loss":0,"event_name":"Accursed Blacksmith","floor":20,"gold_loss":0,"cards_obtained":["Pain"]}],"is_beta":false,"boss_relics":[{"not_picked":["Mark of Pain","SacredBark"],"picked":"Runic Cube"}],"items_purged_floors":[19],"is_endless":false,"potions_floor_spawned":[1,2,3,7,29,31],"killed_by":"Automaton","ascension_level":20}}