{"host":"vlqej45p0v31lhdi","time":1613545490,"event":{"mods":["AchievementEnabler","BaseMod","Bestiary","Colored Powertips","Minty Spire (QoL Compilation)","Relic Stats"],"gold_per_floor":[118,67,67,67,79,95,105,105,105,135,135,169,169,189,189,293,293,310,328,346,361,129,129,28,46,46,46,72,72,72,89,89,89,89],"floor_reached":33,"language":"ENG","playtime":1939,"items_purged":[],"score":423,"play_id":"29d000e8-3d8b-4f70-8693-e7cf973d9ff0","local_time":"20210217010450","is_ascension_mode":true,"campfire_choices":[{"data":"Buffer","floor":8,"key":"SMITH"},{"data":"Genetic Algorithm","floor":11,"key":"SMITH"},{"data":"Coolheaded","floor":13,"key":"SMITH"},{"data":"Stack","floor":15,"key":"SMITH"},{"data":"Rainbow","floor":23,"key":"SMITH"},{"floor":27,"key":"REST"},{"data":"Storm","floor":29,"key":"SMITH"},{"data":"Hologram","floor":32,"key":"SMITH"}],"circlet_count":0,"master_deck":["Strike_B","Strike_B","Strike_B","Strike_B+1","Defend_B+1","Defend_B","Defend_B","Defend_B","Zap+1","Dualcast","Conserve Battery","Sweeping Beam","Buffer+1","Hologram+1","Coolheaded+1","Genetic Algorithm+1","Redo","Core Surge","Stack+1","Rainbow+1","BootSequence","Ball Lightning","Genetic Algorithm+1","Compile Driver","Storm+1","Doom and Gloom","Cold Snap","Cold Snap","Glacier+1","Ball Lightning+1"],"relics":["Cracked Core","Bird Faced Urn","Dead Branch","Akabeko","Nuclear Battery","ClockworkSouvenir","Incense Burner","Emotion Chip"],"acts_visited":["Exordium","TheCity"],"potions_floor_usage":[10,12,16,16,28,28,28],"damage_taken":[{"damage":3,"enemies":"Jaw Worm","floor":1,"turns":4},{"damage":0,"enemies":"2 Louse","floor":5,"turns":1},{"damage":0,"enemies":"Cultist","floor":6,"turns":4},{"damage":0,"enemies":"Looter","floor":7,"turns":3},{"damage":0,"enemies":"Gremlin Nob","floor":10,"turns":4},{"damage":13,"enemies":"3 Sentries","floor":12,"turns":5},{"damage":0,"enemies":"Exordium Thugs","floor":14,"turns":4},{"damage":14,"enemies":"Hexaghost","floor":16,"turns":14},{"damage":0,"enemies":"2 Thieves","floor":18,"turns":4},{"damage":0,"enemies":"Spheric Guardian","floor":19,"turns":3},{"damage":10,"enemies":"Snake Plant","floor":20,"turns":5},{"damage":18,"enemies":"3 Cultists","floor":21,"turns":6},{"damage":29,"enemies":"Shelled Parasite and Fungi","floor":25,"turns":13},{"damage":5,"enemies":"Slavers","floor":28,"turns":3},{"damage":18,"enemies":"Centurion and Healer","floor":31,"turns":12},{"damage":65,"enemies":"Automaton","floor":33,"turns":10}],"seed_played":"-5484574620274435936","potions_obtained":[{"floor":5,"key":"AttackPotion"},{"floor":10,"key":"SkillPotion"},{"floor":12,"key":"ColorlessPotion"},{"floor":14,"key":"PowerPotion"},{"floor":19,"key":"SteroidPotion"},{"floor":21,"key":"CultistPotion"},{"floor":25,"key":"Block Potion"}],"is_trial":false,"path_per_floor":["M","$","?","?","M","M","M","R","T","E","R","E","R","M","R","B",null,"M","M","M","M","$","R","$","M","T","R","E","R","?","M","R","B"],"character_chosen":"DEFECT","items_purchased":["Sweeping Beam","Storm","ClockworkSouvenir","Doom and Gloom","Cold Snap"],"campfire_rested":1,"item_purchase_floors":[2,22,22,24,24],"current_hp_per_floor":[65,65,50,50,50,50,50,50,50,52,52,43,43,45,45,35,65,67,69,61,47,47,47,47,26,26,48,45,45,75,61,61,0,0],"gold":89,"neow_bonus":"UPGRADE_CARD","is_daily":false,"chose_seed":false,"campfire_upgraded":7,"win_rate":0.0,"timestamp":1613545490,"path_taken":["M","$","?","?","M","M","M","R","T","E","R","E","R","M","R","BOSS","M","M","M","?","$","R","$","M","T","R","E","R","?","M","R","BOSS"],"items_purchased_type":["Card","Card","Relic","Card","Card"],"build_version":"2020-12-22","purchased_purges":0,"victory":false,"max_hp_per_floor":[75,75,75,75,75,75,75,75,75,75,75,75,75,75,75,75,75,75,75,75,75,75,75,75,75,75,75,75,75,75,75,75,75,75],"relic_stats":{"Emotion Chip":[12,3,7,1,1],"counters":[16,95],"Bird Faced Urn":[40],"Dead Branch":[45],"obtain_stats":[{"Emotion Chip":28,"Bird Faced Urn":9,"Dead Branch":10,"Incense Burner":26,"Cracked Core":0,"Akabeko":12,"Nuclear Battery":17,"ClockworkSouvenir":22},{"Emotion Chip":14,"Bird Faced Urn":4,"Dead Branch":5,"Incense Burner":13,"Cracked Core":0,"Akabeko":6,"Nuclear Battery":8,"ClockworkSouvenir":12},{"Emotion Chip":73,"Bird Faced Urn":12,"Dead Branch":16,"Incense Burner":70,"Cracked Core":0,"Akabeko":21,"Nuclear Battery":39,"ClockworkSouvenir":57}]},"card_choices":[{"not_picked":["Double Energy","Redo"],"picked":"Conserve Battery","floor":1},{"not_picked":["Recycle","Barrage"],"picked":"Hologram","floor":5},{"not_picked":["Ball Lightning","Sunder"],"picked":"Coolheaded","floor":6},{"not_picked":["Redo","Melter"],"picked":"Genetic Algorithm","floor":7},{"not_picked":["Rebound","Streamline"],"picked":"Redo","floor":10},{"not_picked":["Chill","Sunder"],"picked":"Core Surge","floor":12},{"not_picked":["Leap","Double Energy"],"picked":"Stack","floor":14},{"not_picked":["Buffer","Reboot"],"picked":"Rainbow","floor":16},{"not_picked":["Streamline","Stack"],"picked":"BootSequence","floor":18},{"not_picked":["Fusion","Scrape"],"picked":"Ball Lightning","floor":19},{"not_picked":["Gash","Cold Snap"],"picked":"Genetic Algorithm+1","floor":20},{"not_picked":["Ball Lightning","Sunder+1"],"picked":"Compile Driver","floor":21},{"not_picked":["Darkness","Ball Lightning"],"picked":"Cold Snap","floor":25},{"not_picked":["Force Field","Turbo"],"picked":"Glacier+1","floor":28},{"not_picked":["Leap+1","Lockon+1"],"picked":"Ball Lightning+1","floor":31}],"player_experience":2979549,"relics_obtained":[{"floor":9,"key":"Bird Faced Urn"},{"floor":10,"key":"Dead Branch"},{"floor":12,"key":"Akabeko"},{"floor":26,"key":"Incense Burner"},{"floor":28,"key":"Emotion Chip"}],"event_choices":[{"damage_healed":0,"gold_gain":0,"player_choice":"Entered Light","damage_taken":15,"max_hp_gain":0,"max_hp_loss":0,"event_name":"Shining Light","floor":3,"gold_loss":0,"cards_upgraded":["Strike_B","Defend_B"]},{"damage_healed":0,"gold_gain":0,"player_choice":"1 cards matched","damage_taken":0,"max_hp_gain":0,"max_hp_loss":0,"event_name":"Match and Keep!","floor":4,"gold_loss":0,"cards_obtained":["Buffer"]},{"damage_healed":30,"gold_gain":0,"player_choice":"Full Heal","damage_taken":0,"max_hp_gain":0,"max_hp_loss":0,"event_name":"Wheel of Change","floor":30,"gold_loss":0}],"is_beta":false,"boss_relics":[{"not_picked":["Calling Bell","Velvet Choker"],"picked":"Nuclear Battery"}],"items_purged_floors":[],"is_endless":false,"potions_floor_spawned":[5,10,12,14,19,21,25],"killed_by":"Automaton","ascension_level":8}}