{"host":"dh4nu8nelr2izibb","time":1613544130,"event":{"mods":["BaseMod","Better Skull","Better Third Choice","Card Filter","Card Forge","Curses Come First","Displayed Cursed Tome","HololiveMod","Marisa????????","Minty Spire (QoL Compilation)","Poor People Problems","Quick Restart","Relic Filter","Reliquary","StSLib","The Servant 0.9.4","WarShipGirlsR/????R mod","Yakumo Yukari mod"],"gold_per_floor":[119,133,208,220,220,220,249,249,249,263,263,289,310,325,325,325,325],"floor_reached":16,"language":"ENG","playtime":588,"items_purged":[],"score":220,"play_id":"8b7517fe-a88f-4eef-bd7e-7a2475f881ba","local_time":"20210217014210","is_ascension_mode":true,"campfire_choices":[{"data":"Quick Slash","floor":6.0,"key":"SMITH"},{"floor":8.0,"key":"REST"},{"data":"Riddle With Holes","floor":11.0,"key":"SMITH"},{"data":"Tools of the Trade","floor":15.0,"key":"SMITH"}],"circlet_count":0,"master_deck":["AscendersBane","Strike_G","Strike_G","Strike_G","Strike_G","Defend_G","Defend_G","Defend_G","Defend_G","Survivor","Neutralize+1","Backflip","Quick Slash+1","Backflip","Tools of the Trade+1","Riddle With Holes+1","Underhanded Strike","Underhanded Strike"],"relics":["Ring of the Snake","Hammer of Thor","Seething Fire","Anvil of the Gods","reliquary:SharkskinSheath","reliquary:Knoch","Pear","Dream Catcher","Odd Mushroom"],"acts_visited":["Exordium"],"potions_floor_usage":[],"damage_taken":[{"damage":2.0,"enemies":"Jaw Worm","floor":1.0,"turns":6.0},{"damage":1.0,"enemies":"Small Slimes","floor":2.0,"turns":3.0},{"damage":1.0,"enemies":"Cultist","floor":4.0,"turns":4.0},{"damage":44.0,"enemies":"3 Sentries","floor":7.0,"turns":12.0},{"damage":9.0,"enemies":"Looter","floor":10.0,"turns":3.0},{"damage":2.0,"enemies":"Lagavulin","floor":12.0,"turns":3.0},{"damage":7.0,"enemies":"The Mushroom Lair","floor":13.0,"turns":5.0},{"damage":4.0,"enemies":"Exordium Wildlife","floor":14.0,"turns":4.0},{"damage":8,"enemies":"Hexaghost","floor":16,"turns":9}],"seed_played":"7904993216035837221","potions_obtained":[{"floor":1.0,"key":"Regen Potion"},{"floor":7.0,"key":"FearPotion"},{"floor":10.0,"key":"Strength Potion"}],"is_trial":false,"path_per_floor":["M","M","?","M","?","R","E","R","T","M","R","E","?","M","R","B"],"character_chosen":"THE_SILENT","items_purchased":[],"campfire_rested":1,"item_purchase_floors":[],"current_hp_per_floor":[57,56,45,44,44,44,15,34,44,35,35,33,26,22,22,14,14],"gold":325,"neow_bonus":"RANDOM_COMMON_RELIC","is_daily":false,"chose_seed":false,"campfire_upgraded":3,"win_rate":0.0,"timestamp":1613544130,"path_taken":["M","M","?","M","?","R","E","R","T","?","R","E","?","M","R","BOSS"],"items_purchased_type":[],"build_version":"2020-12-22","purchased_purges":0,"victory":false,"max_hp_per_floor":[66,66,66,66,66,66,66,66,76,76,76,76,76,76,76,76,76],"card_choices":[{"not_picked":["Caltrops","Finisher"],"picked":"Backflip","floor":1.0},{"not_picked":["PiercingWail","Prepared"],"picked":"Quick Slash","floor":2.0},{"not_picked":["Acrobatics","Choke"],"picked":"Backflip","floor":4.0},{"not_picked":["Well Laid Plans","Underhanded Strike"],"picked":"Tools of the Trade","floor":7.0},{"not_picked":["Dodge and Roll","Finisher"],"picked":"Riddle With Holes","floor":10.0},{"not_picked":["Bane","Poisoned Stab"],"picked":"Underhanded Strike","floor":12.0},{"not_picked":["Backflip","Noxious Fumes"],"picked":"Underhanded Strike","floor":14.0}],"player_experience":1181544,"relics_obtained":[{"floor":7.0,"key":"reliquary:Knoch"},{"floor":9.0,"key":"Pear"},{"floor":12.0,"key":"Dream Catcher"},{"floor":13.0,"key":"Odd Mushroom"}],"event_choices":[{"damage_healed":0.0,"max_hp_gain":0.0,"max_hp_loss":0.0,"gold_gain":75.0,"event_name":"betterThird:BetterGoop","player_choice":"Gold","floor":3.0,"gold_loss":0.0,"damage_taken":11.0},{"damage_healed":0.0,"max_hp_gain":0.0,"max_hp_loss":0.0,"gold_gain":0.0,"event_name":"Upgrade Shrine","player_choice":"Upgraded","floor":5.0,"gold_loss":0.0,"damage_taken":0.0,"cards_upgraded":["Neutralize"]},{"damage_healed":0.0,"max_hp_gain":0.0,"max_hp_loss":0.0,"gold_gain":0.0,"event_name":"Mushrooms","player_choice":"Fought Mushrooms","floor":13.0,"gold_loss":0.0,"damage_taken":0.0}],"is_beta":false,"boss_relics":[],"items_purged_floors":[],"is_endless":false,"potions_floor_spawned":[1,7,10],"killed_by":"Hexaghost","ascension_level":20}}