{"host":"hkj1blq6xqcrzx6o","time":1613569888,"event":{"mods":["Act Like it!","BaseMod","Downfall","Gensokyo","Lobotomy","Marisa£®ÏF”Í°°ƒß¿Ì…≥£©","Minty Spire (QoL Compilation)","Quick Restart","Reimu£®≤©¿ˆ¡È√Œ£©","Remilia£®¿Ÿ√◊¿Ú—«£©","Replay The Spire","StSLib","The Servant 0.9.4","Youmu£®ªÍ∆«—˝√Œ£©"],"gold_per_floor":[15,15,15,29,43,76,76,37,37,37,51,51,83,102,102,203,203,221,237,237,237,254,254,254,254],"floor_reached":24,"language":"ZHS","playtime":1241,"items_purged":[],"score":231,"play_id":"390fd7fa-e274-4a6b-b43d-bb0a52afe62a","local_time":"20210217215128","is_ascension_mode":false,"campfire_choices":[{"floor":7,"key":"REST"},{"floor":12,"key":"REST"},{"floor":23,"key":"REST"}],"circlet_count":0,"master_deck":["Strike_YM","Strike_YM","Strike_YM+1","Strike_YM","Defend_YM","Defend_YM","Defend_YM","Defend_YM","SlashOfPresentWorld","WheelOfPainOfLivingAndDead","SuddenPhantomFormationSlashOfKarmicWind+1","DispleasureOfTheSevenHakus+1","FantasyOfEnteringEnlightenment","ThoughtCuttingSword+1","CherryBlossomFlashing+1","SwordOfBindingDesires","DoubleWheelOfPain","SwordExtraction","HeavenSword","CrescentMoonSlash","SwordOfBindingDesires","TransmigrationSlash"],"relics":["HalfPhantom","Replay:Arrowhead","Mango","Bottled Tornado","Potion Belt","Whetstone","SlaversCollar","Gensokyo:ChorusOfJoy"],"acts_visited":["Exordium","Gensokyo:Gensokyo"],"potions_floor_usage":[6,13,16],"damage_taken":[{"damage":3,"enemies":"Gensokyo:3_Fairies","floor":1,"turns":4},{"damage":9,"enemies":"Gensokyo:Gryphon","floor":4,"turns":4},{"damage":14,"enemies":"Gensokyo:2_Kodama","floor":5,"turns":3},{"damage":37,"enemies":"Gensokyo:Aya","floor":6,"turns":7},{"damage":7,"enemies":"Gensokyo:2_Rabbits","floor":11,"turns":4},{"damage":0,"enemies":"Gensokyo:Mamizou","floor":13,"turns":8},{"damage":0,"enemies":"Gensokyo:VengefulSpirit","floor":14,"turns":5},{"damage":22,"enemies":"Gensokyo:Yukari","floor":16,"turns":9},{"damage":25,"enemies":"Gensokyo:Chomper","floor":18,"turns":5},{"damage":29,"enemies":"Gensokyo:AngelMirror","floor":19,"turns":4},{"damage":27,"enemies":"Gensokyo:Monolith_and_Dog","floor":22,"turns":9},{"damage":39,"enemies":"Gensokyo:Chomper_and_Gloop","floor":24,"turns":4}],"seed_played":"-5785834218345051309","potions_obtained":[{"floor":4,"key":"FearPotion"},{"floor":6,"key":"Elixir"},{"floor":11,"key":"Ancient Potion"},{"floor":14,"key":"Dexterity Potion"},{"floor":16,"key":"PowerPotion"},{"floor":19,"key":"BlessingOfTheForge"}],"is_trial":false,"path_per_floor":["M","$","?","M","M","E","R","$","T","?","M","R","E","M","R","B",null,"M","M","?","?","M","R","M"],"character_chosen":"YOUMU","items_purchased":["CherryBlossomFlashing+1"],"campfire_rested":3,"item_purchase_floors":[8],"current_hp_per_floor":[72,72,65,56,42,5,31,31,31,31,24,50,50,50,76,54,89,64,35,35,35,8,34,0,0],"gold":254,"neow_bonus":"ONE_RARE_RELIC","is_daily":false,"chose_seed":false,"campfire_upgraded":0,"win_rate":0.0,"timestamp":1613569888,"path_taken":["M","?","?","?","M","E","R","?","T","?","M","R","E","?","R","BOSS","M","M","?","?","M","R","M"],"items_purchased_type":["Card"],"build_version":"2020-12-22","purchased_purges":0,"victory":false,"max_hp_per_floor":[75,75,89,89,89,89,89,89,89,89,89,89,89,89,89,89,89,89,89,89,89,89,89,89,89],"card_choices":[{"not_picked":["DispleasureOfTheSevenHakus","LifeCuttingSword"],"picked":"SuddenPhantomFormationSlashOfKarmicWind","floor":1},{"not_picked":["BizarrenessOfSixRealms","BloodOfAsura"],"picked":"DispleasureOfTheSevenHakus","floor":4},{"not_picked":["DispleasureOfTheSevenHakus","CrescentMoonSlash"],"picked":"FantasyOfEnteringEnlightenment","floor":5},{"not_picked":["SpiritMediumsBind","SpiderLilyBurial"],"picked":"ThoughtCuttingSword","floor":6},{"not_picked":["HumanKnowledgeSword","DispleasureOfTheSevenHakus"],"picked":"SwordOfBindingDesires","floor":11},{"not_picked":["WickedSoul","PreachingAvici"],"picked":"DoubleWheelOfPain","floor":13},{"not_picked":["KarmicPunishmentOfTheIdleAndUnfocused","CrescentMoonSlash"],"picked":"SwordExtraction","floor":14},{"not_picked":["CherryBlossomSword","AsuraSword"],"picked":"HeavenSword","floor":16},{"not_picked":["SwordOfBindingDesires","SpiritCuttingSword+1"],"picked":"CrescentMoonSlash","floor":18},{"not_picked":["PhosphoricSlash","DispleasureOfTheSevenHakus"],"picked":"SwordOfBindingDesires","floor":19},{"not_picked":["FantasyOfEnteringEnlightenment","SanzenSekai"],"picked":"TransmigrationSlash","floor":22}],"player_experience":52862,"relics_obtained":[{"floor":6,"key":"Bottled Tornado"},{"floor":9,"key":"Potion Belt"},{"floor":13,"key":"Whetstone"}],"event_choices":[],"is_beta":false,"boss_relics":[{"not_picked":["Coffee Dripper","MiniYoumu"],"picked":"SlaversCollar"}],"items_purged_floors":[],"is_endless":false,"potions_floor_spawned":[4,6,11,14,16,19],"killed_by":"Gensokyo:Chomper_and_Gloop","ascension_level":0}}