{"host":"leop","time":1613579081,"event":{"mods":["ATMod(°¢èªMod)","Act Like it!","BaseMod","GifTheSpireLib","Lobotomy","LobotomyExtend","Minty Spire (QoL Compilation)","MostiFishMod","Pale of the Ancients","Quick Restart","Reliquary","Shop Mod","Spicy Shops","StSLib","TestMod","¡¾ÒÅÎï¿¨ÅÆ¡¿REMEMod"],"gold_per_floor":[110,35,50,80,80,80,80],"floor_reached":6,"language":"ZHS","playtime":276,"items_purged":[],"score":72,"play_id":"8e257d35-d644-4fba-a572-6d01047a8330","local_time":"20210218002441","is_ascension_mode":true,"campfire_choices":[],"circlet_count":0,"master_deck":["AscendersBane","Strike_R+1","Strike_R","Strike_R","Strike_R","Defend_R","Defend_R+1","Defend_R+1","Defend_R","Bash","LessonLearned"],"relics":["Burning Blood","AT_ATBox","DaveBox","testmod-TestBox","REME_ComplimentaryCards","CogitoBucket","RabbitCall","Medical Kit","testmod-BatchProcessingSystem","LetterFromLob","SynthV:TestCard","REME_LimitBreaker"],"acts_visited":["Exordium"],"potions_floor_usage":[4],"damage_taken":[{"damage":11,"enemies":"Jaw Worm","floor":1,"turns":6},{"damage":6,"enemies":"Small Slimes","floor":3,"turns":7},{"damage":43,"enemies":"Cultist","floor":4,"turns":7},{"damage":37,"enemies":"Gremlin Nob","floor":6,"turns":3}],"seed_played":"-525969435939386930","potions_obtained":[{"floor":3,"key":"REME_GoldPotion"}],"is_trial":false,"path_per_floor":["M","?","M","M","?","E"],"character_chosen":"IRONCLAD","items_purchased":[],"campfire_rested":0,"item_purchase_floors":[],"current_hp_per_floor":[63,63,63,26,26,0,0],"gold":80,"neow_bonus":"","is_daily":false,"chose_seed":false,"campfire_upgraded":0,"win_rate":0.0,"timestamp":1613579081,"path_taken":["M","?","M","M","?","E"],"items_purchased_type":[],"build_version":"2020-12-18","purchased_purges":0,"victory":false,"max_hp_per_floor":[75,75,75,75,75,75,75],"card_choices":[{"not_picked":["OldLady","GreedKing","WallGazer"],"picked":"Singing Bowl","floor":1},{"not_picked":["Body Slam","AT_BodySlamDance","AT_ManFootWork"],"picked":"SKIP","floor":1},{"not_picked":["Sword Boomerang","Inflame","Headbutt","Disarm"],"picked":"Whirlwind","floor":3},{"not_picked":["Bloodbath","Alriune","VoidDream"],"picked":"Singing Bowl","floor":3},{"not_picked":["BeautyBeast","CrumblingArmor","MHz"],"picked":"Singing Bowl","floor":4},{"not_picked":["Pommel Strike","Infernal Blade","Headbutt","Shrug It Off","Flame Barrier"],"picked":"SKIP","floor":4}],"player_experience":1223916,"relics_obtained":[{"floor":1,"key":"LetterFromLob"},{"floor":1,"key":"SynthV:TestCard"}],"event_choices":[{"cards_removed":["Strike_R"],"damage_healed":0,"gold_gain":0,"player_choice":"Card Removal","damage_taken":0,"max_hp_gain":0,"max_hp_loss":0,"event_name":"The Cleric","floor":2,"gold_loss":75},{"cards_removed":["Whirlwind"],"damage_healed":0,"gold_gain":0,"player_choice":"Gave Card","damage_taken":0,"relics_obtained":["REME_LimitBreaker"],"max_hp_gain":0,"max_hp_loss":0,"event_name":"WeMeetAgain","floor":5,"gold_loss":0}],"is_beta":true,"boss_relics":[],"items_purged_floors":[],"is_endless":false,"potions_floor_spawned":[3],"killed_by":"Gremlin Nob","ascension_level":20}}