{"host":"xe7vird6mhwsic73","time":1613602621,"event":{"mods":["BaseMod","Minty Spire (QoL Compilation)","Relic Stats","StSLib"],"gold_per_floor":[114,114,114,114,133,167,167,193,193,193,221,27,52,67,67,67,67],"floor_reached":16,"language":"ENG","playtime":876,"items_purged":[],"score":133,"play_id":"cb0ef750-079b-4191-80c6-b3335dcb622a","local_time":"20210217175701","is_ascension_mode":true,"campfire_choices":[{"floor":7,"key":"REST"},{"floor":10,"key":"REST"},{"floor":15,"key":"REST"}],"circlet_count":0,"master_deck":["Strike_G","Strike_G","Strike_G","Strike_G+1","Strike_G","Defend_G","Defend_G","Defend_G","Defend_G+1","Defend_G+1","Survivor","Neutralize+1","Dagger Spray","Dagger Throw","Dodge and Roll+1","Quick Slash","Poisoned Stab","Poisoned Stab","PiercingWail"],"relics":["Ring of the Snake","Question Card","Incense Burner","Bottled Lightning","Anchor","Art of War","War Paint","Odd Mushroom"],"acts_visited":["Exordium"],"potions_floor_usage":[11,11,11],"damage_taken":[{"damage":0,"enemies":"Jaw Worm","floor":1,"turns":6},{"damage":0,"enemies":"Small Slimes","floor":5,"turns":4},{"damage":24,"enemies":"Gremlin Nob","floor":6,"turns":4},{"damage":20,"enemies":"3 Sentries","floor":8,"turns":8},{"damage":25,"enemies":"Lagavulin","floor":11,"turns":9},{"damage":6,"enemies":"The Mushroom Lair","floor":13,"turns":5},{"damage":0,"enemies":"2 Louse","floor":14,"turns":3},{"damage":44,"enemies":"The Guardian","floor":16,"turns":15}],"seed_played":"-6994956359970042218","potions_obtained":[{"floor":1,"key":"Ancient Potion"},{"floor":5,"key":"Block Potion"},{"floor":8,"key":"Weak Potion"},{"floor":13,"key":"SmokeBomb"}],"is_trial":false,"path_per_floor":["M","?","?","?","M","E","R","E","T","R","E","$","?","M","R","B"],"character_chosen":"THE_SILENT","items_purchased":["War Paint","Poisoned Stab"],"campfire_rested":3,"item_purchase_floors":[12,12],"current_hp_per_floor":[70,56,61,49,49,25,47,27,27,49,24,24,18,18,40,0,0],"gold":67,"neow_bonus":"UPGRADE_CARD","is_daily":false,"chose_seed":false,"campfire_upgraded":0,"win_rate":0.0,"timestamp":1613602621,"path_taken":["M","?","?","?","M","E","R","E","T","R","E","$","?","M","R","BOSS"],"items_purchased_type":["Relic","Card"],"build_version":"2020-12-22","purchased_purges":0,"victory":false,"max_hp_per_floor":[70,70,75,75,75,75,75,75,75,75,75,75,75,75,75,75,75],"relic_stats":{"counters":[8,54],"Art of War":[6],"War Paint":["Defend_G","Dodge and Roll"],"Question Card":6,"obtain_stats":[{"Anchor":9,"Incense Burner":6,"Art of War":11,"Bottled Lightning":8,"War Paint":12,"Odd Mushroom":13,"Question Card":4,"Ring of the Snake":0},{"Anchor":4,"Incense Burner":3,"Art of War":5,"Bottled Lightning":4,"War Paint":5,"Odd Mushroom":6,"Question Card":1,"Ring of the Snake":0},{"Anchor":22,"Incense Burner":14,"Art of War":31,"Bottled Lightning":22,"War Paint":31,"Odd Mushroom":36,"Question Card":6,"Ring of the Snake":0}],"Ring of the Snake":[16]},"card_choices":[{"not_picked":["All Out Attack","Reflex"],"picked":"Dagger Spray","floor":1},{"not_picked":["Riddle With Holes","Underhanded Strike","Flechettes"],"picked":"Dagger Throw","floor":5},{"not_picked":["Deflect","Leg Sweep","Tools of the Trade"],"picked":"Dodge and Roll","floor":6},{"not_picked":["Wraith Form v2","Dodge and Roll","Flechettes"],"picked":"Quick Slash","floor":8},{"not_picked":["Choke","Dodge and Roll","Dagger Throw","Slice"],"picked":"SKIP","floor":11},{"not_picked":["Finisher","Dagger Spray","Flying Knee"],"picked":"Poisoned Stab","floor":13},{"not_picked":["Terror","Crippling Poison","Dodge and Roll"],"picked":"PiercingWail","floor":14}],"player_experience":185615,"relics_obtained":[{"floor":6,"key":"Incense Burner"},{"floor":8,"key":"Bottled Lightning"},{"floor":9,"key":"Anchor"},{"floor":11,"key":"Art of War"},{"floor":13,"key":"Odd Mushroom"}],"event_choices":[{"damage_healed":0,"gold_gain":0,"player_choice":"Entered Light","damage_taken":14,"max_hp_gain":0,"max_hp_loss":0,"event_name":"Shining Light","floor":2,"gold_loss":0,"cards_upgraded":["Strike_G","Defend_G"]},{"damage_healed":0,"gold_gain":0,"player_choice":"Donut","damage_taken":0,"max_hp_gain":5,"max_hp_loss":0,"event_name":"Big Fish","floor":3,"gold_loss":0},{"damage_healed":0,"gold_gain":0,"player_choice":"Success","damage_taken":12,"relics_obtained":["Question Card"],"max_hp_gain":0,"max_hp_loss":0,"event_name":"Scrap Ooze","floor":4,"gold_loss":0},{"damage_healed":0,"gold_gain":0,"player_choice":"Fought Mushrooms","damage_taken":0,"max_hp_gain":0,"max_hp_loss":0,"event_name":"Mushrooms","floor":13,"gold_loss":0}],"is_beta":false,"boss_relics":[],"items_purged_floors":[],"is_endless":false,"potions_floor_spawned":[1,5,8,13],"killed_by":"The Guardian","ascension_level":3}}