{"host":"5tzvto3beate6p8b","time":1613571221,"event":{"mods":["BaseMod","Colored Map","Minty Spire (QoL Compilation)","StSLib","SuperFastMode"],"gold_per_floor":[112,131,142,44,54,54,87,87,87,116,128,53,53,53,53,131,131,147,147,147],"floor_reached":19,"language":"ENG","playtime":795,"items_purged":["Strike_B"],"score":310,"play_id":"4f783de1-a065-4dcc-a2dd-c2cce1404632","local_time":"20210217231341","is_ascension_mode":true,"campfire_choices":[{"data":"Streamline","floor":6.0,"key":"SMITH"},{"floor":8.0,"key":"REST"},{"data":"Self Repair","floor":13.0,"key":"SMITH"},{"floor":15.0,"key":"REST"}],"circlet_count":0,"master_deck":["AscendersBane","Strike_B","Defend_B","Defend_B","Defend_B","Zap","Dualcast","Skim","Streamline+1","Streamline","Hologram","Skim","Coolheaded","Self Repair+1","Self Repair+1","Meteor Strike","Turbo"],"relics":["Cracked Core","Pen Nib","Pear","Bird Faced Urn","Philosopher\u0027s Stone"],"acts_visited":["Exordium","TheCity"],"potions_floor_usage":[19],"damage_taken":[{"damage":4.0,"enemies":"Small Slimes","floor":1.0,"turns":4.0},{"damage":4.0,"enemies":"Jaw Worm","floor":2.0,"turns":4.0},{"damage":1.0,"enemies":"Cultist","floor":3.0,"turns":4.0},{"damage":0.0,"enemies":"Large Slime","floor":5.0,"turns":6.0},{"damage":35.0,"enemies":"Lagavulin","floor":7.0,"turns":5.0},{"damage":24.0,"enemies":"3 Sentries","floor":10.0,"turns":6.0},{"damage":13.0,"enemies":"Exordium Thugs","floor":11.0,"turns":5.0},{"damage":41.0,"enemies":"Slime Boss","floor":16.0,"turns":10.0},{"damage":44.0,"enemies":"Chosen","floor":18.0,"turns":6.0},{"damage":64,"enemies":"3 Byrds","floor":19,"turns":3}],"seed_played":"-3861222622746399393","potions_obtained":[{"floor":1.0,"key":"FairyPotion"},{"floor":2.0,"key":"LiquidMemories"},{"floor":10.0,"key":"Swift Potion"},{"floor":18.0,"key":"Regen Potion"}],"is_trial":false,"path_per_floor":["M","M","M","$","M","R","E","R","T","E","M","?","R","?","R","B",null,"M","M"],"character_chosen":"DEFECT","items_purchased":["Hologram"],"campfire_rested":2,"item_purchase_floors":[4],"current_hp_per_floor":[42,38,37,37,37,37,2,23,33,9,29,29,29,29,53,36,70,50,0,0],"gold":147,"neow_bonus":"REMOVE_TWO","is_daily":false,"chose_seed":false,"campfire_upgraded":2,"win_rate":0.0,"timestamp":1613571221,"path_taken":["M","M","M","$","M","R","E","R","T","E","M","?","R","?","R","BOSS","M","M"],"items_purchased_type":["Card"],"build_version":"2020-12-22","purchased_purges":1,"victory":false,"max_hp_per_floor":[71,71,71,71,71,71,71,71,81,81,81,81,81,81,81,81,81,81,81,81],"card_choices":[{"not_picked":["Cold Snap","Conserve Battery"],"picked":"Skim","floor":1.0},{"not_picked":["Sweeping Beam","Coolheaded"],"picked":"Streamline","floor":2.0},{"not_picked":["Genetic Algorithm","Static Discharge"],"picked":"Streamline","floor":3.0},{"not_picked":["Rebound","Go for the Eyes"],"picked":"Skim","floor":5.0},{"not_picked":["Chaos","Darkness"],"picked":"Coolheaded","floor":7.0},{"not_picked":["Stack","Conserve Battery"],"picked":"Self Repair","floor":10.0},{"not_picked":["Barrage","Coolheaded"],"picked":"Self Repair","floor":11.0},{"not_picked":["Rainbow","Creative AI"],"picked":"Meteor Strike","floor":16.0},{"not_picked":["Gash","Reprogram"],"picked":"Turbo","floor":18.0}],"player_experience":762501,"relics_obtained":[{"floor":7.0,"key":"Pen Nib"},{"floor":9.0,"key":"Pear"},{"floor":10.0,"key":"Bird Faced Urn"}],"event_choices":[{"cards_removed":["Strike_B"],"damage_healed":0.0,"max_hp_gain":0.0,"max_hp_loss":0.0,"gold_gain":0.0,"event_name":"The Cleric","player_choice":"Card Removal","floor":12.0,"gold_loss":75.0,"damage_taken":0.0},{"damage_healed":0.0,"max_hp_gain":0.0,"max_hp_loss":0.0,"gold_gain":0.0,"event_name":"Living Wall","player_choice":"Grow","floor":14.0,"gold_loss":0.0,"damage_taken":0.0,"cards_upgraded":["Self Repair"]}],"is_beta":false,"boss_relics":[{"not_picked":["Black Star","Ectoplasm"],"picked":"Philosopher\u0027s Stone"}],"items_purged_floors":[4],"is_endless":false,"potions_floor_spawned":[1,2,10,18],"killed_by":"3 Byrds","ascension_level":15}}