{"host":"i9z6y8pcdeu2qxnx","time":1613533004,"event":{"mods":["BaseMod","Colored Map","Googly Eyes","Highlight Path","Minty Spire (QoL Compilation)","Replay The Spire","StSLib"],"gold_per_floor":[113,126,126,136,148,183,358,385,385,398,33,33,108,39,39,138,188,208,208,208,196,207,207,207],"floor_reached":23,"language":"ENG","playtime":1723,"items_purged":["Doubt"],"score":201,"play_id":"2da2aeaf-da64-407e-8bd8-ee891f494880","local_time":"20210216223644","daily_mods":["Heirloom","Time Dilation","Binary"],"is_ascension_mode":false,"campfire_choices":[{"floor":12,"key":"REST"},{"floor":15,"key":"REST"}],"circlet_count":0,"master_deck":["Strike_G","Strike_G","Strike_G+1","Strike_G+1","Strike_G","Defend_G","Defend_G","Defend_G","Defend_G","Defend_G","Survivor","Neutralize","Underhanded Strike","Prepared","Noxious Fumes+1","Bane","Calculated Gamble","Poisoned Stab","Deadly Poison","Leg Sweep+1","Well Laid Plans+1","Blade Dance","PiercingWail","Deadly Poison","Flying Knee"],"relics":["Ring of the Snake","Ice Cream","Tough Bandages","Girya","Blue Candle","Golden Egg","Tiny House"],"acts_visited":["Exordium","TheCity"],"potions_floor_usage":[8,16,22,23],"damage_taken":[{"damage":5,"enemies":"2 Louse","floor":1,"turns":3},{"damage":1,"enemies":"Jaw Worm","floor":2,"turns":4},{"damage":0,"enemies":"Small Slimes","floor":4,"turns":2},{"damage":1,"enemies":"2 Fungi Beasts","floor":5,"turns":4},{"damage":31,"enemies":"Lagavulin","floor":6,"turns":7},{"damage":13,"enemies":"Gremlin Nob","floor":8,"turns":3},{"damage":0,"enemies":"Looter","floor":10,"turns":2},{"damage":25,"enemies":"Fading Forest","floor":16,"turns":11},{"damage":11,"enemies":"Spheric Guardian","floor":18,"turns":5},{"damage":8,"enemies":"2 Thieves","floor":21,"turns":4},{"damage":26,"enemies":"Centurion and Healer","floor":22,"turns":5},{"damage":19,"enemies":"Gremlin Leader","floor":23,"turns":3}],"seed_played":"-6870970892497422376","potions_obtained":[{"floor":1,"key":"Swift Potion"},{"floor":6,"key":"Adrenaline Potion"},{"floor":8,"key":"Energy Potion"},{"floor":16,"key":"LiquidMemories"},{"floor":17,"key":"DuplicationPotion"},{"floor":22,"key":"FearPotion"}],"is_trial":true,"path_per_floor":["M","M","?","M","M","E","?","E","T","M","$","R","?","$","R","B",null,"M","?","?","M","M","E"],"character_chosen":"THE_SILENT","items_purchased":["Golden Egg","Leg Sweep","Well Laid Plans"],"campfire_rested":2,"item_purchase_floors":[11,11,14],"current_hp_per_floor":[65,64,64,64,63,32,32,19,19,19,19,40,29,29,50,43,75,64,50,50,42,16,0,0],"gold":207,"neow_bonus":"","is_daily":false,"chose_seed":false,"campfire_upgraded":0,"win_rate":0.0,"timestamp":1613533004,"path_taken":["M","M","?","M","M","E","?","E","T","M","$","R","?","?","R","BOSS","M","?","?","M","?","E"],"items_purchased_type":["Relic","Card","Card"],"build_version":"2020-12-22","purchased_purges":1,"victory":false,"max_hp_per_floor":[70,70,70,70,70,70,70,70,70,70,70,70,70,70,70,70,75,75,80,80,80,80,80,80],"card_choices":[{"not_picked":["PiercingWail"],"picked":"Underhanded Strike","floor":1},{"not_picked":["Deflect"],"picked":"Prepared","floor":2},{"not_picked":["Footwork"],"picked":"Noxious Fumes","floor":4},{"not_picked":["Accuracy"],"picked":"Bane","floor":5},{"not_picked":["Eviscerate"],"picked":"Calculated Gamble","floor":6},{"not_picked":["Crippling Poison"],"picked":"Poisoned Stab","floor":8},{"not_picked":["Poisoned Stab"],"picked":"Deadly Poison","floor":10},{"not_picked":["ReplayTheSpireMod:Shiv Toss"],"picked":"Blade Dance","floor":17},{"not_picked":["Sucker Punch+1"],"picked":"PiercingWail","floor":18},{"not_picked":["PiercingWail"],"picked":"Deadly Poison","floor":21},{"not_picked":["Sucker Punch"],"picked":"Flying Knee","floor":22}],"player_experience":1031454,"relics_obtained":[{"floor":6,"key":"Tough Bandages"},{"floor":8,"key":"Girya"},{"floor":9,"key":"Blue Candle"}],"event_choices":[{"damage_healed":0,"gold_gain":175,"player_choice":"AGREE","damage_taken":0,"max_hp_gain":0,"max_hp_loss":0,"event_name":"Liars Game","floor":7,"gold_loss":0,"cards_obtained":["Doubt"]},{"damage_healed":0,"gold_gain":75,"player_choice":"Gather Gold","damage_taken":11,"max_hp_gain":0,"max_hp_loss":0,"event_name":"World of Goop","floor":13,"gold_loss":0},{"damage_healed":0,"gold_gain":0,"player_choice":"Shed Blood","damage_taken":19,"max_hp_gain":5,"max_hp_loss":0,"event_name":"Forgotten Altar","floor":19,"gold_loss":0},{"damage_healed":0,"gold_gain":0,"player_choice":"Upgraded","damage_taken":0,"max_hp_gain":0,"max_hp_loss":0,"event_name":"Upgrade Shrine","floor":20,"gold_loss":0,"cards_upgraded":["Noxious Fumes"]}],"is_beta":false,"boss_relics":[{"not_picked":["Snecko Eye","SacredBark"],"picked":"Tiny House"}],"items_purged_floors":[11],"is_endless":false,"potions_floor_spawned":[1,6,8,16,18,22],"killed_by":"Gremlin Leader","ascension_level":0}}