{"host":"ishme5wb80o83upk","time":1613601280,"event":{"mods":["Act Like it!","BaseMod","Minty Spire (QoL Compilation)","StSLib","The Dragon Tamer"],"gold_per_floor":[216,141,156,41,55,90,90,90,114,114,114,125,125,139,139,241,241,253,253,241,258,273,273,273],"floor_reached":22,"language":"KOR","playtime":1209,"items_purged":["DTMod:Strike"],"score":238,"play_id":"1563a1a5-d90d-4d62-9b1f-4bcdd7c56a2d","local_time":"20210218073440","is_ascension_mode":false,"metric_token":351,"campfire_choices":[{"data":"DTMod:Haste","floor":8.0,"key":"SMITH"},{"data":"DTMod:DragonDance","floor":10.0,"key":"SMITH"},{"data":"DTMod:DragonDance","floor":13.0,"key":"SMITH"},{"data":"DTMod:DragonDance","floor":15.0,"key":"SMITH"}],"dtmod_dragon_data":[37,50,3,-1,6,0],"circlet_count":0,"master_deck":["DTMod:DoubleHit","DTMod:TargetDefense","DTMod:TargetDefense","DTMod:TargetDefense+1","DTMod:SwitchingTactic+1","DTMod:DragonDance+1","DTMod:Cover","DTMod:Haste+1","DTMod:CrossStep","DTMod:ComboAttack","DTMod:DragonDance+1","DTMod:DragonDance+1","DTMod:BlueScale","DTMod:HeadStart","DTMod:Training+1","DTMod:TagTeam+1","DTMod:LastStand+1","DTMod:Training","DTMod:Shift","DTMod:RunningTactic+1"],"relics":["DTMod:PactStone","Art of War","War Paint","Eternal Feather","Astrolabe"],"acts_visited":["Exordium","TheCity"],"potions_floor_usage":[],"damage_taken":[{"damage":2.0,"enemies":"2 Louse","floor":1.0,"turns":3.0},{"damage":2.0,"enemies":"Jaw Worm","floor":3.0,"turns":4.0},{"damage":0.0,"enemies":"Cultist","floor":5.0,"turns":5.0},{"damage":9.0,"enemies":"Gremlin Nob","floor":6.0,"turns":5.0},{"damage":5.0,"enemies":"Blue Slaver","floor":12.0,"turns":5.0},{"damage":0.0,"enemies":"Looter","floor":14.0,"turns":4.0},{"damage":0.0,"enemies":"Slime Boss","floor":16.0,"turns":14.0},{"damage":0.0,"enemies":"Shell Parasite","floor":18.0,"turns":5.0},{"damage":10,"enemies":"2 Thieves","floor":20,"turns":4},{"damage":0,"enemies":"Snake Plant","floor":21,"turns":5},{"damage":0,"enemies":"Chosen and Byrds","floor":22,"turns":9}],"seed_played":"-671404522111906169","potions_obtained":[{"floor":1.0,"key":"DistilledChaos"},{"floor":12.0,"key":"LiquidMemories"},{"floor":14.0,"key":"ColorlessPotion"}],"is_trial":false,"path_per_floor":["M","$","M","$","M","E","?","R","T","R","?","M","R","M","R","B",null,"M","?","M","M","M"],"character_chosen":"THE_DT","items_purchased":["DTMod:Haste","DTMod:CrossStep"],"campfire_rested":0,"item_purchase_floors":[4,4],"current_hp_per_floor":[43,43,41,41,41,32,25,25,25,25,25,20,29,29,38,38,45,45,45,35,35,35,35,35],"gold":273,"neow_bonus":"HUNDRED_GOLD","is_daily":false,"chose_seed":false,"campfire_upgraded":4,"win_rate":0.0,"timestamp":1613601280,"path_taken":["M","$","M","$","M","E","?","R","T","R","?","M","R","?","R","BOSS","M","?","M","M","M"],"items_purchased_type":["Card","Card"],"build_version":"2020-12-22","purchased_purges":1,"victory":false,"max_hp_per_floor":[45,45,45,45,45,45,45,45,45,45,45,45,45,45,45,45,45,45,45,45,45,45,45,45],"card_choices":[{"not_picked":["DTMod:RecklessFlurry","DTMod:Astonish"],"picked":"DTMod:DragonDance","floor":1.0},{"not_picked":["DTMod:MasterPlan","DTMod:Threaten"],"picked":"DTMod:Cover","floor":3.0},{"not_picked":["DTMod:Coolant","DTMod:MagicField"],"picked":"DTMod:ComboAttack","floor":5.0},{"not_picked":["DTMod:Punisher","DTMod:BlazingStrike"],"picked":"DTMod:DragonDance","floor":6.0},{"not_picked":["DTMod:OpeningTactic","DTMod:FlameSlash"],"picked":"DTMod:DragonDance","floor":12.0},{"not_picked":["DTMod:ShieldDrain","DTMod:Threaten"],"picked":"DTMod:BlueScale","floor":14.0},{"not_picked":["DTMod:Safeguard","DTMod:Inferno"],"picked":"DTMod:HeadStart","floor":16.0},{"not_picked":["DTMod:BurningEnergy+1","DTMod:WarmUp+1"],"picked":"DTMod:Training","floor":18.0},{"not_picked":["DTMod:HeatWave","DTMod:BlazingStrike"],"picked":"DTMod:Shift","floor":20},{"not_picked":["DTMod:BreakAttack+1","DTMod:TauntingStrike"],"picked":"DTMod:RunningTactic+1","floor":21}],"player_experience":1062644,"relics_obtained":[{"floor":6.0,"key":"Art of War"},{"floor":9.0,"key":"War Paint"},{"floor":11.0,"key":"Eternal Feather"}],"event_choices":[{"cards_removed":["DTMod:Strike"],"damage_healed":0.0,"max_hp_gain":0.0,"max_hp_loss":0.0,"gold_gain":0.0,"event_name":"Golden Wing","player_choice":"Card Removal","floor":7.0,"gold_loss":0.0,"damage_taken":7.0},{"damage_healed":0.0,"max_hp_gain":0.0,"max_hp_loss":0.0,"gold_gain":0.0,"event_name":"Wheel of Change","player_choice":"Relic","floor":11.0,"gold_loss":0.0,"damage_taken":0.0},{"damage_healed":0,"gold_gain":0,"player_choice":"Ignored","damage_taken":0,"max_hp_gain":0,"max_hp_loss":0,"event_name":"The Mausoleum","floor":19,"gold_loss":0}],"is_beta":false,"boss_relics":[{"not_picked":["Velvet Choker","Fusion Hammer"],"picked":"Astrolabe"}],"items_purged_floors":[2],"is_endless":false,"potions_floor_spawned":[1,12,14,22],"killed_by":"Chosen and Byrds","ascension_level":0}}