{"host":"y6zg4wwu39otf01a","time":1613587818,"event":{"mods":["Act Like it!","Aspiration","BaseMod","Better Altar","Better Match","Better Note","Better Sensory Stone","Better Skull","Better Third Choice","Challenge The Spire","Colored Map","Colored Powertips","Conspire","GifTheSpireLib","Glutton Mod","Halation","Hermit","Highlight Path","Hubris","Infinite Spire","Mimic Mod","Minty Spire (QoL Compilation)","Quick Restart","Random Character Button","Rare Cards Sparkle","Reliquary","Replay The Spire","Retaliation","Ruina","Spicy Shops","StSLib","Stuff the Spire","The Blue Laboratory","The Construct","The Jungle"],"gold_per_floor":[116,126,126,91,6,31,31,47,86,86,86,47,66,66,66,171,171,185,217,69,86,86,86,117,117,157,176,176,176,176],"floor_reached":29,"language":"ENG","playtime":1244,"items_purged":[],"score":275,"play_id":"814a599c-8028-489a-ac31-8089d22ca679","local_time":"20210217125018","is_ascension_mode":true,"campfire_choices":[{"data":"Perfected Strike","floor":7,"key":"SMITH"},{"data":"Brutality","floor":10,"key":"SMITH"},{"data":"StuffTheSpire:Slingshot","floor":15,"key":"SMITH"},{"data":"Replay:Many Hands","floor":23,"key":"SMITH"}],"circlet_count":0,"master_deck":["Strike_R","Strike_R","Strike_R","Strike_R","Strike_R","Defend_R","Defend_R","Defend_R","Defend_R","Bash","Perfected Strike+1","StuffTheSpire:Slingshot+1","Pommel Strike","Replay:Sssssssssstrike","Shockwave+1","Brutality+1","Wild Strike+1","Replay:Many Hands+1","Overencumbered","Decay","Clumsy","ReplayTheSpireMod:Strike From Hell+1","ReplayTheSpireMod:Corrosion Curse","Replay:Undeath\u0027s Touch+1","Anger+1","Intimidate+1"],"relics":["Burning Blood","reliquary:Boomerang","Regal Pillow","Vajra","halation:PinkSoulGem","Replay:Ancient Bell","Red Skull","conspire:DeflatedDodgeball","Unceasing Top","Red Mask","reliquary:FingerTrap","halation:EternalFortune","Shuriken","infinitespire:FocusingShard","Replay:Rubber Ducky"],"acts_visited":["Exordium","TheCity"],"potions_floor_usage":[6,16,19,26,27],"damage_taken":[{"damage":12.0,"enemies":"Jaw Worm","floor":1.0,"turns":3.0},{"damage":20,"enemies":"Small Slimes","floor":2,"turns":3},{"damage":23,"enemies":"Gremlin Nob","floor":6,"turns":4},{"damage":0,"enemies":"2 Louse","floor":8,"turns":2},{"damage":12,"enemies":"2 Fungi Beasts","floor":9,"turns":5},{"damage":5,"enemies":"2 Fungi Beasts","floor":13,"turns":2},{"damage":25,"enemies":"Hexaghost","floor":16,"turns":7},{"damage":0,"enemies":"3 Byrds","floor":18,"turns":1},{"damage":28,"enemies":"Masked Bandits","floor":19,"turns":3},{"damage":24,"enemies":"2 Thieves","floor":21,"turns":3},{"damage":37,"enemies":"Book of Stabbing","floor":24,"turns":4},{"damage":0,"enemies":"Centurion and Healer","floor":26,"turns":2},{"damage":13,"enemies":"Centurion and Healer","floor":27,"turns":2},{"damage":12,"enemies":"Snake Plant","floor":29,"turns":2}],"seed_played":"-7341180985148549602","potions_obtained":[{"floor":2,"key":"blueLaboratory:SavagePotion"},{"floor":13,"key":"ColorlessPotion"},{"floor":18,"key":"blueLaboratory:NullPotion"},{"floor":21,"key":"blueLaboratory:AbyssPotion"},{"floor":24,"key":"FearPotion"}],"is_trial":false,"path_per_floor":["M","M","?","?","$","E","R","M","MIM","R","?","$","M","?","R","B",null,"M","?","$","M","?","R","E","?","MIM","M","T","M"],"character_chosen":"IRONCLAD","items_purchased":["Replay:Sssssssssstrike","Wild Strike+1","reliquary:FingerTrap"],"campfire_rested":0,"item_purchase_floors":[5,12,20],"current_hp_per_floor":[74,60,60,80,80,63,63,69,63,63,63,63,64,64,64,45,80,80,58,58,40,43,43,12,12,18,11,11,0,0],"gold":176,"neow_bonus":"RANDOM_COMMON_RELIC","is_daily":false,"chose_seed":false,"campfire_upgraded":4,"win_rate":0.0,"timestamp":1613587818,"path_taken":["M","M","?","?","?","E","R","M","MIM","R","?","?","?","?","R","BOSS","M","?","$","M","?","R","E","?","MIM","?","?","M"],"items_purchased_type":["Card","Card","Relic"],"build_version":"2020-12-22","purchased_purges":0,"victory":false,"max_hp_per_floor":[80,80,80,80,80,80,80,80,80,80,80,80,80,80,80,80,80,80,80,80,80,83,83,83,83,83,83,83,83,83],"card_choices":[{"not_picked":["Headbutt","Infernal Blade"],"picked":"Perfected Strike","floor":1.0},{"not_picked":["Anger","Sword Boomerang"],"picked":"StuffTheSpire:Slingshot","floor":2},{"not_picked":["DDmod:PokeAttack","Cleave"],"picked":"Shockwave","floor":6},{"not_picked":["Carnage","Sword Boomerang"],"picked":"Brutality","floor":8},{"not_picked":["Pommel Strike","ReplayReversal","DDmod:PokeAttack"],"picked":"SKIP","floor":13},{"not_picked":["Barricade","conspire:HitWhereItHurts"],"picked":"Replay:Many Hands","floor":16},{"not_picked":["hubris:Gluttony","infinitespire:Pacifist"],"picked":"Overencumbered","floor":17},{"not_picked":["ReplayTheSpireMod:Restless Dread","hubris:Lust"],"picked":"Decay","floor":17},{"not_picked":["Writhe","hubris:Lust"],"picked":"Clumsy","floor":17},{"not_picked":["True Grit+1","Burning Pact"],"picked":"ReplayTheSpireMod:Strike From Hell+1","floor":18},{"not_picked":["DDmod:SpikedSkill","True Grit"],"picked":"ReplayTheSpireMod:Corrosion Curse","floor":19},{"not_picked":["Armaments+1","DDmod:PlatedThornsSkill","StuffTheSpire:RockThrow"],"picked":"SKIP","floor":21},{"not_picked":["Disarm","StuffTheSpire:TitanForm"],"picked":"Replay:Undeath\u0027s Touch+1","floor":24},{"not_picked":["Hemokinesis","StuffTheSpire:Slingshot"],"picked":"Anger+1","floor":26},{"not_picked":["Whirlwind+1","Dual Wield"],"picked":"Intimidate+1","floor":27}],"player_experience":867051,"relics_obtained":[{"floor":6,"key":"Regal Pillow"},{"floor":9,"key":"Vajra"},{"floor":19,"key":"Red Mask"},{"floor":24,"key":"Shuriken"},{"floor":26,"key":"infinitespire:FocusingShard"},{"floor":28,"key":"Replay:Rubber Ducky"}],"event_choices":[{"damage_healed":20,"gold_gain":0,"player_choice":"Healed","damage_taken":0,"max_hp_gain":0,"max_hp_loss":0,"event_name":"The Cleric","floor":4,"gold_loss":35},{"damage_healed":0,"gold_gain":0,"player_choice":"Fought Bandits","damage_taken":0,"max_hp_gain":0,"max_hp_loss":0,"event_name":"Masked Bandits","floor":19,"gold_loss":0}],"is_beta":false,"boss_relics":[{"not_picked":["Electric Blood","halation:SmartPhone"],"picked":"Replay:Ancient Bell"},{"not_picked":["StuffTheSpire:Barrel","hubris:TenFootPole"],"picked":"Red Skull"},{"not_picked":["Pantograph","StuffTheSpire:PointBlank"],"picked":"conspire:DeflatedDodgeball"},{"not_picked":["aspiration:AnachronicSnailShell","reliquary:OuijaBoard"],"picked":"Unceasing Top"}],"items_purged_floors":[],"is_endless":false,"potions_floor_spawned":[2,13,18,21,24],"killed_by":"Snake Plant","ascension_level":3}}