{"host":"2l5k2wp87eek7qja","time":1613585172,"event":{"mods":["BaseMod","Colored Map","Minty Spire (QoL Compilation)","Relic Stats"],"gold_per_floor":[113,113,113,123,123,156,156,184,184,184,70,80,99,99,99,172,172,149,12,282,301,321,321,336,336,336,336,336,347,347,347],"floor_reached":30,"language":"ENG","playtime":981,"items_purged":["Pain"],"score":526,"play_id":"ec9025cb-c593-4d6c-bd35-203bfe3f8cc4","local_time":"20210217200612","is_ascension_mode":true,"campfire_choices":[{"data":"Predator","floor":7,"key":"SMITH"},{"data":"Skewer","floor":10,"key":"SMITH"},{"data":"Noxious Fumes","floor":15,"key":"SMITH"},{"floor":23,"key":"REST"},{"floor":28,"key":"REST"}],"circlet_count":0,"master_deck":["AscendersBane","Strike_G","Defend_G","Defend_G","Defend_G","Defend_G","Defend_G","Survivor","Neutralize","Bane","Predator+1","Bouncing Flask","Skewer+1","Noxious Fumes+1","Backflip","Die Die Die","Malaise","Backflip","Caltrops+1","Crippling Poison","Footwork+1"],"relics":["Ring of the Snake","NeowsBlessing","Question Card","WarpedTongs","Strawberry","Omamori","Blood Vial","The Courier","Empty Cage","TwistedFunnel","Enchiridion","Pantograph"],"acts_visited":["Exordium","TheCity"],"potions_floor_usage":[8,16,24],"damage_taken":[{"damage":0,"enemies":"Jaw Worm","floor":1,"turns":1},{"damage":0,"enemies":"Small Slimes","floor":4,"turns":1},{"damage":0,"enemies":"Lagavulin","floor":6,"turns":1},{"damage":26,"enemies":"3 Sentries","floor":8,"turns":7},{"damage":2,"enemies":"2 Louse","floor":12,"turns":2},{"damage":8,"enemies":"Exordium Thugs","floor":13,"turns":5},{"damage":11,"enemies":"The Guardian","floor":16,"turns":8},{"damage":15,"enemies":"2 Thieves","floor":18,"turns":4},{"damage":6,"enemies":"Spheric Guardian","floor":21,"turns":4},{"damage":7,"enemies":"Snecko","floor":22,"turns":5},{"damage":3,"enemies":"Snake Plant","floor":24,"turns":5},{"damage":21,"enemies":"Cultist and Chosen","floor":29,"turns":6},{"damage":42,"enemies":"Slavers","floor":30,"turns":3}],"seed_played":"-6594905430789750210","potions_obtained":[{"floor":4,"key":"PowerPotion"},{"floor":13,"key":"Poison Potion"},{"floor":16,"key":"FairyPotion"},{"floor":18,"key":"DuplicationPotion"}],"is_trial":false,"path_per_floor":["M","?","?","M","?","E","R","E","T","R","$","M","M","T","R","B",null,"M","$","?","M","M","R","M","?","T","?","R","M","E"],"character_chosen":"THE_SILENT","items_purchased":["Noxious Fumes","TwistedFunnel"],"campfire_rested":2,"item_purchase_floors":[11,19],"current_hp_per_floor":[59,52,41,41,41,48,48,22,22,22,22,22,16,16,16,7,57,44,44,17,13,8,29,28,7,7,7,28,9,0,0],"gold":347,"neow_bonus":"THREE_ENEMY_KILL","is_daily":false,"chose_seed":false,"campfire_upgraded":3,"win_rate":0.0,"timestamp":1613585172,"path_taken":["M","?","?","M","?","E","R","E","T","R","$","M","?","?","R","BOSS","M","$","?","?","M","R","M","?","T","?","R","M","E"],"items_purchased_type":["Card","Relic"],"build_version":"2020-12-22","purchased_purges":1,"victory":false,"max_hp_per_floor":[66,66,66,66,66,73,73,73,73,73,73,73,73,73,73,73,73,73,73,73,73,73,73,73,73,73,73,73,73,73,73],"relic_stats":{"Blood Vial":18,"counters":[13,52],"Pantograph":0,"Question Card":11,"obtain_stats":[{"Blood Vial":9,"TwistedFunnel":19,"NeowsBlessing":0,"Strawberry":6,"Pantograph":26,"Enchiridion":25,"The Courier":14,"Omamori":8,"Question Card":3,"Empty Cage":17,"Ring of the Snake":0,"WarpedTongs":5},{"Blood Vial":4,"TwistedFunnel":8,"NeowsBlessing":0,"Strawberry":3,"Pantograph":11,"Enchiridion":11,"The Courier":6,"Omamori":4,"Question Card":1,"Empty Cage":7,"Ring of the Snake":0,"WarpedTongs":2},{"Blood Vial":10,"TwistedFunnel":29,"NeowsBlessing":0,"Strawberry":3,"Pantograph":43,"Enchiridion":43,"The Courier":17,"Omamori":10,"Question Card":1,"Empty Cage":25,"Ring of the Snake":0,"WarpedTongs":2}],"Ring of the Snake":[26],"WarpedTongs":[50]},"card_choices":[{"not_picked":["Acrobatics","Finisher"],"picked":"Bane","floor":1},{"not_picked":["Acrobatics","Dagger Spray","Prepared"],"picked":"Predator","floor":4},{"not_picked":["Infinite Blades","Distraction","Noxious Fumes"],"picked":"Bouncing Flask","floor":6},{"not_picked":["Accuracy","Slice","Bane"],"picked":"Skewer","floor":8},{"not_picked":["Dagger Throw","Bane","Deflect"],"picked":"Backflip","floor":12},{"not_picked":["Blur","Slice","Dagger Throw"],"picked":"Die Die Die","floor":13},{"not_picked":["Burst","Adrenaline","Grand Finale"],"picked":"Malaise","floor":16},{"not_picked":["Poisoned Stab","Outmaneuver+1","Bane"],"picked":"Backflip","floor":18},{"not_picked":["Crippling Poison","Sucker Punch","Finisher+1"],"picked":"Caltrops+1","floor":21},{"not_picked":["Calculated Gamble","Terror+1","Deadly Poison","Poisoned Stab"],"picked":"SKIP","floor":22},{"not_picked":["Dodge and Roll","Sucker Punch","Dagger Throw+1"],"picked":"Crippling Poison","floor":24},{"not_picked":["Poisoned Stab+1","Heel Hook","Outmaneuver"],"picked":"Footwork+1","floor":29}],"player_experience":797904,"relics_obtained":[{"floor":6,"key":"Strawberry"},{"floor":8,"key":"Omamori"},{"floor":9,"key":"Blood Vial"},{"floor":14,"key":"The Courier"},{"floor":25,"key":"Enchiridion"},{"floor":26,"key":"Pantograph"}],"event_choices":[{"cards_removed":["Strike_G"],"damage_healed":0,"gold_gain":0,"player_choice":"Card Removal","damage_taken":7,"max_hp_gain":0,"max_hp_loss":0,"event_name":"Golden Wing","floor":2,"gold_loss":0},{"damage_healed":0,"gold_gain":0,"player_choice":"Success","damage_taken":11,"relics_obtained":["Question Card"],"max_hp_gain":0,"max_hp_loss":0,"event_name":"Scrap Ooze","floor":3,"gold_loss":0},{"damage_healed":0,"gold_gain":0,"player_choice":"Rummage","damage_taken":0,"relics_obtained":["WarpedTongs"],"max_hp_gain":0,"max_hp_loss":0,"event_name":"Accursed Blacksmith","floor":5,"gold_loss":0,"cards_obtained":["Pain"]},{"damage_healed":0,"gold_gain":270,"player_choice":"GOLD GOLD GOLD ","damage_taken":27,"max_hp_gain":0,"max_hp_loss":0,"event_name":"Knowing Skull","floor":20,"potions_obtained":[],"gold_loss":0,"cards_obtained":[]},{"damage_healed":0,"gold_gain":0,"player_choice":"Obtained Book","damage_taken":21,"max_hp_gain":0,"max_hp_loss":0,"event_name":"Cursed Tome","floor":25,"gold_loss":0},{"cards_removed":["Strike_G"],"damage_healed":0,"gold_gain":0,"player_choice":"Purged","damage_taken":0,"max_hp_gain":0,"max_hp_loss":0,"event_name":"Purifier","floor":27,"gold_loss":0}],"is_beta":false,"boss_relics":[{"not_picked":["Snecko Eye","Ring of the Serpent"],"picked":"Empty Cage"}],"items_purged_floors":[11],"is_endless":false,"potions_floor_spawned":[4,13,16,18,22],"killed_by":"Slavers","ascension_level":20}}