{"host":"7oiwk103j2prpym5","time":1613574501,"event":{"mods":["BaseMod","BetterRewards","Colored Map","Colored Powertips","GifTheSpireLib","Infinite Spire","Minty Spire (QoL Compilation)","Permanent Neow","Relic Filter Mod","Reliquary","Remove Card Discount Mod","Replay The Spire","StSLib","Stuff the Spire","Weighted Paths"],"gold_per_floor":[111,71,84,101,120,149,149,149,218,218,247,264,289,301,301,405,405,419,518,15,15,77,77,94,94,94,126,165,165,165,165],"floor_reached":30,"language":"ENG","playtime":1955,"items_purged":["Strike_G","Defend_G","Strike_G","Defend_G","ReplayTheSpireMod:Restless Dread","Strike_G","Defend_G","Strike_G"],"score":258,"play_id":"4381ffe8-a3cd-4d53-b16d-6b21b74a6659","local_time":"20210217090821","is_ascension_mode":false,"campfire_choices":[{"floor":8,"key":"REST"},{"floor":15,"key":"REST"},{"floor":23,"key":"RECALL"},{"floor":25,"key":"REST"},{"floor":29,"key":"REST"}],"circlet_count":0,"master_deck":["Strike_G+1","Defend_G","Defend_G","Survivor","Neutralize","StuffTheSpire:FinalStruggle","Backflip","Deflect","Poisoned Stab+1","Replay:Poison Smokescreen+1","Poison Darts","Slice","Dagger Spray","Quick Slash","Phantasmal Killer","Outmaneuver","Dash+1","Apotheosis","StuffTheSpire:BrimstoneBlast","Footwork","Footwork","Caltrops","Noxious Fumes","Backstab+1","Noxious Fumes+1","Sucker Punch+1"],"relics":["Ring of the Snake","Durian","Bronze Scales","Blue Doll","Blood Vial","Black Star","Whetstone","SsserpentHead","Frozen Egg 2","Du-Vu Doll","Juzu Bracelet","ReplayTheSpireMod:CursedCoin"],"acts_visited":["Exordium","TheCity"],"potions_floor_usage":[6,11,22,22,27,27,30],"damage_taken":[{"damage":0,"enemies":"2 Louse","floor":1,"turns":3},{"damage":70,"enemies":"Cultist","floor":3,"turns":2},{"damage":50,"enemies":"Jaw Worm","floor":4,"turns":4},{"damage":0,"enemies":"Blue Slaver","floor":5,"turns":4},{"damage":53,"enemies":"Gremlin Nob","floor":6,"turns":5},{"damage":25,"enemies":"3 Sentries","floor":11,"turns":12},{"damage":0,"enemies":"2 Fungi Beasts","floor":12,"turns":3},{"damage":0,"enemies":"Lots of Slimes","floor":14,"turns":2},{"damage":29,"enemies":"The Guardian","floor":16,"turns":9},{"damage":70,"enemies":"Spheric Guardian","floor":18,"turns":4},{"damage":69,"enemies":"2 Thieves","floor":22,"turns":4},{"damage":21,"enemies":"Cultist and Chosen","floor":24,"turns":4},{"damage":70,"enemies":"Gremlin Leader","floor":27,"turns":7},{"damage":33,"enemies":"Slavers","floor":30,"turns":2}],"seed_played":"-7709487482404316080","potions_obtained":[{"floor":2,"key":"Milkshake"},{"floor":2,"key":"FairyPotion"},{"floor":2,"key":"SteroidPotion"},{"floor":3,"key":"Flashbang"},{"floor":6,"key":"Swift Potion"},{"floor":11,"key":"Swift Potion"},{"floor":14,"key":"Block Potion"},{"floor":18,"key":"LiquidBronze"},{"floor":22,"key":"Weak Potion"}],"is_trial":false,"path_per_floor":["M","?","M","M","M","E","?","R","T","?","E","M","T","M","R","B",null,"M","?","$","?","M","R","M","R","T","E","$","R","E"],"character_chosen":"THE_SILENT","items_purchased":["Dash+1","Apotheosis","StuffTheSpire:BrimstoneBlast","Whetstone","Footwork","ReplayTheSpireMod:CursedCoin","Noxious Fumes+1","Sucker Punch+1","Swift Potion"],"campfire_rested":4,"item_purchase_floors":[20,20,20,20,20,28,28,28,28],"current_hp_per_floor":[70,70,70,70,70,57,57,75,75,75,50,50,50,52,74,46,75,70,70,70,70,58,58,54,75,75,5,5,27,0,0],"gold":165,"neow_bonus":"ONE_RANDOM_RARE_CARD","is_daily":false,"chose_seed":false,"campfire_upgraded":0,"win_rate":0.0,"timestamp":1613574501,"path_taken":["M","?","M","M","?","E","?","R","T","?","E","M","?","M","R","BOSS","M","?","$","?","?","R","M","R","T","E","$","R","E"],"items_purchased_type":["Card","Card","Card","Relic","Card","Relic","Card","Card","Potion"],"build_version":"2020-12-22","purchased_purges":8,"victory":false,"max_hp_per_floor":[70,70,70,70,70,75,75,75,75,75,75,75,75,75,75,75,75,75,75,75,75,75,75,75,75,75,75,75,75,75,75],"card_choices":[{"not_picked":["Sucker Punch","Dodge and Roll"],"picked":"Backflip","floor":1},{"not_picked":["Concentrate","StuffTheSpire:BumpUp"],"picked":"Deflect","floor":3},{"not_picked":["Reflex","Quick Slash"],"picked":"Poisoned Stab","floor":4},{"not_picked":["Dagger Throw","Underhanded Strike"],"picked":"Replay:Poison Smokescreen","floor":5},{"not_picked":["Calculated Gamble","Acrobatics"],"picked":"Poison Darts","floor":6},{"not_picked":["ReplayTheSpireMod:Exploit Weakness","Reflex"],"picked":"Slice","floor":11},{"not_picked":["StuffTheSpire:Sprint","Sucker Punch"],"picked":"Dagger Spray","floor":12},{"not_picked":["Deflect","StuffTheSpire:DoubleShiv"],"picked":"Quick Slash","floor":14},{"not_picked":["Doppelganger","Poison Darts"],"picked":"Phantasmal Killer","floor":16},{"not_picked":["StuffTheSpire:Incursion","Footwork"],"picked":"Outmaneuver","floor":18},{"not_picked":["Quick Slash","PiercingWail"],"picked":"Caltrops","floor":22},{"not_picked":["Prepared","StuffTheSpire:Python"],"picked":"Noxious Fumes","floor":24},{"not_picked":["Footwork+1","Predator"],"picked":"Backstab+1","floor":27}],"player_experience":884103,"relics_obtained":[{"floor":6,"key":"Durian"},{"floor":10,"key":"Bronze Scales"},{"floor":11,"key":"Blue Doll"},{"floor":13,"key":"Blood Vial"},{"floor":26,"key":"Frozen Egg 2"},{"floor":27,"key":"Du-Vu Doll"},{"floor":27,"key":"Juzu Bracelet"}],"event_choices":[{"damage_healed":0,"gold_gain":0,"player_choice":"Bought 3 Potions","damage_taken":0,"max_hp_gain":0,"max_hp_loss":0,"event_name":"The Woman in Blue","floor":2,"gold_loss":0},{"damage_healed":0,"gold_gain":0,"player_choice":"Grow","damage_taken":0,"max_hp_gain":0,"max_hp_loss":0,"event_name":"Living Wall","floor":7,"gold_loss":0,"cards_upgraded":["Replay:Poison Smokescreen"]},{"damage_healed":0,"gold_gain":99,"player_choice":"Stole From Cult","damage_taken":0,"max_hp_gain":0,"max_hp_loss":0,"event_name":"Nest","floor":19,"gold_loss":0},{"damage_healed":0,"gold_gain":0,"player_choice":"Trade","damage_taken":0,"relics_obtained":["SsserpentHead"],"max_hp_gain":0,"max_hp_loss":0,"event_name":"FaceTrader","floor":21,"gold_loss":0}],"is_beta":false,"boss_relics":[{"not_picked":["Coffee Dripper","Replay:Grab Bag"],"picked":"Black Star"}],"items_purged_floors":[20,20,20,20,28,28,28,28],"is_endless":false,"potions_floor_spawned":[3,6,11,14,18,22],"killed_by":"Slavers","ascension_level":0}}