{"host":"vhifjdba66khcqwn","time":1613590785,"event":{"mods":["AchievementEnabler","BaseMod","Bestiary","Energized Spire","Minty Spire (QoL Compilation)","Practice Mode","Relic Stats","Spicy Shops","StSLib","slay the spire mod where everything is the same but ironclad has a cowboy hat"],"gold_per_floor":[115,115,131,146,146,177,177,177,177,202,214,225,37,52,82,82,161,161,161,240,240,258,273,273,292,307,334,334,359,359,359,410,410,445,495,511,526,540,540,614,614,625,625,625,639,639,69,94,94,123,135,135,159,169,169,169,69,85,85,85,85],"floor_reached":62,"language":"ENG","playtime":2121,"items_purged":["Writhe","Parasite"],"score":2159,"play_id":"a9e4f029-41c8-4780-a2dd-1f0223f1569b","local_time":"20210217113945","is_ascension_mode":true,"campfire_choices":[{"floor":8.0,"key":"REST"},{"data":"Armaments","floor":16.0,"key":"SMITH"},{"data":"Offering","floor":19.0,"key":"SMITH"},{"floor":28.0,"key":"REST"},{"floor":30.0,"key":"REST"},{"floor":39.0,"key":"REST"},{"data":"Corruption","floor":49,"key":"SMITH"},{"data":"Inflame","floor":56,"key":"SMITH"},{"data":"Shockwave","floor":59,"key":"SMITH"},{"data":"Intimidate","floor":60,"key":"SMITH"}],"circlet_count":0,"master_deck":["AscendersBane","Strike_R","Defend_R","Defend_R+1","Defend_R","Defend_R","Bash","Bludgeon","Thunderclap","True Grit","Cleave","Whirlwind","Shockwave","Twin Strike","Sword Boomerang","Feed","Inflame+1","Cleave","Armaments+1","Offering+1","Warcry+1","Hemokinesis+1","Fiend Fire+1","Cleave+1","Spot Weakness","Intimidate+1","Shrug It Off+1","Inflame+1","Shockwave+1","Ghostly Armor","Corruption+1","Clumsy","True Grit+1","Reaper","Offering+1","Bloodletting+1","Dark Embrace+1","Parasite","Heavy Blade+1","Disarm+1","Seeing Red+1","Disarm+1"],"relics":["Burning Blood","Sundial","HornCleat","Bag of Preparation","Odd Mushroom","Astrolabe","Black Star","Tiny Chest","Regal Pillow","Paper Frog","Darkstone Periapt","Pantograph","Bag of Marbles","Du-Vu Doll","Prayer Wheel","Cursed Key","Toxic Egg 2","Brimstone","DollysMirror","Gremlin Horn","Mummified Hand","Anchor","Ginger","Kunai","War Paint"],"acts_visited":["Exordium","TheCity","TheBeyond"],"potions_floor_usage":[],"damage_taken":[{"damage":0.0,"enemies":"Cultist","floor":1.0,"turns":2.0},{"damage":7.0,"enemies":"Small Slimes","floor":3.0,"turns":2.0},{"damage":19.0,"enemies":"Jaw Worm","floor":4.0,"turns":4.0},{"damage":31.0,"enemies":"3 Sentries","floor":6.0,"turns":8.0},{"damage":15.0,"enemies":"Gremlin Nob","floor":10.0,"turns":4.0},{"damage":6.0,"enemies":"Looter","floor":11.0,"turns":3.0},{"damage":1.0,"enemies":"2 Fungi Beasts","floor":12.0,"turns":3.0},{"damage":0.0,"enemies":"3 Louse","floor":14.0,"turns":1.0},{"damage":13.0,"enemies":"The Mushroom Lair","floor":15.0,"turns":3.0},{"damage":25.0,"enemies":"The Guardian","floor":17.0,"turns":9.0},{"damage":16.0,"enemies":"The Guardian","floor":20.0,"turns":6.0},{"damage":16.0,"enemies":"2 Thieves","floor":22.0,"turns":3.0},{"damage":6.0,"enemies":"Chosen","floor":23.0,"turns":2.0},{"damage":22.0,"enemies":"3 Cultists","floor":25.0,"turns":4.0},{"damage":6.0,"enemies":"Snecko","floor":26.0,"turns":3.0},{"damage":53.0,"enemies":"Slavers","floor":27.0,"turns":4.0},{"damage":16.0,"enemies":"Book of Stabbing","floor":29.0,"turns":3.0},{"damage":17.0,"enemies":"Gremlin Leader","floor":34.0,"turns":3.0},{"damage":26.0,"enemies":"Chosen and Byrds","floor":36.0,"turns":4.0},{"damage":8.0,"enemies":"Snake Plant","floor":37.0,"turns":2.0},{"damage":12.0,"enemies":"Centurion and Healer","floor":38.0,"turns":4.0},{"damage":81.0,"enemies":"Champ","floor":40.0,"turns":9.0},{"damage":7.0,"enemies":"3 Shapes","floor":42.0,"turns":2.0},{"damage":0.0,"enemies":"3 Darklings","floor":45.0,"turns":3.0},{"damage":24,"enemies":"Giant Head","floor":48,"turns":5},{"damage":0,"enemies":"Reptomancer","floor":50,"turns":2},{"damage":2,"enemies":"Sphere and 2 Shapes","floor":51,"turns":2},{"damage":8,"enemies":"Maw","floor":54,"turns":2},{"damage":6,"enemies":"Writhing Mass","floor":58,"turns":3},{"damage":20,"enemies":"Awakened One","floor":61,"turns":4}],"seed_played":"-5423161525540093675","potions_obtained":[{"floor":1.0,"key":"HeartOfIron"},{"floor":10.0,"key":"SkillPotion"},{"floor":11.0,"key":"Fruit Juice"},{"floor":14.0,"key":"FairyPotion"},{"floor":17.0,"key":"LiquidBronze"},{"floor":27.0,"key":"SteroidPotion"},{"floor":34.0,"key":"SkillPotion"},{"floor":48,"key":"ElixirPotion"}],"is_trial":false,"path_per_floor":["M","$","M","M","?","E","?","R","T","E","M","M","$","M","?","R","B",null,"R","B",null,"M","M","?","M","M","E","R","E","R","T","T","?","E","?","M","M","M","R","B",null,"M","?","T","M","?","$","E","R","E","M","T","T","M","?","R","$","M","R","R","B",null],"character_chosen":"IRONCLAD","items_purchased":["Inflame","Cleave","Reaper","Brimstone","DollysMirror"],"campfire_rested":4,"item_purchase_floors":[13,13,47,47,47],"current_hp_per_floor":[74,74,73,60,60,35,35,57,57,48,53,58,58,64,60,60,44,44,44,38,77,67,67,67,54,54,7,49,39,81,81,81,81,70,70,50,48,42,84,18,74,76,76,82,88,88,88,70,70,97,97,103,109,107,107,107,106,109,109,109,104],"gold":85,"neow_bonus":"THREE_RARE_CARDS","is_daily":false,"chose_seed":false,"campfire_upgraded":6,"win_rate":0.0,"timestamp":1613590785,"path_taken":["M","?","M","?","?","E","?","R","T","E","M","?","$","M","?","R","BOSS","R","BOSS","M","M","?","M","M","E","R","E","R","T","T","?","E","?","M","M","M","R","BOSS","M","?","?","M","?","$","E","R","E","M","T","T","M","?","R","$","M","R","R","BOSS"],"items_purchased_type":["Card","Card","Card","Relic","Relic"],"build_version":"2020-12-22","purchased_purges":2,"victory":true,"max_hp_per_floor":[75,75,75,75,75,75,75,75,75,75,80,80,80,80,83,83,86,86,86,90,90,90,90,90,93,93,93,93,93,93,93,93,93,93,93,93,93,93,93,93,93,96,96,102,102,97,97,97,97,97,97,103,109,109,109,109,106,109,109,109,109],"relic_stats":{"Darkstone Periapt":18,"Regal Pillow":45,"Gremlin Horn":[7,7],"counters":[30,109],"Astrolabe":["Warcry","Hemokinesis","Fiend Fire"],"Bag of Preparation":[50],"Ginger":[7],"War Paint":["Defend_R","Shrug It Off"],"Cursed Key":3,"Burning Blood":170,"Sundial":[6],"Mummified Hand":[14],"Pantograph":9,"Tiny Chest":1,"Prayer Wheel":9,"Black Star":5,"Kunai":[4],"obtain_stats":[{"Darkstone Periapt":29,"Regal Pillow":27,"Gremlin Horn":48,"Bag of Preparation":10,"Ginger":50,"Cursed Key":41,"Burning Blood":0,"HornCleat":9,"Sundial":6,"DollysMirror":47,"Mummified Hand":48,"Pantograph":31,"Tiny Chest":27,"Prayer Wheel":34,"Kunai":52,"Toxic Egg 2":44,"Paper Frog":29,"Astrolabe":18,"Odd Mushroom":15,"War Paint":53,"Du-Vu Doll":34,"Anchor":50,"Brimstone":47,"Black Star":21,"Bag of Marbles":32},{"Darkstone Periapt":17,"Regal Pillow":16,"Gremlin Horn":25,"Bag of Preparation":5,"Ginger":26,"Cursed Key":22,"Burning Blood":0,"HornCleat":4,"Sundial":4,"DollysMirror":24,"Mummified Hand":25,"Pantograph":17,"Tiny Chest":16,"Prayer Wheel":18,"Kunai":27,"Toxic Egg 2":23,"Paper Frog":17,"Astrolabe":10,"Odd Mushroom":9,"War Paint":27,"Du-Vu Doll":18,"Anchor":26,"Brimstone":24,"Black Star":11,"Bag of Marbles":17},{"Darkstone Periapt":64,"Regal Pillow":61,"Gremlin Horn":96,"Bag of Preparation":20,"Ginger":98,"Cursed Key":86,"Burning Blood":0,"HornCleat":16,"Sundial":16,"DollysMirror":91,"Mummified Hand":96,"Pantograph":64,"Tiny Chest":61,"Prayer Wheel":67,"Kunai":100,"Toxic Egg 2":88,"Paper Frog":64,"Astrolabe":39,"Odd Mushroom":30,"War Paint":100,"Du-Vu Doll":67,"Anchor":98,"Brimstone":91,"Black Star":45,"Bag of Marbles":64}]},"card_choices":[{"not_picked":["Barricade","Corruption"],"picked":"Bludgeon","floor":0.0},{"not_picked":["Pommel Strike","Blood for Blood"],"picked":"Thunderclap","floor":1.0},{"not_picked":["Anger","Heavy Blade"],"picked":"True Grit","floor":3.0},{"not_picked":["Iron Wave","Perfected Strike"],"picked":"Cleave","floor":4.0},{"not_picked":["Hemokinesis","Dual Wield"],"picked":"Whirlwind","floor":6.0},{"not_picked":["Wild Strike","Clothesline"],"picked":"Twin Strike","floor":10.0},{"not_picked":["Armaments","Anger"],"picked":"Sword Boomerang","floor":11.0},{"not_picked":["Perfected Strike","Clash"],"picked":"Feed","floor":12.0},{"not_picked":["Headbutt","Sentinel","Perfected Strike"],"picked":"SKIP","floor":14.0},{"not_picked":["Headbutt","Pommel Strike"],"picked":"Armaments","floor":15.0},{"not_picked":["Reaper","Corruption"],"picked":"Offering","floor":17.0},{"not_picked":["Sword Boomerang","Second Wind","Warcry"],"picked":"SKIP","floor":22.0},{"not_picked":["Sentinel","Feel No Pain"],"picked":"Cleave+1","floor":23.0},{"not_picked":["Iron Wave+1","Carnage"],"picked":"Intimidate","floor":25.0},{"not_picked":["Sword Boomerang","Iron Wave","Body Slam"],"picked":"SKIP","floor":26.0},{"not_picked":["Cleave","Combust","Exhume"],"picked":"SKIP","floor":27.0},{"not_picked":["Sword Boomerang","Wild Strike"],"picked":"Shrug It Off","floor":29.0},{"not_picked":["Clothesline","Dark Embrace"],"picked":"Inflame+1","floor":34.0},{"not_picked":["Blood for Blood","Carnage"],"picked":"Shockwave","floor":36.0},{"not_picked":["Dual Wield","Sword Boomerang","Wild Strike"],"picked":"SKIP","floor":36.0},{"not_picked":["Rage","Clash","Twin Strike"],"picked":"SKIP","floor":37.0},{"not_picked":["Thunderclap","Headbutt","Body Slam"],"picked":"SKIP","floor":37.0},{"not_picked":["Anger","Rampage"],"picked":"Ghostly Armor","floor":38.0},{"not_picked":["Burning Pact","Reckless Charge","Warcry"],"picked":"SKIP","floor":38.0},{"not_picked":["Barricade","Exhume"],"picked":"Corruption","floor":40.0},{"not_picked":["Body Slam","Uppercut","Headbutt"],"picked":"SKIP","floor":42.0},{"not_picked":["Headbutt+1","Pommel Strike","Metallicize"],"picked":"SKIP","floor":42.0},{"not_picked":["Evolve","Infernal Blade+1"],"picked":"True Grit+1","floor":45.0},{"not_picked":["Wild Strike+1","Body Slam","Thunderclap"],"picked":"SKIP","floor":45.0},{"not_picked":["Brutality","Rage+1","Clothesline"],"picked":"SKIP","floor":48},{"not_picked":["True Grit+1","Bloodletting+1"],"picked":"Heavy Blade","floor":50},{"not_picked":["Shrug It Off+1","Flex+1"],"picked":"Bloodletting+1","floor":51},{"not_picked":["Ghostly Armor+1","Pommel Strike"],"picked":"Dark Embrace+1","floor":51},{"not_picked":["Blood for Blood","Headbutt"],"picked":"Heavy Blade+1","floor":54},{"not_picked":["Wild Strike","Feed"],"picked":"Disarm+1","floor":54},{"not_picked":["Infernal Blade+1","Perfected Strike"],"picked":"Seeing Red+1","floor":58},{"not_picked":["Warcry+1","Twin Strike"],"picked":"Disarm+1","floor":58}],"player_experience":1193622,"relics_obtained":[{"floor":6.0,"key":"Sundial"},{"floor":9.0,"key":"HornCleat"},{"floor":10.0,"key":"Bag of Preparation"},{"floor":15.0,"key":"Odd Mushroom"},{"floor":27.0,"key":"Tiny Chest"},{"floor":27.0,"key":"Regal Pillow"},{"floor":29.0,"key":"Paper Frog"},{"floor":29.0,"key":"Darkstone Periapt"},{"floor":31.0,"key":"Pantograph"},{"floor":32.0,"key":"Bag of Marbles"},{"floor":34.0,"key":"Du-Vu Doll"},{"floor":34.0,"key":"Prayer Wheel"},{"floor":44.0,"key":"Toxic Egg 2"},{"floor":48,"key":"Gremlin Horn"},{"floor":48,"key":"Mummified Hand"},{"floor":50,"key":"Anchor"},{"floor":50,"key":"Ginger"},{"floor":52,"key":"Kunai"},{"floor":53,"key":"War Paint"}],"event_choices":[{"damage_healed":0.0,"max_hp_gain":0.0,"max_hp_loss":0.0,"gold_gain":0.0,"event_name":"Shining Light","player_choice":"Ignored","floor":5.0,"gold_loss":0.0,"damage_taken":0.0},{"damage_healed":0.0,"max_hp_gain":0.0,"max_hp_loss":0.0,"gold_gain":0.0,"cards_transformed":["Strike_R"],"event_name":"Transmorgrifier","player_choice":"Transformed","floor":7.0,"gold_loss":0.0,"damage_taken":0.0,"cards_obtained":["Shockwave"]},{"damage_healed":0.0,"max_hp_gain":0.0,"max_hp_loss":0.0,"gold_gain":0.0,"event_name":"Mushrooms","player_choice":"Fought Mushrooms","floor":15.0,"gold_loss":0.0,"damage_taken":0.0},{"damage_healed":0.0,"max_hp_gain":0.0,"max_hp_loss":0.0,"gold_gain":0.0,"event_name":"The Library","player_choice":"Read","floor":24.0,"gold_loss":0.0,"damage_taken":0.0,"cards_obtained":["Spot Weakness"]},{"damage_healed":0.0,"max_hp_gain":0.0,"max_hp_loss":0.0,"gold_gain":0.0,"event_name":"Ghosts","player_choice":"Ignored","floor":33.0,"gold_loss":0.0,"damage_taken":0.0},{"damage_healed":0.0,"max_hp_gain":0.0,"max_hp_loss":0.0,"gold_gain":50.0,"event_name":"Nest","player_choice":"Stole From Cult","floor":35.0,"gold_loss":0.0,"damage_taken":0.0},{"damage_healed":0.0,"max_hp_gain":0.0,"max_hp_loss":0.0,"gold_gain":0.0,"event_name":"Tomb of Lord Red Mask","player_choice":"Ignored","floor":43.0,"gold_loss":0.0,"damage_taken":0.0},{"damage_healed":0.0,"max_hp_gain":0.0,"max_hp_loss":5.0,"gold_gain":0.0,"event_name":"Winding Halls","player_choice":"Max HP","floor":46.0,"gold_loss":0.0,"damage_taken":0.0},{"cards_removed":["Heavy Blade"],"damage_healed":0,"gold_gain":0,"player_choice":"Removed Attack","damage_taken":0,"max_hp_gain":0,"max_hp_loss":0,"event_name":"Falling","floor":55,"gold_loss":0}],"is_beta":false,"boss_relics":[{"not_picked":["Snecko Eye","Sozu"],"picked":"Astrolabe"},{"not_picked":["SacredBark","energizedSpire:NeverEndingSparkler"],"picked":"Black Star"},{"not_picked":["energizedSpire:StickyHand","energizedSpire:SpiderWeb"],"picked":"Cursed Key"}],"items_purged_floors":[13,57],"is_endless":false,"potions_floor_spawned":[1,10,11,14,17,20,22,27,34,38,48,54],"ascension_level":17}}