{"host":"njb27ds59h4j3ikk","time":1613577368,"event":{"mods":["AchievementEnabler","BaseMod","Better Altar","Better Match","Better Note","Better Sensory Stone","Better Skull","Better Third Choice","BetterRewards","Downfall","Hermit","Hubris","Minty Spire (QoL Compilation)","Permanent Neow","Quarter Circle Forward PUNCH!","Quick Restart","Rare Cards Sparkle","Replay The Spire","Shop Mod","StSLib","Trackpad","Transform Curses"],"gold_per_floor":[111,386,400,420,434,461,461,461,461,491,491,511,524,537,537,633,633,652,652,667,261,212,212,212],"floor_reached":23,"language":"ENG","playtime":717,"items_purged":[],"score":379,"play_id":"23eae515-5756-4bf3-b867-c44a1371e816","local_time":"20210217105608","is_ascension_mode":true,"campfire_choices":[{"floor":8,"key":"REST"},{"data":"hermit:Maintenance","floor":15,"key":"SMITH"}],"circlet_count":0,"master_deck":["hermit:Strike_Hermit","hermit:Strike_Hermit","hermit:Strike_Hermit","hermit:Strike_Hermit","hermit:Defend_Hermit","hermit:Defend_Hermit","hermit:Defend_Hermit","hermit:Defend_Hermit","hermit:Snapshot","hermit:Covet","Panache","Dramatic Entrance","hermit:Headshot+1","hermit:Determination","hermit:Snipe","Regret","hermit:Ricochet","hermit:Horror","hermit:Gestalt","hermit:OverwhelmingPower","hermit:Desperado","hermit:Maintenance+1","hermit:Desperado","hermit:Virtue","hermit:HighNoon","hermit:ItchyTrigger+1","hermit:Snipe+1","ReplayTheSpireMod:IOU","downfall:Icky","Finesse","hermit:Coalescence","hermit:Desperado"],"relics":["hermit:Momento","Turnip","HandDrill","Ice Cream","Mercury Hourglass","hermit:RyeStalk","Replay:Wax Seal","hubris:64BitClover","Snecko Heart","PreservedInsect","hubris:PeanutButter","ReplayTheSpireMod:CursedCoin","Gremlin Horn","Blue Candle"],"acts_visited":["Exordium","TheCity"],"potions_floor_usage":[16,16,20,23],"damage_taken":[{"damage":0.0,"enemies":"2 Louse","floor":1.0,"turns":1.0},{"damage":6.0,"enemies":"Cultist","floor":3.0,"turns":3.0},{"damage":0.0,"enemies":"Small Slimes","floor":4.0,"turns":1.0},{"damage":13.0,"enemies":"Exordium Wildlife","floor":5.0,"turns":2.0},{"damage":16.0,"enemies":"3 Sentries","floor":6.0,"turns":4.0},{"damage":1,"enemies":"Lagavulin","floor":10,"turns":4},{"damage":0,"enemies":"Lots of Slimes","floor":12,"turns":1},{"damage":6,"enemies":"Exordium Thugs","floor":13,"turns":3},{"damage":0,"enemies":"2 Fungi Beasts","floor":14,"turns":2},{"damage":47,"enemies":"Hexaghost","floor":16,"turns":8},{"damage":12,"enemies":"3 Byrds","floor":18,"turns":3},{"damage":4,"enemies":"2 Thieves","floor":20,"turns":3},{"damage":17,"enemies":"Book of Stabbing","floor":23,"turns":2}],"seed_played":"7215553823052837883","potions_obtained":[{"floor":3.0,"key":"Block Potion"},{"floor":6.0,"key":"Energy Potion"},{"floor":16,"key":"SkillPotion"},{"floor":20,"key":"SpeedPotion"}],"is_trial":false,"path_per_floor":["M","?","M","M","M","E","?","R","T","E","T","M","M","M","R","B",null,"M","$","M","$","$","E"],"character_chosen":"HERMIT","items_purchased":["Turnip","Panache","Dramatic Entrance","hermit:Headshot+1","HandDrill","hermit:Determination","Mercury Hourglass","PreservedInsect","hubris:PeanutButter","ReplayTheSpireMod:CursedCoin","Gremlin Horn","Blue Candle","Finesse","hermit:Coalescence","hermit:Desperado"],"campfire_rested":1,"item_purchase_floors":[0,0,0,0,0,0,0,19,19,21,21,21,21,21,22],"current_hp_per_floor":[75,75,69,69,56,40,40,62,62,61,61,61,55,55,55,8,58,46,21,17,17,17,0,0],"gold":212,"neow_bonus":"","is_daily":false,"chose_seed":false,"campfire_upgraded":1,"win_rate":0.0,"timestamp":1613577368,"path_taken":["M","?","M","?","M","E","?","R","T","E","?","M","M","M","R","BOSS","M","?","M","?","$","E"],"items_purchased_type":["Relic","Card","Card","Card","Relic","Card","Relic","Relic","Relic","Relic","Relic","Relic","Card","Card","Card"],"build_version":"2020-12-22","purchased_purges":0,"victory":false,"max_hp_per_floor":[75,75,75,75,75,75,75,75,75,75,75,75,75,75,75,75,75,75,75,75,75,75,75,75],"card_choices":[{"not_picked":["hermit:BodyArmor","hermit:Quickdraw"],"picked":"hermit:Snipe","floor":1.0},{"not_picked":["hermit:BodyArmor","hermit:Roulette"],"picked":"hermit:Ricochet","floor":3.0},{"not_picked":["hermit:Misfire","hermit:TrackingShot"],"picked":"hermit:Horror","floor":4.0},{"not_picked":["hermit:Roulette","hermit:BodyArmor"],"picked":"hermit:Gestalt","floor":5.0},{"not_picked":["hermit:HoleUp","hermit:TakeAim"],"picked":"hermit:OverwhelmingPower","floor":6.0},{"not_picked":["hermit:TrackingShot","hermit:ItchyTrigger"],"picked":"hermit:Desperado","floor":10},{"not_picked":["hermit:Midnight","hermit:TakeCover"],"picked":"hermit:Maintenance","floor":12},{"not_picked":["hermit:Magnum","hermit:Glare"],"picked":"hermit:Desperado","floor":13},{"not_picked":["hermit:Coalescence","hermit:FlashPowder"],"picked":"hermit:Virtue","floor":14},{"not_picked":["hermit:Adapt","hermit:FinalCanter"],"picked":"hermit:HighNoon","floor":16},{"not_picked":["hermit:HoleUp","hermit:Desperado"],"picked":"hermit:ItchyTrigger+1","floor":18},{"not_picked":["hermit:HoleUp+1","hermit:Deadeye"],"picked":"hermit:Snipe+1","floor":20}],"player_experience":1368672,"relics_obtained":[{"floor":6.0,"key":"hermit:RyeStalk"},{"floor":10,"key":"Replay:Wax Seal"},{"floor":11,"key":"hubris:64BitClover"}],"event_choices":[{"damage_healed":0.0,"max_hp_gain":0.0,"max_hp_loss":0.0,"gold_gain":275.0,"event_name":"Golden Shrine","player_choice":"Desecrate","floor":2.0,"gold_loss":0.0,"damage_taken":0.0,"cards_obtained":["Regret"]},{"damage_healed":40,"gold_gain":0,"player_choice":"Leave","damage_taken":0,"max_hp_gain":0,"max_hp_loss":75,"event_name":"betterThird:BetterShining","floor":7,"gold_loss":0}],"is_beta":false,"boss_relics":[{"not_picked":["Runic Pyramid","Kintsugi"],"picked":"Snecko Heart"}],"items_purged_floors":[],"is_endless":false,"potions_floor_spawned":[3,6,16,20],"killed_by":"Book of Stabbing","ascension_level":5}}