{"host":"zxkjcgzis4pm3za5","time":1613536504,"event":{"mods":["2.2 Compatiblity","AchievementEnabler","BaseMod","Colored Map","Colored Powertips","Minty Spire (QoL Compilation)","Quick Restart","Random Character Button","Relic Filter Mod","Relic Sorter","Relic Stats","StSLib"],"gold_per_floor":[113,113,126,136,136,162,162,187,234,253,253,271,271,82,82,158,158,158,73,73,73,73,73,73,73,73,73,73,73,73,73],"floor_reached":30,"language":"ENG","playtime":1069,"items_purged":["Strike_B"],"score":556,"play_id":"c52480b4-7931-4b7e-a9d8-86261ba92bb5","local_time":"20210217100504","is_ascension_mode":true,"campfire_choices":[{"data":"Loop","floor":11,"key":"SMITH"},{"data":"Streamline","floor":13,"key":"SMITH"},{"data":"Capacitor","floor":15,"key":"SMITH"},{"data":"Loop","floor":23,"key":"SMITH"},{"data":"Seek","floor":25,"key":"SMITH"}],"circlet_count":0,"master_deck":["AscendersBane","Strike_B","Defend_B","Defend_B","Defend_B","Zap","Dualcast","Leap","Tempest+1","Cold Snap","Reinforced Body","Self Repair","Loop+1","Streamline+1","Ball Lightning","Capacitor+1","Seek+1","Sweeping Beam+1","Ball Lightning","Loop+1","Chill+1","Undo","Fission","Steam Power+1"],"relics":["Coffee Dripper","Eternal Feather","Mercury Hourglass","Question Card","Toy Ornithopter","Ectoplasm","Ornamental Fan","DataDisk"],"acts_visited":["Exordium","TheCity"],"potions_floor_usage":[8,10,27,28,29],"damage_taken":[{"damage":0,"enemies":"2 Louse","floor":1,"turns":4},{"damage":2,"enemies":"Jaw Worm","floor":3,"turns":4},{"damage":0,"enemies":"Cultist","floor":4,"turns":3},{"damage":14,"enemies":"Lagavulin","floor":6,"turns":6},{"damage":35,"enemies":"Gremlin Nob","floor":8,"turns":5},{"damage":3,"enemies":"Large Slime","floor":10,"turns":4},{"damage":0,"enemies":"2 Fungi Beasts","floor":12,"turns":3},{"damage":33,"enemies":"The Guardian","floor":16,"turns":8},{"damage":34,"enemies":"Shell Parasite","floor":18,"turns":6},{"damage":9,"enemies":"Spheric Guardian","floor":22,"turns":3},{"damage":29,"enemies":"Gremlin Leader","floor":24,"turns":7},{"damage":39,"enemies":"Slavers","floor":27,"turns":4},{"damage":0,"enemies":"3 Cultists","floor":28,"turns":4},{"damage":0,"enemies":"Cultist and Chosen","floor":29,"turns":5},{"damage":52,"enemies":"Chosen and Byrds","floor":30,"turns":4}],"seed_played":"3700044718760218246","potions_obtained":[{"floor":6,"key":"LiquidMemories"},{"floor":8,"key":"AttackPotion"},{"floor":16,"key":"Ancient Potion"},{"floor":22,"key":"Fire Potion"},{"floor":27,"key":"ColorlessPotion"},{"floor":28,"key":"DistilledChaos"}],"is_trial":false,"path_per_floor":["M","?","M","M","?","E","T","E","T","M","R","M","R","$","R","B",null,"M","$","?","?","M","R","E","R","T","E","M","M","M"],"character_chosen":"DEFECT","items_purchased":["Ball Lightning","Capacitor","Ball Lightning","FocusPotion"],"campfire_rested":0,"item_purchase_floors":[14,14,19,19],"current_hp_per_floor":[64,57,55,55,55,41,41,6,6,15,24,31,40,40,49,23,59,32,32,32,71,69,71,49,61,61,27,39,51,0,0],"gold":73,"neow_bonus":"BOSS_RELIC","is_daily":false,"chose_seed":false,"campfire_upgraded":5,"win_rate":0.0,"timestamp":1613536504,"path_taken":["M","?","M","M","?","E","?","E","T","M","R","M","R","$","R","BOSS","M","$","?","?","M","R","E","R","T","E","M","M","?"],"items_purchased_type":["Card","Card","Card","Potion"],"build_version":"2020-12-22","purchased_purges":1,"victory":false,"max_hp_per_floor":[71,71,71,71,71,71,71,71,71,71,71,71,71,71,71,71,71,71,71,71,71,71,71,71,71,71,71,71,71,71,71],"relic_stats":{"counters":[15,70],"Ornamental Fan":[8],"Eternal Feather":41,"Ectoplasm":119,"Question Card":9,"obtain_stats":[{"DataDisk":27,"Ornamental Fan":24,"Eternal Feather":6,"Ectoplasm":17,"Coffee Dripper":0,"Cracked Core":0,"Question Card":8,"Toy Ornithopter":9,"Mercury Hourglass":7},{"DataDisk":12,"Ornamental Fan":11,"Eternal Feather":4,"Ectoplasm":8,"Coffee Dripper":0,"Cracked Core":0,"Question Card":5,"Toy Ornithopter":5,"Mercury Hourglass":4},{"DataDisk":57,"Ornamental Fan":53,"Eternal Feather":17,"Ectoplasm":37,"Coffee Dripper":0,"Cracked Core":0,"Question Card":22,"Toy Ornithopter":22,"Mercury Hourglass":17}],"Toy Ornithopter":20,"Mercury Hourglass":[223]},"card_choices":[{"not_picked":["Compile Driver","Barrage"],"picked":"Leap","floor":1},{"not_picked":["Darkness","Conserve Battery"],"picked":"Tempest","floor":3},{"not_picked":["Scrape","Hologram"],"picked":"Cold Snap","floor":4},{"not_picked":["Blizzard","Genetic Algorithm"],"picked":"Reinforced Body","floor":6},{"not_picked":["Static Discharge","Blizzard"],"picked":"Self Repair","floor":8},{"not_picked":["Steam Power","Cold Snap","Meteor Strike"],"picked":"Loop","floor":10},{"not_picked":["Steam","Redo","Rebound"],"picked":"Streamline","floor":12},{"not_picked":["Hyperbeam","Amplify","Reboot"],"picked":"Seek","floor":16},{"not_picked":["Gash","Rip and Tear","Cold Snap"],"picked":"Sweeping Beam+1","floor":18},{"not_picked":["Static Discharge","Lockon","Go for the Eyes"],"picked":"Chill+1","floor":22},{"not_picked":["Steam","Beam Cell","White Noise"],"picked":"Undo","floor":24},{"not_picked":["Steam+1","Coolheaded","Beam Cell"],"picked":"Fission","floor":27},{"not_picked":["Turbo","Undo","Rebound"],"picked":"Steam Power+1","floor":28},{"not_picked":["Steam Power","Cold Snap+1","Recycle","Genetic Algorithm"],"picked":"SKIP","floor":29}],"player_experience":380815,"relics_obtained":[{"floor":6,"key":"Eternal Feather"},{"floor":7,"key":"Mercury Hourglass"},{"floor":8,"key":"Question Card"},{"floor":9,"key":"Toy Ornithopter"},{"floor":24,"key":"Ornamental Fan"},{"floor":27,"key":"DataDisk"}],"event_choices":[{"cards_removed":["Defend_B"],"damage_healed":0,"gold_gain":0,"player_choice":"Card Removal","damage_taken":7,"max_hp_gain":0,"max_hp_loss":0,"event_name":"Golden Wing","floor":2,"gold_loss":0},{"damage_healed":0,"gold_gain":0,"player_choice":"Grow","damage_taken":0,"max_hp_gain":0,"max_hp_loss":0,"event_name":"Living Wall","floor":5,"gold_loss":0,"cards_upgraded":["Tempest"]},{"damage_healed":0,"gold_gain":0,"cards_transformed":["Strike_B","Strike_B"],"player_choice":"Became Test Subject","damage_taken":0,"max_hp_gain":0,"max_hp_loss":0,"event_name":"Drug Dealer","floor":20,"gold_loss":0,"cards_obtained":["Fusion","Loop"]},{"cards_removed":["Fusion"],"damage_healed":39,"gold_gain":0,"player_choice":"Offered Uncommon","damage_taken":0,"max_hp_gain":0,"max_hp_loss":0,"event_name":"Bonfire Elementals","floor":21,"gold_loss":0}],"is_beta":false,"boss_relics":[{"not_picked":["Busted Crown","Snecko Eye"],"picked":"Ectoplasm"}],"items_purged_floors":[14],"is_endless":false,"potions_floor_spawned":[6,8,16,22,27,28],"killed_by":"Chosen and Byrds","ascension_level":20}}