{"host":"vk2xyavtylxbvrfq","time":1613534625,"event":{"mods":["Bard","BaseMod","Bestiary","Better Altar","Better Match","Better Note","Better Sensory Stone","Better Skull","Better Vampires","Block Reminder","Bossed Relics","Colored Map","Curses Come First","Displayed Cursed Tome","Downfall","Fox Events","Hermit","Ironclad Rager","Marked Mod","Minty Spire (QoL Compilation)","Quick Restart","Rare Cards Sparkle","Relic Sorter","Reliquary","Robot Space Explorer","StSLib","The Hayseed","The Runesmith","TheSurvivalist","Unceasing Turn Reminder"],"gold_per_floor":[111,111,111,122,122,122,149,161,161,186,111,111,121,132,132,227,227,242,242,242,258,258,288,288,321,344,7,25,88,138,155,155,155,155],"floor_reached":33,"language":"ENG","playtime":1881,"items_purged":[],"score":384,"play_id":"4731356c-cafc-4adc-a950-28496f9e32ee","local_time":"20210216230345","is_ascension_mode":true,"campfire_choices":[{"data":"hermit:Misfire","floor":6.0,"key":"SMITH"},{"floor":12.0,"key":"REST"},{"data":"hermit:Adapt","floor":15.0,"key":"SMITH"},{"floor":24.0,"key":"REST"},{"floor":32,"key":"REST"}],"circlet_count":0,"master_deck":["hermit:Strike_Hermit","hermit:Strike_Hermit","hermit:Strike_Hermit","hermit:Defend_Hermit","hermit:Defend_Hermit","hermit:Defend_Hermit+1","hermit:Defend_Hermit","hermit:Snapshot","hermit:Covet+1","hermit:Misfire+1","hermit:GhostlyPresence+1","hermit:SprayPray","hermit:LowProfile","hermit:Midnight","Blind+1","hermit:LowProfile","hermit:Adapt+1","hermit:RoundhouseKick","hermit:Midnight","hermit:Horror+1","hermit:Virtue","hermit:OverwhelmingPower","hermit:Determination","hermit:Desperado","hermit:Manifest","hermit:Determination","downfall:Bewildered","hermit:Enervate"],"relics":["hermit:Momento","sneckomod:BabySnecko","FossilizedHelix","hermit:Spyglass","reliquary:HotPoker","PreservedInsect","Sozu","SsserpentHead","reliquary:Knoch","reliquary:Buckler","War Paint","Eternal Feather"],"acts_visited":["Exordium","TheCity"],"potions_floor_usage":[],"damage_taken":[{"damage":0.0,"enemies":"Cultist","floor":1.0,"turns":3.0},{"damage":0.0,"enemies":"Small Slimes","floor":4.0,"turns":3.0},{"damage":8.0,"enemies":"Gremlin Nob","floor":7.0,"turns":4.0},{"damage":0.0,"enemies":"2 Louse","floor":8.0,"turns":3.0},{"damage":30.0,"enemies":"3 Sentries","floor":10.0,"turns":8.0},{"damage":0.0,"enemies":"Blue Slaver","floor":13.0,"turns":2.0},{"damage":0.0,"enemies":"Red Slaver","floor":14.0,"turns":4.0},{"damage":38.0,"enemies":"Slime Boss","floor":16.0,"turns":10.0},{"damage":0.0,"enemies":"3 Byrds","floor":18.0,"turns":5.0},{"damage":3.0,"enemies":"Chosen","floor":21.0,"turns":6.0},{"damage":20.0,"enemies":"Slavers","floor":23.0,"turns":4.0},{"damage":20.0,"enemies":"Book of Stabbing","floor":25.0,"turns":8.0},{"damage":2,"enemies":"Centurion and Healer","floor":28,"turns":5},{"damage":0,"enemies":"Snake Plant","floor":29,"turns":6},{"damage":0,"enemies":"3 Cultists","floor":31,"turns":4},{"damage":71,"enemies":"Automaton","floor":33,"turns":8}],"seed_played":"6622727129365055706","potions_obtained":[{"floor":4.0,"key":"hexamod:SoulburnPotion"},{"floor":7.0,"key":"Explosive Potion"},{"floor":13.0,"key":"DistilledChaos"},{"floor":14.0,"key":"Weak Potion"}],"is_trial":false,"path_per_floor":["M","?","$","M","?","R","E","M","T","E","?","R","M","M","R","B",null,"M","?","?","M","?","E","R","E","T","$","M","M","?","M","R","B"],"character_chosen":"HERMIT","items_purchased":["Eternal Feather","hermit:Determination","hermit:Desperado"],"campfire_rested":3,"item_purchase_floors":[27,27,27],"current_hp_per_floor":[68,73,73,73,73,73,65,65,65,35,35,56,56,56,56,18,59,59,59,59,56,56,36,57,37,37,37,35,35,35,35,71,0,0],"gold":155,"neow_bonus":"ONE_RARE_RELIC","is_daily":false,"chose_seed":false,"campfire_upgraded":2,"win_rate":0.0,"timestamp":1613534625,"path_taken":["M","?","$","M","?","R","E","?","T","E","?","R","M","M","R","BOSS","M","?","?","M","?","E","R","E","T","$","M","?","?","M","R","BOSS"],"items_purchased_type":["Relic","Card","Card"],"build_version":"2020-12-22","purchased_purges":0,"victory":false,"max_hp_per_floor":[68,73,73,73,73,73,73,73,73,73,73,73,73,73,73,73,73,73,73,73,73,73,73,73,73,73,73,73,73,73,73,73,73,73],"card_choices":[{"not_picked":["hermit:Enervate","hermit:Vantage"],"picked":"hermit:Misfire","floor":1.0},{"not_picked":["hermit:TakeAim","hermit:Headshot"],"picked":"hermit:GhostlyPresence","floor":4.0},{"not_picked":["hermit:Glare","hermit:LoneWolf"],"picked":"hermit:SprayPray","floor":7.0},{"not_picked":["hermit:Malice","hermit:Scavenge"],"picked":"hermit:LowProfile","floor":8.0},{"not_picked":["hermit:ItchyTrigger","hermit:Headshot"],"picked":"hermit:Midnight","floor":10.0},{"not_picked":["Purity+1","Forethought+1"],"picked":"Blind+1","floor":11.0},{"not_picked":["hermit:Desperado","hermit:Dive"],"picked":"hermit:LowProfile","floor":13.0},{"not_picked":["hermit:ItchyTrigger","hermit:LuckOfTheDraw"],"picked":"hermit:Adapt","floor":14.0},{"not_picked":["hermit:HighNoon","hermit:Purgatory"],"picked":"hermit:RoundhouseKick","floor":16.0},{"not_picked":["hermit:Shortfuse+1","hermit:CursedWeapon"],"picked":"hermit:Midnight","floor":18.0},{"not_picked":["hermit:Headshot","hermit:NoHoldsBarred"],"picked":"hermit:Horror","floor":21.0},{"not_picked":["hermit:LoneWolf","hermit:SprayPray"],"picked":"hermit:Virtue","floor":23.0},{"not_picked":["hermit:CalledShot","hermit:Coalescence"],"picked":"hermit:OverwhelmingPower","floor":25.0},{"not_picked":["hermit:HighCaliber+1","hermit:Feint"],"picked":"hermit:Manifest","floor":28},{"not_picked":["hermit:GoldenBullet","hermit:Dive"],"picked":"hermit:Determination","floor":29},{"not_picked":["hermit:LoneWolf","hermit:EyeOfTheStorm"],"picked":"hermit:Enervate","floor":31}],"player_experience":1394711,"relics_obtained":[{"floor":7.0,"key":"hermit:Spyglass"},{"floor":9.0,"key":"reliquary:HotPoker"},{"floor":10.0,"key":"PreservedInsect"},{"floor":23.0,"key":"reliquary:Knoch"},{"floor":25.0,"key":"reliquary:Buckler"},{"floor":26.0,"key":"War Paint"}],"event_choices":[{"damage_healed":0.0,"max_hp_gain":5.0,"max_hp_loss":0.0,"gold_gain":0.0,"event_name":"Big Fish","player_choice":"Donut","floor":2.0,"gold_loss":0.0,"damage_taken":0.0},{"cards_removed":["hermit:Strike_Hermit"],"damage_healed":0.0,"max_hp_gain":0.0,"max_hp_loss":0.0,"gold_gain":0.0,"event_name":"Wheel of Change","player_choice":"Card Removal","floor":5.0,"gold_loss":0.0,"damage_taken":0.0},{"damage_healed":0.0,"max_hp_gain":0.0,"max_hp_loss":0.0,"gold_gain":0.0,"event_name":"betterMatch:BetterMatch","player_choice":"2","floor":11.0,"gold_loss":0.0,"damage_taken":0.0,"cards_obtained":["betterMatch:ColorlessUncommonCard"]},{"damage_healed":0.0,"max_hp_gain":0.0,"max_hp_loss":0.0,"gold_gain":0.0,"event_name":"betterNote:BetterNote","player_choice":"Ignored","floor":19.0,"gold_loss":0.0,"damage_taken":0.0,"cards_obtained":["hermit:Horror"]},{"damage_healed":0.0,"max_hp_gain":0.0,"max_hp_loss":0.0,"gold_gain":0.0,"event_name":"Ghosts","player_choice":"Ignored","floor":20.0,"gold_loss":0.0,"damage_taken":0.0},{"damage_healed":0.0,"max_hp_gain":0.0,"max_hp_loss":0.0,"gold_gain":0.0,"event_name":"FaceTrader","player_choice":"Trade","floor":22.0,"gold_loss":0.0,"damage_taken":0.0,"relics_obtained":["SsserpentHead"]}],"is_beta":false,"boss_relics":[{"not_picked":["reliquary:ThirdArm","Fusion Hammer"],"picked":"Sozu"}],"items_purged_floors":[],"is_endless":false,"potions_floor_spawned":[4,7,13,14,21,23,31],"killed_by":"Automaton","ascension_level":6}}