{"host":"31s8hzukbhz1k6i6","time":1613532037,"event":{"mods":["AchievementEnabler","BaseMod","Bestiary","Colored Map","Filter the Spire","Minty Spire (QoL Compilation)","Relic Stats"],"gold_per_floor":[369,138,156,169,182,182,207,207,258,291,305,349,349,362,362,458,458,479,479,497,232,252,252,275,306,306,306,306,306],"floor_reached":28,"language":"ENG","playtime":1440,"items_purged":["Regret","Strike_G"],"score":570,"play_id":"8fea47a4-76ee-4f98-9fa7-d4bc613209e0","local_time":"20210216192037","is_ascension_mode":true,"campfire_choices":[{"data":"Terror","floor":6.0,"key":"SMITH"},{"data":"Finisher","floor":15.0,"key":"SMITH"},{"data":"Acrobatics","floor":23,"key":"SMITH"},{"floor":27,"key":"REST"}],"circlet_count":0,"master_deck":["AscendersBane","Strike_G","Strike_G","Strike_G","Strike_G","Defend_G+1","Defend_G","Defend_G+1","Defend_G","Defend_G","Survivor","Neutralize","Dash","Backstab","Finisher+1","Terror+1","Endless Agony","Die Die Die","Tools of the Trade+1","Reflex","Acrobatics+1","Leg Sweep","Noxious Fumes+1","Injury"],"relics":["Ring of the Snake","Frozen Egg 2","Golden Idol","Ancient Tea Set","Juzu Bracelet","Centennial Puzzle","Cursed Key","MutagenicStrength","War Paint","Mummified Hand","HornCleat"],"acts_visited":["Exordium","TheCity"],"potions_floor_usage":[25],"damage_taken":[{"damage":8.0,"enemies":"Cultist","floor":1.0,"turns":5.0},{"damage":0.0,"enemies":"Jaw Worm","floor":3.0,"turns":3.0},{"damage":0.0,"enemies":"2 Louse","floor":4.0,"turns":4.0},{"damage":0.0,"enemies":"Blue Slaver","floor":5.0,"turns":4.0},{"damage":6.0,"enemies":"Gremlin Nob","floor":7.0,"turns":3.0},{"damage":27.0,"enemies":"3 Sentries","floor":10.0,"turns":10.0},{"damage":0.0,"enemies":"Gremlin Gang","floor":11.0,"turns":1.0},{"damage":0.0,"enemies":"Gremlin Nob","floor":12.0,"turns":3.0},{"damage":0.0,"enemies":"2 Fungi Beasts","floor":14.0,"turns":1.0},{"damage":10.0,"enemies":"Hexaghost","floor":16.0,"turns":10.0},{"damage":15.0,"enemies":"3 Byrds","floor":18.0,"turns":7.0},{"damage":1,"enemies":"2 Thieves","floor":20,"turns":2},{"damage":10,"enemies":"Chosen and Byrds","floor":22,"turns":7},{"damage":6,"enemies":"Snake Plant","floor":24,"turns":2},{"damage":11,"enemies":"Gremlin Leader","floor":25,"turns":4},{"damage":25,"enemies":"Book of Stabbing","floor":28,"turns":6}],"seed_played":"7405533616946034818","potions_obtained":[{"floor":3.0,"key":"GhostInAJar"},{"floor":7.0,"key":"Energy Potion"},{"floor":20,"key":"FearPotion"}],"is_trial":false,"path_per_floor":["M","$","M","M","M","R","E","?","T","E","M","E","?","M","R","B",null,"M","?","M","$","M","R","M","E","T","R","E"],"character_chosen":"THE_SILENT","items_purchased":["Backstab","Finisher","War Paint"],"campfire_rested":1,"item_purchase_floors":[2,2,21],"current_hp_per_floor":[51,51,51,51,51,51,45,45,45,18,18,18,18,18,18,8,47,32,32,31,31,21,21,15,4,4,22,0,0],"gold":306,"neow_bonus":"TWO_FIFTY_GOLD","is_daily":false,"chose_seed":false,"campfire_upgraded":3,"win_rate":0.0,"timestamp":1613532037,"path_taken":["M","$","M","M","M","R","E","?","T","E","M","E","?","M","R","BOSS","M","?","M","$","M","R","M","E","T","R","E"],"items_purchased_type":["Card","Card","Relic"],"build_version":"2020-12-22","purchased_purges":2,"victory":false,"max_hp_per_floor":[66,66,66,66,66,66,66,60,60,60,60,60,60,60,60,60,60,60,60,60,60,60,60,60,60,60,60,60,60],"relic_stats":{"Centennial Puzzle":[22],"counters":[16,72],"Golden Idol":64,"Mummified Hand":[2],"Juzu Bracelet":0,"War Paint":["Defend_G","Defend_G"],"Cursed Key":1,"obtain_stats":[{"Centennial Puzzle":12,"HornCleat":26,"Golden Idol":8,"Mummified Hand":25,"MutagenicStrength":19,"Juzu Bracelet":10,"Frozen Egg 2":7,"War Paint":21,"Ancient Tea Set":9,"Cursed Key":17,"Ring of the Snake":0},{"Centennial Puzzle":8,"HornCleat":15,"Golden Idol":5,"Mummified Hand":15,"MutagenicStrength":11,"Juzu Bracelet":6,"Frozen Egg 2":5,"War Paint":12,"Ancient Tea Set":5,"Cursed Key":10,"Ring of the Snake":0},{"Centennial Puzzle":33,"HornCleat":66,"Golden Idol":19,"Mummified Hand":66,"MutagenicStrength":51,"Juzu Bracelet":29,"Frozen Egg 2":19,"War Paint":53,"Ancient Tea Set":19,"Cursed Key":44,"Ring of the Snake":0}],"Ring of the Snake":[33]},"card_choices":[{"not_picked":["Finisher","Quick Slash"],"picked":"Dash","floor":1.0},{"not_picked":["Prepared","Bane","Catalyst"],"picked":"SKIP","floor":3.0},{"not_picked":["Choke","Acrobatics"],"picked":"Terror","floor":4.0},{"not_picked":["Bane","Acrobatics"],"picked":"Endless Agony","floor":5.0},{"not_picked":["Accuracy+1","Setup","Quick Slash"],"picked":"SKIP","floor":7.0},{"not_picked":["Acrobatics","Night Terror"],"picked":"Die Die Die","floor":10.0},{"not_picked":["Dagger Throw","Underhanded Strike","Choke"],"picked":"SKIP","floor":11.0},{"not_picked":["Sucker Punch","Flying Knee","Eviscerate"],"picked":"SKIP","floor":12.0},{"not_picked":["Unload","Bane","Flying Knee"],"picked":"SKIP","floor":14.0},{"not_picked":["Grand Finale","Glass Knife"],"picked":"Tools of the Trade+1","floor":16.0},{"not_picked":["Outmaneuver","Deflect"],"picked":"Reflex","floor":18.0},{"not_picked":["Bane","Underhanded Strike","Caltrops+1"],"picked":"SKIP","floor":20},{"not_picked":["Outmaneuver","Riddle With Holes"],"picked":"Acrobatics","floor":22},{"not_picked":["Outmaneuver","PiercingWail"],"picked":"Leg Sweep","floor":24},{"not_picked":["Acrobatics","PiercingWail"],"picked":"Noxious Fumes+1","floor":25}],"player_experience":224480,"relics_obtained":[{"floor":7.0,"key":"Frozen Egg 2"},{"floor":9.0,"key":"Ancient Tea Set"},{"floor":10.0,"key":"Juzu Bracelet"},{"floor":12.0,"key":"Centennial Puzzle"},{"floor":25,"key":"Mummified Hand"},{"floor":26,"key":"HornCleat"}],"event_choices":[{"damage_healed":0.0,"max_hp_gain":0.0,"max_hp_loss":6.0,"gold_gain":0.0,"event_name":"Golden Idol","player_choice":"Lose Max HP","floor":8.0,"gold_loss":0.0,"damage_taken":0.0,"relics_obtained":["Golden Idol"]},{"damage_healed":0.0,"max_hp_gain":0.0,"max_hp_loss":0.0,"gold_gain":0.0,"event_name":"Liars Game","player_choice":"Ignored","floor":13.0,"gold_loss":0.0,"damage_taken":0.0},{"damage_healed":0.0,"max_hp_gain":0.0,"max_hp_loss":0.0,"gold_gain":0.0,"event_name":"Drug Dealer","player_choice":"Inject Mutagens","floor":19.0,"gold_loss":0.0,"damage_taken":0.0,"relics_obtained":["MutagenicStrength"]}],"is_beta":false,"boss_relics":[{"not_picked":["Ring of the Serpent","SlaversCollar"],"picked":"Cursed Key"}],"items_purged_floors":[2,21],"is_endless":false,"potions_floor_spawned":[3,7,12,14,20,22,24],"killed_by":"Book of Stabbing","ascension_level":20}}