{"host":"erh089znuovh6twj","time":1613520245,"event":{"mods":["AchievementEnabler","Act Like it!","Aspiration","BaseMod","Better Note","Better Skull","Better Third Choice","BetterRewards","Defuse TimeMaze Blight","Energized Spire","Hermit","Highlight Path","Hubris","Infinite Spire","Minty Spire (QoL Compilation)","Permanent Neow","Quick Restart","Replay The Spire","StSLib","The Jungle","everything is the same but u backflip on backflip"],"gold_per_floor":[116,116,131,143,143,143,178,178,201,201,201,226,245,261,261,261,261],"floor_reached":16,"language":"ENG","playtime":412,"items_purged":[],"score":116,"play_id":"322120f8-406b-4355-9e7d-a00a50580928","local_time":"20210216190405","is_ascension_mode":true,"campfire_choices":[{"data":"hermit:Midnight","floor":6,"key":"SMITH"},{"floor":8,"key":"REST"},{"data":"hermit:Malice","floor":11,"key":"SMITH"},{"floor":15,"key":"REST"}],"circlet_count":0,"master_deck":["hermit:Strike_Hermit","hermit:Strike_Hermit","hermit:Strike_Hermit","hermit:Strike_Hermit","hermit:Defend_Hermit","hermit:Defend_Hermit","hermit:Defend_Hermit","hermit:Snapshot","hermit:Covet","hermit:Malice+1","hermit:Midnight+1","hermit:SprayPray","Parasite","hermit:SprayPray","hermit:Grudge"],"relics":["hermit:Momento","NeowsBlessing","Torii","Smiling Mask","aspiration:TomeofQuesting"],"acts_visited":["Exordium"],"potions_floor_usage":[12,16],"damage_taken":[{"damage":0,"enemies":"Jaw Worm","floor":1,"turns":1},{"damage":0,"enemies":"Cultist","floor":3,"turns":1},{"damage":0,"enemies":"2 Louse","floor":4,"turns":1},{"damage":49,"enemies":"3 Sentries","floor":7,"turns":7},{"damage":38,"enemies":"Gremlin Nob","floor":12,"turns":5},{"damage":1,"enemies":"Blue Slaver","floor":13,"turns":2},{"damage":0,"enemies":"3 Louse","floor":14,"turns":3},{"damage":51,"enemies":"The Guardian","floor":16,"turns":7}],"seed_played":"-5579775254158573264","potions_obtained":[{"floor":4,"key":"FearPotion"},{"floor":12,"key":"Ancient Potion"},{"floor":13,"key":"FearPotion"}],"is_trial":false,"path_per_floor":["M","?","M","M","?","R","E","R","T","?","R","E","M","M","R","B"],"character_chosen":"HERMIT","items_purchased":[],"campfire_rested":2,"item_purchase_floors":[],"current_hp_per_floor":[75,75,75,75,75,75,26,48,48,66,66,28,27,27,49,0,0],"gold":261,"neow_bonus":"THREE_ENEMY_KILL","is_daily":false,"chose_seed":false,"campfire_upgraded":2,"win_rate":0.0,"timestamp":1613520245,"path_taken":["M","?","?","M","?","R","E","R","T","?","R","E","M","M","R","BOSS"],"items_purchased_type":[],"build_version":"2020-12-22","purchased_purges":0,"victory":false,"max_hp_per_floor":[75,75,75,75,75,75,75,75,75,75,75,75,75,75,75,75,75],"card_choices":[{"not_picked":["hermit:CalledShot","hermit:Manifest"],"picked":"hermit:Malice","floor":1},{"not_picked":["hermit:Maintenance","hermit:Coalescence"],"picked":"hermit:Midnight","floor":3},{"not_picked":["hermit:Dive","hermit:Quickdraw"],"picked":"hermit:SprayPray","floor":4},{"not_picked":["hermit:HoleUp","hermit:BodyArmor","hermit:Feint"],"picked":"SKIP","floor":7},{"not_picked":["hermit:PistolWhip","hermit:FlashPowder"],"picked":"hermit:SprayPray","floor":12},{"not_picked":["hermit:HoleUp","hermit:WideOpen"],"picked":"hermit:Grudge","floor":13},{"not_picked":["hermit:TakeCover","hermit:Coalescence","hermit:LowProfile"],"picked":"SKIP","floor":14}],"player_experience":381802,"relics_obtained":[{"floor":7,"key":"Torii"},{"floor":9,"key":"Smiling Mask"},{"floor":12,"key":"aspiration:TomeofQuesting"}],"event_choices":[{"cards_removed":["hermit:Defend_Hermit"],"damage_healed":0,"gold_gain":0,"player_choice":"Offered Basic","damage_taken":0,"max_hp_gain":0,"max_hp_loss":0,"event_name":"Bonfire Elementals","floor":2,"gold_loss":0},{"damage_healed":18,"gold_gain":0,"player_choice":"Healed and dodged fight","damage_taken":0,"max_hp_gain":0,"max_hp_loss":0,"event_name":"Mushrooms","floor":10,"gold_loss":0,"cards_obtained":["Parasite"]}],"is_beta":false,"boss_relics":[],"items_purged_floors":[],"is_endless":false,"potions_floor_spawned":[4,12,13],"killed_by":"The Guardian","ascension_level":1}}