{"host":"xp27heuvanyklt0b","time":1613566324,"event":{"mods":["100% Spire Juice","BaseMod","CapriCore","Koishi","Lobotomy","Minty Spire (QoL Compilation)","StSLib","The Immortal"],"gold_per_floor":[118,118,40,52,63,95,57,57,103,103,121,140,140,168,168,263,263,283,300,17,28,28,28,28],"floor_reached":23,"language":"KOR","playtime":855,"items_purged":[],"score":211,"play_id":"1ff6e4c1-b2e0-49a9-8eac-22d0766c51d7","local_time":"20210217215204","is_ascension_mode":true,"campfire_choices":[{"floor":8,"key":"REST"},{"floor":10,"key":"REST"},{"data":"Berserk","floor":15,"key":"SMITH"}],"circlet_count":0,"master_deck":["Strike_R","Strike_R","Strike_R","Strike_R","Strike_R","Defend_R","Defend_R","Defend_R","Defend_R","Bash+1","Carnage","Thunderclap","Battle Trance","Cleave","Infernal Blade","True Grit","Whirlwind","Armaments+1","Berserk+1","Disarm","Feed","Shrug It Off","Evolve","Heavy Blade","Berserk"],"relics":["Black Blood","Dream Catcher","Vajra","The Courier","Incense Burner"],"acts_visited":["Exordium","TheCity"],"potions_floor_usage":[23,23],"damage_taken":[{"damage":3,"enemies":"Small Slimes","floor":1,"turns":3},{"damage":0,"enemies":"Cultist","floor":4,"turns":3},{"damage":13,"enemies":"2 Louse","floor":5,"turns":3},{"damage":53,"enemies":"3 Sentries","floor":6,"turns":9},{"damage":10,"enemies":"Looter","floor":11,"turns":3},{"damage":1,"enemies":"2 Fungi Beasts","floor":12,"turns":2},{"damage":24,"enemies":"Gremlin Nob","floor":14,"turns":4},{"damage":24,"enemies":"The Guardian","floor":16,"turns":13},{"damage":5,"enemies":"Chosen","floor":18,"turns":6},{"damage":10,"enemies":"3 Byrds","floor":19,"turns":5},{"damage":50,"enemies":"Cultist and Chosen","floor":21,"turns":8},{"damage":54,"enemies":"Book of Stabbing","floor":23,"turns":7}],"seed_played":"-2681198432459260959","potions_obtained":[{"floor":12,"key":"GamblersBrew"},{"floor":16,"key":"Regen Potion"},{"floor":18,"key":"Swift Potion"}],"is_trial":false,"path_per_floor":["M","?","$","M","M","E","$","R","T","R","M","M","?","E","R","B",null,"M","M","$","M","?","E"],"character_chosen":"IRONCLAD","items_purchased":["Carnage","Infernal Blade","Incense Burner","Heavy Blade"],"campfire_rested":2,"item_purchase_floors":[3,7,20,20],"current_hp_per_floor":[80,80,80,80,73,26,26,50,50,74,70,75,75,57,57,39,80,80,80,80,42,36,0,0],"gold":28,"neow_bonus":"UPGRADE_CARD","is_daily":false,"chose_seed":false,"campfire_upgraded":1,"win_rate":0.0,"timestamp":1613566324,"path_taken":["M","?","$","?","M","E","?","R","T","R","M","M","?","E","R","BOSS","M","M","$","M","?","E"],"items_purchased_type":["Card","Card","Relic","Card"],"build_version":"2020-12-22","purchased_purges":0,"victory":false,"max_hp_per_floor":[80,80,80,80,80,80,80,80,80,80,80,80,80,80,80,80,80,80,80,80,80,80,80,80],"card_choices":[{"not_picked":["Cleave","Burning Pact"],"picked":"Heavy Blade","floor":1},{"not_picked":["Warcry","Clothesline"],"picked":"Thunderclap","floor":4},{"not_picked":["Clothesline","Warcry"],"picked":"Battle Trance","floor":5},{"not_picked":["Iron Wave","Twin Strike"],"picked":"Cleave","floor":6},{"not_picked":["Hemokinesis","Body Slam"],"picked":"True Grit","floor":8},{"not_picked":["Perfected Strike","Intimidate"],"picked":"Whirlwind","floor":10},{"not_picked":["Anger","Havoc"],"picked":"Armaments","floor":11},{"not_picked":["Rupture","Sword Boomerang"],"picked":"Berserk","floor":12},{"not_picked":["Fire Breathing","Havoc"],"picked":"Disarm","floor":14},{"not_picked":["Offering","Reaper"],"picked":"Feed","floor":16},{"not_picked":["Uppercut+1","Perfected Strike+1"],"picked":"Shrug It Off","floor":18},{"not_picked":["Wild Strike+1","Iron Wave"],"picked":"Evolve","floor":19},{"not_picked":["Perfected Strike+1","Carnage+1"],"picked":"Berserk","floor":21}],"player_experience":318837,"relics_obtained":[{"floor":6,"key":"Vajra"},{"floor":14,"key":"The Courier"}],"event_choices":[{"cards_removed":["Heavy Blade"],"damage_healed":0,"gold_gain":0,"player_choice":"Gave Card","damage_taken":0,"relics_obtained":["Dream Catcher"],"max_hp_gain":0,"max_hp_loss":0,"event_name":"WeMeetAgain","floor":2,"gold_loss":0},{"damage_healed":0,"gold_gain":0,"player_choice":"Grow","damage_taken":0,"max_hp_gain":0,"max_hp_loss":0,"event_name":"Living Wall","floor":13,"gold_loss":0,"cards_upgraded":["Armaments"]},{"damage_healed":0,"gold_gain":0,"player_choice":"","damage_taken":6,"max_hp_gain":0,"max_hp_loss":0,"event_name":"Knowing Skull","floor":22,"potions_obtained":[],"gold_loss":0,"cards_obtained":[]}],"is_beta":false,"boss_relics":[{"not_picked":["Velvet Choker","Pandora\u0027s Box"],"picked":"Black Blood"}],"items_purged_floors":[],"is_endless":false,"potions_floor_spawned":[12,16,18,19],"killed_by":"Book of Stabbing","ascension_level":1}}