{"host":"d7iar273udrgisnz","time":1613598397,"event":{"mods":["BaseMod","Downfall","GifTheSpireLib","Hubris","Minty Spire (QoL Compilation)","StSLib","UnlockEverythingMod"],"gold_per_floor":[99,113,129,145,165,185,185,199,212,12,12,22,50,50,60,165,165,65,83,83,93,8,8,8,37,37,55,55,75,14,30,48,152,152,152,166,178,109,119,119,200,230,230,230,11,28,28,28,43,43,43,43],"floor_reached":50,"language":"ENG","playtime":6922,"items_purged":[],"score":575,"play_id":"94f96fc0-dbf9-4d5e-ac6c-bd9e9ad3021b","local_time":"20210217214637","is_ascension_mode":false,"campfire_choices":[{"floor":1.0,"key":"RECALL"},{"floor":10.0,"key":"REST"},{"data":"Guardian:Planning","floor":18.0,"key":"SMITH"},{"floor":23.0,"key":"REST"},{"data":"Guardian:BaubleBeam","floor":35,"key":"SMITH"},{"floor":40,"key":"REST"},{"data":"Guardian:TimeSifter","floor":44,"key":"SMITH"},{"floor":47,"key":"REST"}],"circlet_count":0,"master_deck":["Guardian:Strike_Guardian","Guardian:Defend_Guardian","Guardian:Defend_Guardian","Guardian:Defend_Guardian","Guardian:Defend_Guardian","Guardian:TwinSlam","Guardian:Suspension","Guardian:Planning+1","Guardian:TimeCapacitor","Guardian:ChargeCore","Guardian:PrismaticBeam","Guardian:Preprogram+1","Guardian:TemporalStrike","Guardian:Incinerate+1","Guardian:SphericShield","Guardian:Clone+1","Guardian:TimeSifter+1","Guardian:ChargeCore","Guardian:DecasProtection","Guardian:BaubleBeam+1","Guardian:ExploitGems+1","Guardian:ChargeCore+1","Guardian:PiercingHide","Guardian:Planning","Guardian:StasisField","Guardian:Suspension+1","Guardian:TemporalStrike","Guardian:ShieldCharger","Guardian:Planning","Guardian:ShieldCharger+1","Guardian:BaubleBeam","Guardian:Planning","Guardian:Gem_Lightblue"],"relics":["Guardian:ModeShifter","downfall:HeartBlessingRed","downfall:HeartBlessingBlue","Regal Pillow","Philosopher\u0027s Stone","downfall:HeartBlessingGreen","Incense Burner","Meat on the Bone","Astrolabe","hubris:DisguiseKit","Nunchaku","Bottled Tornado","Orrery"],"acts_visited":["Exordium","TheCity","TheBeyond"],"potions_floor_usage":[33,42,42,50],"damage_taken":[{"damage":2.0,"enemies":"2 Louse","floor":2.0,"turns":4.0},{"damage":1.0,"enemies":"Cultist","floor":3.0,"turns":4.0},{"damage":5.0,"enemies":"Jaw Worm","floor":4.0,"turns":5.0},{"damage":6.0,"enemies":"Lots of Slimes","floor":5.0,"turns":6.0},{"damage":14.0,"enemies":"3 Louse","floor":6.0,"turns":5.0},{"damage":4.0,"enemies":"2 Fungi Beasts","floor":8.0,"turns":3.0},{"damage":5.0,"enemies":"downfall:LooterAlt","floor":9.0,"turns":3.0},{"damage":16.0,"enemies":"Lots of Slimes","floor":12.0,"turns":4.0},{"damage":18.0,"enemies":"Gremlin Nob","floor":13.0,"turns":4.0},{"damage":16.0,"enemies":"Blue Slaver","floor":15.0,"turns":4.0},{"damage":38.0,"enemies":"IC_STATUS_ARCHETYPE","floor":16.0,"turns":9.0},{"damage":23.0,"enemies":"3 Byrds","floor":19.0,"turns":5.0},{"damage":0.0,"enemies":"Chosen","floor":21.0,"turns":4.0},{"damage":3.0,"enemies":"downfall:FleeingMerchant","floor":22.0,"turns":4.0},{"damage":33.0,"enemies":"Book of Stabbing","floor":25.0,"turns":6.0},{"damage":56.0,"enemies":"Snake Plant","floor":27.0,"turns":6.0},{"damage":21.0,"enemies":"Cultist and Chosen","floor":29.0,"turns":8.0},{"damage":14.0,"enemies":"downfall:FleeingMerchant","floor":30.0,"turns":4.0},{"damage":19.0,"enemies":"Centurion and Healer","floor":31.0,"turns":6.0},{"damage":21.0,"enemies":"Sentry and Sphere","floor":32.0,"turns":6.0},{"damage":80,"enemies":"WA_ARCHETYPE_CALM","floor":33,"turns":13},{"damage":24,"enemies":"3 Shapes","floor":36,"turns":4},{"damage":3,"enemies":"Orb Walker","floor":37,"turns":5},{"damage":0,"enemies":"downfall:FleeingMerchant","floor":38,"turns":4},{"damage":19,"enemies":"Spire Growth","floor":39,"turns":5},{"damage":13,"enemies":"Nemesis","floor":42,"turns":9},{"damage":5,"enemies":"downfall:FleeingMerchant","floor":45,"turns":4},{"damage":30,"enemies":"Jaw Worm Horde","floor":46,"turns":7},{"damage":20,"enemies":"3 Darklings","floor":49,"turns":5},{"damage":70,"enemies":"DF_ARCHETYPE_ORBS","floor":50,"turns":12}],"seed_played":"-1314090946328744942","potions_obtained":[{"floor":2.0,"key":"Block Potion"},{"floor":5.0,"key":"bronze:BurnAndBuffPotion"},{"floor":6.0,"key":"Fire Potion"},{"floor":13.0,"key":"Fire Potion"},{"floor":15.0,"key":"hexamod:SoulburnPotion"},{"floor":16.0,"key":"FairyPotion"},{"floor":19.0,"key":"Block Potion"},{"floor":21.0,"key":"FearPotion"},{"floor":29.0,"key":"ColorlessPotion"},{"floor":31.0,"key":"Guardian:StasisDiscoveryPotion"},{"floor":32.0,"key":"Dexterity Potion"},{"floor":37,"key":"Guardian:AcceleratePotion"},{"floor":42,"key":"Energy Potion"},{"floor":46,"key":"ColorlessPotion"}],"is_trial":false,"path_per_floor":["R","M","M","M","M","M","T","M","M","R","?","M","E","?","M","B",null,"R","M","?","M","$","R","T","E","?","M","?","M","$","M","M","B",null,"R","M","M","$","M","R","T","E","?","R","$","M","R","?","M","B"],"character_chosen":"GUARDIAN","items_purchased":["Guardian:SphericShield","Guardian:Gem_Lightblue","Guardian:Gem_Red","Guardian:Gem_Yellow","Guardian:TemporalStrike","Guardian:ShieldCharger","Bottled Tornado","Orrery"],"campfire_rested":4,"item_purchase_floors":[22,30,38,45,45,45,45,45],"current_hp_per_floor":[88,86,85,80,74,60,60,56,51,90,90,74,56,61,45,7,103,103,80,72,72,69,103,103,70,103,59,59,50,48,41,32,19,103,103,79,76,76,57,102,102,89,89,89,84,54,99,103,83,13,13,13],"gold":43,"neow_bonus":"TEN_PERCENT_HP_BONUS","is_daily":false,"chose_seed":false,"campfire_upgraded":3,"win_rate":0.0,"timestamp":1613598397,"path_taken":["R","M","M","M","M","M","T","M","M","R","?","?","E","?","M","BOSS","R","M","?","?","$","R","T","E","?","M","?","M","$","M","M","BOSS","R","M","M","$","M","R","T","E","?","R","$","?","R","?","M","BOSS"],"items_purchased_type":["Card","Card","Card","Card","Card","Card","Relic","Relic"],"build_version":"2020-12-22","purchased_purges":0,"victory":false,"max_hp_per_floor":[88,88,88,88,88,88,88,88,88,98,98,98,98,103,103,103,103,103,103,103,103,103,103,103,103,103,103,103,103,103,103,103,103,103,103,103,103,103,103,103,103,103,103,103,103,103,103,103,103,103,103,103],"card_choices":[{"not_picked":["Guardian:TemporalStrike","Guardian:Gem_Purple"],"picked":"Guardian:Gem_White","floor":2.0},{"not_picked":["Guardian:ChargeCore","Guardian:Incinerate"],"picked":"Guardian:Suspension","floor":3.0},{"not_picked":["Guardian:PrismaticBeam","Guardian:VentSteam"],"picked":"Guardian:Gem_White","floor":4.0},{"not_picked":["Guardian:DonusPower","Guardian:TimeCapacitor"],"picked":"Guardian:Planning","floor":5.0},{"not_picked":["Guardian:CrystalBeam","Guardian:BaubleBeam"],"picked":"Guardian:TimeCapacitor","floor":6.0},{"not_picked":["Guardian:SentryBeam","Guardian:BronzeArmor"],"picked":"Guardian:ChargeCore","floor":8.0},{"not_picked":["Guardian:RollAttack","Guardian:PiercingHide"],"picked":"Guardian:Gem_Green","floor":9.0},{"not_picked":["Guardian:RollAttack","Guardian:Suspension"],"picked":"Guardian:Gem_Yellow","floor":12.0},{"not_picked":["Guardian:Emergency","Guardian:Clone"],"picked":"Guardian:Gem_Green","floor":13.0},{"not_picked":["Guardian:Gem_Lightblue","Guardian:Recover"],"picked":"Guardian:PrismaticBeam","floor":15.0},{"not_picked":["Guardian:RevengeProtocol","Guardian:ExploitGems"],"picked":"Guardian:Gem_Orange","floor":16.0},{"not_picked":["Guardian:Gem_Lightblue","Guardian:RollAttack"],"picked":"Guardian:Preprogram","floor":19.0},{"not_picked":["Guardian:Harden","Guardian:Recover+1"],"picked":"Guardian:TemporalStrike","floor":21.0},{"not_picked":["Guardian:PrimingBeam","Guardian:SentryBeam"],"picked":"Guardian:Incinerate+1","floor":22.0},{"not_picked":["Guardian:ArmoredProtocol","Guardian:WalkerClaw"],"picked":"Guardian:Clone+1","floor":25.0},{"not_picked":["Guardian:TimeCapacitor","Guardian:SentryBeam"],"picked":"Guardian:Gem_Fragmented","floor":27.0},{"not_picked":["Guardian:Suspension+1","Guardian:Incinerate"],"picked":"Guardian:TimeSifter","floor":29.0},{"not_picked":["Guardian:WalkerClaw+1","Guardian:Harden"],"picked":"Guardian:ChargeCore","floor":30.0},{"not_picked":["Guardian:Incinerate+1","Guardian:PrimingBeam+1"],"picked":"Guardian:DecasProtection","floor":31.0},{"not_picked":["Guardian:Gem_Cyan","Guardian:Harden"],"picked":"Guardian:Gem_Green","floor":32.0},{"not_picked":["Guardian:AncientConstruct","Guardian:StasisField"],"picked":"Guardian:BaubleBeam","floor":33},{"not_picked":["Guardian:WalkerClaw+1","Guardian:TimeCapacitor"],"picked":"Guardian:PiercingHide","floor":36},{"not_picked":["Guardian:Reroute","Guardian:Clone+1"],"picked":"Guardian:Planning","floor":37},{"not_picked":["Guardian:TemporalStrike+1","Guardian:BodySlam"],"picked":"Guardian:StasisField","floor":38},{"not_picked":["Guardian:ChargeCore","Guardian:SpikerProtocol+1"],"picked":"Guardian:Suspension+1","floor":39},{"not_picked":["Guardian:PiercingHide+1","Guardian:RollAttack","Sweeping Beam"],"picked":"Guardian:Gem_Lightblue","floor":42},{"not_picked":["Guardian:EvasiveProtocol+1","Guardian:AncientConstruct","Steam"],"picked":"Guardian:Gem_Red","floor":45},{"not_picked":["Guardian:Suspension","Guardian:WalkerClaw+1","Compile Driver"],"picked":"Guardian:Gem_Orange","floor":45},{"not_picked":["Guardian:Recover+1","Guardian:Incinerate+1","Loop"],"picked":"Guardian:Gem_Yellow","floor":45},{"not_picked":["Guardian:Incinerate+1","Guardian:Suspension","Heatsinks"],"picked":"Guardian:Planning","floor":45},{"not_picked":["Guardian:Planning+1","Guardian:Incinerate","Reprogram"],"picked":"Guardian:ShieldCharger+1","floor":45},{"not_picked":["Guardian:Emergency","Guardian:PolyBeam+1","Go for the Eyes"],"picked":"Guardian:BaubleBeam","floor":45},{"not_picked":["Guardian:Harden+1","Guardian:BodySlam","Turbo"],"picked":"Guardian:Planning","floor":46},{"not_picked":["Guardian:Preprogram","Guardian:TemporalStrike","Hello World"],"picked":"Guardian:Gem_Lightblue","floor":49}],"player_experience":259670,"relics_obtained":[{"floor":13.0,"key":"Regal Pillow"},{"floor":24.0,"key":"Incense Burner"},{"floor":25.0,"key":"Meat on the Bone"},{"floor":41,"key":"hubris:DisguiseKit"},{"floor":42,"key":"Nunchaku"}],"event_choices":[{"cards_removed":["Guardian:CurlUp"],"damage_healed":0.0,"max_hp_gain":0.0,"max_hp_loss":0.0,"gold_gain":0.0,"event_name":"Bonfire Elementals","player_choice":"Offered Basic","floor":11.0,"gold_loss":0.0,"damage_taken":0.0},{"damage_healed":0.0,"max_hp_gain":5.0,"max_hp_loss":0.0,"gold_gain":0.0,"event_name":"Big Fish","player_choice":"Donut","floor":14.0,"gold_loss":0.0,"damage_taken":0.0},{"damage_healed":34.0,"max_hp_gain":0.0,"max_hp_loss":0.0,"gold_gain":0.0,"event_name":"The Library","player_choice":"Heal","floor":26.0,"gold_loss":0.0,"damage_taken":0.0},{"damage_healed":0.0,"max_hp_gain":0.0,"max_hp_loss":0.0,"gold_gain":0.0,"event_name":"Ghosts","player_choice":"Ignored","floor":28.0,"gold_loss":0.0,"damage_taken":0.0},{"damage_healed":4,"gold_gain":0,"player_choice":"Full Heal","damage_taken":0,"max_hp_gain":0,"max_hp_loss":0,"event_name":"Wheel of Change","floor":48,"gold_loss":0}],"is_beta":false,"boss_relics":[{"not_picked":["Empty Cage","hubris:CrackedHourglass"],"picked":"Philosopher\u0027s Stone"},{"not_picked":["Busted Crown","Velvet Choker"],"picked":"Astrolabe"}],"items_purged_floors":[],"is_endless":false,"potions_floor_spawned":[2,5,6,13,15,16,19,21,29,31,32,37,42,46],"killed_by":"DF_ARCHETYPE_ORBS","ascension_level":0}}