{"host":"zxkjcgzis4pm3za5","time":1613534978,"event":{"mods":["2.2 Compatiblity","AchievementEnabler","BaseMod","Colored Map","Colored Powertips","Minty Spire (QoL Compilation)","Quick Restart","Random Character Button","Relic Filter Mod","Relic Sorter","Relic Stats","StSLib"],"gold_per_floor":[109,109,129,141,141,141,21,21,21,51,51,63,92,108,108,184,184,197,247,247,297,151,151,169,169,169],"floor_reached":25,"language":"ENG","playtime":706,"items_purged":["Pain","Zap"],"score":418,"play_id":"fa4b57ae-0297-428d-8b12-6774d6fc1c57","local_time":"20210217093938","is_ascension_mode":true,"campfire_choices":[{"data":"Beam Cell","floor":6,"key":"SMITH"},{"data":"Streamline","floor":8,"key":"SMITH"},{"data":"Reprogram","floor":11,"key":"SMITH"},{"data":"Hologram","floor":15,"key":"SMITH"},{"data":"Seek","floor":23,"key":"SMITH"}],"circlet_count":0,"master_deck":["AscendersBane","Strike_B","Strike_B","Strike_B","Strike_B","Defend_B","Defend_B","Defend_B","Defend_B","Dualcast","Streamline+1","Gash","Beam Cell+1","FTL","Reprogram+1","Sweeping Beam","Hologram+1","Self Repair","Seek+1","Gash+1","Leap","Leap"],"relics":["Cracked Core","NeowsBlessing","WarpedTongs","Centennial Puzzle","The Courier","MealTicket","Nuclear Battery"],"acts_visited":["Exordium","TheCity"],"potions_floor_usage":[24],"damage_taken":[{"damage":0,"enemies":"Cultist","floor":1,"turns":1},{"damage":0,"enemies":"Small Slimes","floor":3,"turns":1},{"damage":0,"enemies":"2 Louse","floor":4,"turns":1},{"damage":2,"enemies":"Lagavulin","floor":10,"turns":4},{"damage":1,"enemies":"2 Fungi Beasts","floor":12,"turns":2},{"damage":8,"enemies":"Gremlin Nob","floor":13,"turns":3},{"damage":0,"enemies":"Lots of Slimes","floor":14,"turns":1},{"damage":25,"enemies":"The Guardian","floor":16,"turns":10},{"damage":5,"enemies":"Shell Parasite","floor":18,"turns":3},{"damage":10,"enemies":"2 Thieves","floor":24,"turns":4},{"damage":65,"enemies":"Slavers","floor":25,"turns":5}],"seed_played":"-83008204123764174","potions_obtained":[{"floor":4,"key":"CultistPotion"},{"floor":10,"key":"PotionOfCapacity"}],"is_trial":false,"path_per_floor":["M","$","M","M","?","R","$","R","T","E","R","M","E","M","R","B",null,"M","?","?","?","$","R","M","E"],"character_chosen":"DEFECT","items_purchased":["FTL","Leap","Block Potion"],"campfire_rested":0,"item_purchase_floors":[7,22,22],"current_hp_per_floor":[64,64,64,64,64,64,64,64,64,62,62,61,53,53,53,38,63,58,58,38,38,53,53,50,0,0],"gold":169,"neow_bonus":"THREE_ENEMY_KILL","is_daily":false,"chose_seed":false,"campfire_upgraded":5,"win_rate":0.0,"timestamp":1613534978,"path_taken":["M","$","?","M","?","R","$","R","T","E","R","M","E","M","R","BOSS","M","?","?","?","$","R","M","E"],"items_purchased_type":["Card","Card","Potion"],"build_version":"2020-12-22","purchased_purges":2,"victory":false,"max_hp_per_floor":[71,71,71,71,71,71,71,71,71,71,71,71,71,71,71,71,71,71,71,76,76,76,76,76,76,76],"relic_stats":{"Centennial Puzzle":[21],"counters":[11,35],"MealTicket":15,"obtain_stats":[{"Centennial Puzzle":9,"NeowsBlessing":0,"MealTicket":13,"The Courier":10,"Cracked Core":0,"WarpedTongs":5,"Nuclear Battery":17},{"Centennial Puzzle":3,"NeowsBlessing":0,"MealTicket":6,"The Courier":4,"Cracked Core":0,"WarpedTongs":3,"Nuclear Battery":8},{"Centennial Puzzle":3,"NeowsBlessing":0,"MealTicket":12,"The Courier":7,"Cracked Core":0,"WarpedTongs":3,"Nuclear Battery":23}],"WarpedTongs":[31]},"card_choices":[{"not_picked":["Stack","Conserve Battery"],"picked":"Streamline","floor":1},{"not_picked":["Hello World","Leap"],"picked":"Gash","floor":3},{"not_picked":["Skim","Steam"],"picked":"Beam Cell","floor":4},{"not_picked":["Ball Lightning","Redo"],"picked":"Reprogram","floor":10},{"not_picked":["Turbo","Glacier"],"picked":"Sweeping Beam","floor":12},{"not_picked":["Coolheaded","Turbo"],"picked":"Hologram","floor":13},{"not_picked":["Meteor Strike","Recycle"],"picked":"Self Repair","floor":14},{"not_picked":["Core Surge","Thunder Strike"],"picked":"Seek","floor":16},{"not_picked":["Loop","Hello World"],"picked":"Gash+1","floor":18},{"not_picked":["Redo","Ball Lightning"],"picked":"Leap","floor":24}],"player_experience":379677,"relics_obtained":[{"floor":9,"key":"Centennial Puzzle"},{"floor":10,"key":"The Courier"},{"floor":13,"key":"MealTicket"}],"event_choices":[{"damage_healed":0,"gold_gain":0,"player_choice":"Rummage","damage_taken":0,"relics_obtained":["WarpedTongs"],"max_hp_gain":0,"max_hp_loss":0,"event_name":"Accursed Blacksmith","floor":5,"gold_loss":0,"cards_obtained":["Pain"]},{"damage_healed":0,"gold_gain":50,"player_choice":"Stole From Cult","damage_taken":0,"max_hp_gain":0,"max_hp_loss":0,"event_name":"Nest","floor":19,"gold_loss":0},{"damage_healed":0,"gold_gain":0,"player_choice":"Shed Blood","damage_taken":25,"max_hp_gain":5,"max_hp_loss":0,"event_name":"Forgotten Altar","floor":20,"gold_loss":0},{"damage_healed":0,"gold_gain":50,"player_choice":"Pray","damage_taken":0,"max_hp_gain":0,"max_hp_loss":0,"event_name":"Golden Shrine","floor":21,"gold_loss":0}],"is_beta":false,"boss_relics":[{"not_picked":["Snecko Eye","Ectoplasm"],"picked":"Nuclear Battery"}],"items_purged_floors":[7,22],"is_endless":false,"potions_floor_spawned":[4,10],"killed_by":"Slavers","ascension_level":20}}