{"host":"og21o26alpnbwmz8","time":1613578741,"event":{"mods":["Act Like it!","Aspiration","BaseMod","Conspire","Downfall","Gensokyo","GungeonMod","Halation","Hubris","Jedi Mod","Mimic Mod","Minty Spire (QoL Compilation)","Pale of the Ancients","Reliquary","Replay The Spire","Shop Mod","Spikes Relics","StSLib","The Alterego","The Blue Laboratory","The Florist","The Poker Player","Waifu the Spire","Yuri Mod"],"gold_per_floor":[99,114,125,3,3,3,28,13,25,55,65,82,33,75,98,202,202,2,28,47,47,47,47,88,112,12,53,74,74,67,102,123,236,236,236,254,272,298,316,336,363,363,384,399,414,433,433,262,281,281,281,313,11,11,11,11,11,11],"floor_reached":56,"language":"ENG","playtime":3921,"items_purged":["hexamod:Strike+1"],"score":1007,"play_id":"bd77fe95-6c78-437b-890a-de0060dd780e","local_time":"20210217111901","is_ascension_mode":false,"campfire_choices":[{"floor":1,"key":"RECALL"},{"data":"hexamod:GiftsFromTheDead","floor":18,"key":"SMITH"},{"data":"hexamod:FlamesFromBeyond","floor":23,"key":"SMITH"},{"data":"hexamod:FlamesFromBeyond","floor":26,"key":"SMITH"},{"data":"hexamod:FlamesFromBeyond","floor":29,"key":"SMITH"},{"data":"hexamod:GiftsFromTheDead","floor":35,"key":"SMITH"},{"data":"hexamod:GiftsFromTheDead","floor":47,"key":"SMITH"},{"data":"hexamod:UnleashSpirits","floor":54,"key":"SMITH"}],"circlet_count":0,"master_deck":["hexamod:Strike+1","hexamod:Strike+1","hexamod:Strike+1","hexamod:Defend+1","hexamod:Defend+1","hexamod:Defend+1","hexamod:Defend+1","hexamod:Sear+1","hexamod:Float+1","hexamod:GiftsFromTheDead+1","hexamod:GhostShield+1","hexamod:GhostShield+1","hexamod:GhostShield+1","hexamod:SuperheatedStrike+1","hexamod:PhantomCloak+1","hexamod:EtherealExpedition+1","hexamod:Haunt+1","hexamod:BurningTouch+1","hexamod:FlamesFromBeyond+1","hexamod:Firestarter+1","hexamod:EmpoweredFlame+1","hexamod:NightmareStrike+1","hexamod:UnleashSpirits+1","hexamod:GiftsFromTheDead+1","hexamod:DynamicBlow+1","hexamod:FlamesFromBeyond+1","hexamod:NightmareStrike+1","hexamod:PhantomCloak+1","hexamod:GhostShield+1","hexamod:FlamesFromBeyond+1","hexamod:FlamesFromBeyond+1","Parasite","hexamod:PowerFromBeyond+1","hexamod:GiftsFromTheDead+1","hexamod:PowerFromBeyond+1","hexamod:GhostLash+1"],"relics":["hexamod:SpiritBrand","hubris:PeanutButter","GiantMaggot","halation:HeavySnake","downfall:HeartBlessingGreen","downfall:HeartBlessingBlue","DemoMod:GlassGuonStoneRelic","hubris:BottledHeart","Singing Bowl","downfall:HeartBlessingRed","reliquary:PurpleTingedLeaf","Durian","Replay:Wax Seal","hexamod:TheBrokenSeal","hexamod:RecyclingMachine","hubris:GlazedTorus","Golden Egg","bronze:BronzeIdol","ExplosiveVial"],"acts_visited":["Exordium","TheCity","TheBeyond","TheEnding"],"potions_floor_usage":[11,14],"damage_taken":[{"damage":0,"enemies":"Cultist","floor":2,"turns":3},{"damage":3,"enemies":"Small Slimes","floor":3,"turns":3},{"damage":0,"enemies":"downfall:FleeingMerchant","floor":4,"turns":4},{"damage":0,"enemies":"downfall:FleeingMerchant","floor":8,"turns":4},{"damage":13,"enemies":"Jaw Worm","floor":9,"turns":4},{"damage":10,"enemies":"Lagavulin","floor":10,"turns":7},{"damage":0,"enemies":"Exordium Wildlife","floor":11,"turns":6},{"damage":0,"enemies":"Exordium Thugs","floor":12,"turns":8},{"damage":0,"enemies":"downfall:FleeingMerchant","floor":13,"turns":4},{"damage":0,"enemies":"3 Sentries","floor":14,"turns":13},{"damage":8,"enemies":"Gremlin Gang","floor":15,"turns":6},{"damage":2,"enemies":"SI_SHIV_ARCHETYPE","floor":16,"turns":9},{"damage":0,"enemies":"Shell Parasite","floor":19,"turns":5},{"damage":12,"enemies":"3 Byrds","floor":20,"turns":7},{"damage":0,"enemies":"Snake Plant","floor":24,"turns":7},{"damage":0,"enemies":"Snake Plant","floor":25,"turns":5},{"damage":0,"enemies":"Book of Stabbing","floor":27,"turns":6},{"damage":0,"enemies":"3 Cultists","floor":28,"turns":7},{"damage":0,"enemies":"downfall:FleeingMerchant","floor":30,"turns":4},{"damage":0,"enemies":"Gremlin Leader","floor":31,"turns":6},{"damage":0,"enemies":"Centurion and Healer","floor":32,"turns":6},{"damage":0,"enemies":"DF_ARCHETYPE_CLAW","floor":33,"turns":9},{"damage":0,"enemies":"3 Darklings","floor":36,"turns":4},{"damage":0,"enemies":"Orb Walker","floor":37,"turns":4},{"damage":0,"enemies":"Writhing Mass","floor":38,"turns":6},{"damage":0,"enemies":"Spire Growth","floor":39,"turns":9},{"damage":0,"enemies":"3 Darklings","floor":40,"turns":4},{"damage":0,"enemies":"Maw","floor":43,"turns":8},{"damage":0,"enemies":"Transient","floor":44,"turns":5},{"damage":0,"enemies":"3 Darklings","floor":45,"turns":6},{"damage":0,"enemies":"Maw","floor":46,"turns":6},{"damage":0,"enemies":"downfall:FleeingMerchant","floor":48,"turns":4},{"damage":0,"enemies":"Spire Growth","floor":49,"turns":3},{"damage":0,"enemies":"WA_ARCHETYPE_DIVINITY","floor":50,"turns":11},{"damage":0,"enemies":"downfall:CharBossMerchant","floor":52,"turns":9},{"damage":0,"enemies":"downfall:NeowBoss","floor":55,"turns":14},{"damage":0,"enemies":"downfall:NeowBossFinal","floor":56,"turns":9}],"seed_played":"-1929673062620709686","potions_obtained":[{"floor":2,"key":"blueLaboratory:TrueEctoplasm"},{"floor":9,"key":"Venom Potion"},{"floor":9,"key":"blueLaboratory:PyrophylliteBrew"},{"floor":11,"key":"jedi:tentaclejuice"},{"floor":12,"key":"DistilledChaos"},{"floor":14,"key":"Venom Potion"},{"floor":14,"key":"blueLaboratory:BubblePotion"},{"floor":19,"key":"PowerPotion"},{"floor":19,"key":"blueLaboratory:HeartbeatPotion"},{"floor":20,"key":"FairyPotion"},{"floor":28,"key":"DemoMod:BlankPotion"},{"floor":32,"key":"EssenceOfSteel"},{"floor":33,"key":"jedi:mysterypotion"}],"is_trial":false,"path_per_floor":["R","M","M","$","?","?","T","$","M","E","M","M","$","E","M","B",null,"R","M","M","?","?","R","MIM","M","R","E","M","R","$","E","M","B",null,"R","M","M","M","M","M","T","$","M","M","M","M","R","$","M","B",null,"E","$","R","B","B"],"character_chosen":"THE_SPIRIT","items_purchased":["hexamod:ThirdSeal","hexamod:GhostShield","hexamod:Firestarter+1","hexamod:RecyclingMachine","hubris:GlazedTorus","bronze:BronzeIdol","ExplosiveVial"],"campfire_rested":0,"item_purchase_floors":[4,4,13,48,48,53,53],"current_hp_per_floor":[70,70,67,67,67,67,67,67,54,51,58,65,70,70,69,70,70,80,80,68,1,1,1,1,1,1,1,1,1,1,1,1,1,1,1,1,1,1,1,1,1,1,1,1,1,1,1,1,1,1,1,1,1,1,1,1,1,1],"gold":11,"neow_bonus":"ONE_RANDOM_RARE_CARD","is_daily":false,"chose_seed":false,"campfire_upgraded":7,"win_rate":0.0,"timestamp":1613578741,"path_taken":["R","M","M","$","?","?","T","?","M","E","?","M","$","E","M","BOSS","R","M","?","?","?","R","MIM","?","R","E","M","R","?","E","M","BOSS","R","M","M","M","M","M","T","?","M","?","M","M","R","$","M","BOSS","E","$","R","BOSS","BOSS"],"items_purchased_type":["Card","Card","Card","Relic","Relic","Relic","Relic"],"build_version":"2020-12-22","purchased_purges":1,"victory":false,"max_hp_per_floor":[70,70,70,70,70,70,70,70,70,70,70,70,70,70,70,70,70,80,80,80,1,1,1,1,1,1,1,1,1,1,1,1,1,1,1,1,1,1,1,1,1,1,1,1,1,1,1,1,1,1,1,1,1,1,1,1,1,1],"card_choices":[{"not_picked":["hexamod:SkipABeat","hexamod:BacktrackSmack"],"picked":"hexamod:GhostShield","floor":2},{"not_picked":["hexamod:BurningTouch","hexamod:ThermalTransfer"],"picked":"hexamod:GhostShield","floor":3},{"not_picked":["hexamod:HeatCrush","hexamod:RecurringNightmare","hexamod:SkipABeat"],"picked":"SKIP","floor":4},{"not_picked":["hexamod:GiftsFromTheDead","hexamod:GhostLash"],"picked":"hexamod:FourthSeal","floor":8},{"not_picked":["hexamod:EmpoweredFlame","hexamod:HeatMetal"],"picked":"hexamod:SuperheatedStrike","floor":8},{"not_picked":["hexamod:SpectersWail","hexamod:HeatMetal"],"picked":"hexamod:FirstSeal","floor":9},{"not_picked":["hexamod:HeatShield","hexamod:HauntingEcho","hexamod:Firestarter"],"picked":"SKIP","floor":9},{"not_picked":["hexamod:GhostShield","hexamod:RetreatToShadows"],"picked":"hexamod:PhantomCloak","floor":10},{"not_picked":["hexamod:HeatMetal","hexamod:ThermalTransfer"],"picked":"hexamod:EtherealExpedition","floor":10},{"not_picked":["hexamod:GhostShield","hexamod:Rewind"],"picked":"hexamod:Haunt","floor":11},{"not_picked":["hexamod:GhostShield","hexamod:ExtraCrispy","hexamod:Haunt"],"picked":"SKIP","floor":11},{"not_picked":["hexamod:RetreatToShadows","hexamod:AdvancingGuard"],"picked":"hexamod:BurningTouch","floor":12},{"not_picked":["hexamod:SuperheatedStrike","hexamod:SpectralSpark"],"picked":"hexamod:FlamesFromBeyond","floor":12},{"not_picked":["hexamod:GhostflameBarrier","hexamod:EtherealExpedition"],"picked":"hexamod:SecondSeal","floor":13},{"not_picked":["hexamod:TurnItUp","hexamod:BurningTouch","hexamod:StepThrough"],"picked":"SKIP","floor":13},{"not_picked":["hexamod:GhostLash","hexamod:PhantomCloak"],"picked":"hexamod:EmpoweredFlame","floor":14},{"not_picked":["hexamod:BacktrackSmack","hexamod:WildfireWeapon","hexamod:StepThrough"],"picked":"SKIP","floor":14},{"not_picked":["hexamod:Incineration","hexamod:ShieldOfDarkness"],"picked":"hexamod:NightmareStrike","floor":15},{"not_picked":["hexamod:PhantomFireball","hexamod:HeatShield","hexamod:HauntingEcho"],"picked":"SKIP","floor":15},{"not_picked":["hexamod:TurnItUp","hexamod:ForkedFlame"],"picked":"hexamod:UnleashSpirits","floor":16},{"not_picked":["hexamod:TimeOfNeed","hexamod:HexaLevel"],"picked":"hexamod:GiftsFromTheDead","floor":16},{"not_picked":["hexamod:RecurringNightmare","hexamod:Firestarter"],"picked":"hexamod:DynamicBlow","floor":19},{"not_picked":["hexamod:BacktrackSmack","hexamod:ThermalTransfer"],"picked":"hexamod:FlamesFromBeyond","floor":19},{"not_picked":["hexamod:Rewind+1","hexamod:GhostShield"],"picked":"hexamod:NightmareStrike","floor":20},{"not_picked":["hexamod:HeatShield","hexamod:GhostShield+1"],"picked":"hexamod:PhantomCloak+1","floor":20},{"not_picked":["hexamod:GhostOfSpireFuture","hexamod:RetreatToShadows","hexamod:SpectersWail"],"picked":"Singing Bowl","floor":24},{"not_picked":["hexamod:GhostOfSpireFuture","hexamod:HexaLevel","hexamod:CatchUp+1"],"picked":"Singing Bowl","floor":24},{"not_picked":["hexamod:NecessarySacrifice","hexamod:Again","hexamod:Haunt+1"],"picked":"Singing Bowl","floor":25},{"not_picked":["hexamod:HeatCrush","hexamod:RainOfEmbers","hexamod:GhostShield"],"picked":"Singing Bowl","floor":25},{"not_picked":["hexamod:InspiringFlames+1","hexamod:ShieldOfDarkness"],"picked":"hexamod:GhostShield+1","floor":27},{"not_picked":["hexamod:HauntingEcho","hexamod:Rewind"],"picked":"hexamod:FifthSeal","floor":27},{"not_picked":["hexamod:FirstSeal","hexamod:FourthSeal","hexamod:SecondSeal"],"picked":"Singing Bowl","floor":28},{"not_picked":["hexamod:HauntingEcho+1","hexamod:GhostflameBarrier+1"],"picked":"hexamod:FlamesFromBeyond","floor":28},{"not_picked":["hexamod:BurningTouch","hexamod:SpectralSpark","hexamod:AdvancingGuard"],"picked":"Singing Bowl","floor":28},{"not_picked":["hexamod:FirstSeal","hexamod:ThirdSeal","hexamod:SecondSeal"],"picked":"Singing Bowl","floor":30},{"not_picked":["hexamod:NecessarySacrifice","hexamod:Hexaguard","hexamod:SoulSteal"],"picked":"Singing Bowl","floor":30},{"not_picked":["hexamod:FastForward+1","hexamod:NightmareStrike","hexamod:ShieldOfDarkness+1"],"picked":"Singing Bowl","floor":30},{"not_picked":["hexamod:FourthSeal","hexamod:SecondSeal","hexamod:FirstSeal"],"picked":"Singing Bowl","floor":31},{"not_picked":["hexamod:FastForward+1","hexamod:UnleashSpirits","hexamod:SkipABeat"],"picked":"Singing Bowl","floor":31},{"not_picked":["hexamod:Rewind","hexamod:Again","hexamod:BurningTouch"],"picked":"Singing Bowl","floor":31},{"not_picked":["hexamod:FourthSeal","hexamod:ThirdSeal","hexamod:SecondSeal"],"picked":"Singing Bowl","floor":32},{"not_picked":["hexamod:ThermalTransfer","hexamod:SwordOfDarkness+1","hexamod:HeatShield"],"picked":"Singing Bowl","floor":32},{"not_picked":["hexamod:NightmareStrike","hexamod:SecondSeal","hexamod:RecurringNightmare+1"],"picked":"Singing Bowl","floor":32},{"not_picked":["hexamod:TimeWarp","hexamod:SearingWound","hexamod:Toasty"],"picked":"Singing Bowl","floor":33},{"not_picked":["hexamod:FourthSeal","hexamod:ThirdSeal"],"picked":"hexamod:SixthSeal","floor":33},{"not_picked":["hexamod:ForkedFlame","hexamod:GhostflameInferno","hexamod:GhostOfSpirePresent"],"picked":"Singing Bowl","floor":33},{"not_picked":["hexamod:SixthSeal","hexamod:FourthSeal","hexamod:FirstSeal"],"picked":"Singing Bowl","floor":36},{"not_picked":["hexamod:Again+1","hexamod:Firestarter+1","hexamod:ThermalTransfer"],"picked":"Singing Bowl","floor":36},{"not_picked":["hexamod:SuperheatedStrike+1","hexamod:GhostShield"],"picked":"hexamod:FlamesFromBeyond+1","floor":37},{"not_picked":["hexamod:GhostflameBarrier","hexamod:NightmareGuise","hexamod:ExtraCrispy"],"picked":"Singing Bowl","floor":37},{"not_picked":["hexamod:SpectersWail+1","hexamod:RainOfEmbers","hexamod:InspiringFlames"],"picked":"Singing Bowl","floor":38},{"not_picked":["hexamod:FourthSeal","hexamod:ThirdSeal","hexamod:SecondSeal"],"picked":"Singing Bowl","floor":38},{"not_picked":["hexamod:RadiantFlame+1","hexamod:HauntingEcho","hexamod:NightmareGuise"],"picked":"Singing Bowl","floor":38},{"not_picked":["hexamod:GhostflameBarrier+1","hexamod:SwordOfDarkness","hexamod:RecurringNightmare"],"picked":"Singing Bowl","floor":39},{"not_picked":["hexamod:GhostShield+1","hexamod:SuperheatedStrike+1","hexamod:ApocalypticArmor"],"picked":"Singing Bowl","floor":39},{"not_picked":["hexamod:HauntingEcho","hexamod:FourthSeal","hexamod:ShieldOfDarkness+1"],"picked":"Singing Bowl","floor":40},{"not_picked":["hexamod:Hexaguard+1","hexamod:AdvancingGuard"],"picked":"hexamod:PowerFromBeyond","floor":40},{"not_picked":["hexamod:NecessarySacrifice","hexamod:Hexaguard","hexamod:HauntingEcho+1"],"picked":"Singing Bowl","floor":43},{"not_picked":["hexamod:NightmareStrike+1","hexamod:Again","hexamod:Rewind+1"],"picked":"Singing Bowl","floor":43},{"not_picked":["hexamod:BurningTouch","hexamod:HeatCrush+1"],"picked":"hexamod:GiftsFromTheDead","floor":44},{"not_picked":["hexamod:Firestarter","hexamod:SpectralAdrenaline"],"picked":"hexamod:PowerFromBeyond+1","floor":45},{"not_picked":["hexamod:HeatMetal+1","hexamod:PowerFromBeyond+1"],"picked":"hexamod:GhostLash+1","floor":46},{"not_picked":["hexamod:BurningTouch","hexamod:SwordOfDarkness","hexamod:TurnItUp"],"picked":"Singing Bowl","floor":48},{"not_picked":["hexamod:SpectralAdrenaline+1","hexamod:PhantomCloak+1","hexamod:SuperheatedStrike+1"],"picked":"Singing Bowl","floor":49},{"not_picked":["hexamod:HauntingEcho","hexamod:SuperheatedStrike","hexamod:SpectralSpark"],"picked":"Singing Bowl","floor":52}],"player_experience":297004,"relics_obtained":[{"floor":10,"key":"hubris:PeanutButter"},{"floor":14,"key":"GiantMaggot"},{"floor":24,"key":"Singing Bowl"},{"floor":27,"key":"reliquary:PurpleTingedLeaf"},{"floor":31,"key":"Durian"},{"floor":41,"key":"Replay:Wax Seal"},{"floor":52,"key":"Golden Egg"}],"event_choices":[{"damage_healed":0,"gold_gain":0,"player_choice":"Leave","damage_taken":0,"max_hp_gain":0,"max_hp_loss":0,"event_name":"conspire:Investor","floor":5,"gold_loss":0}],"is_beta":false,"boss_relics":[{"not_picked":["reliquary:KinkedSpring","hubris:CrackedHourglass"],"picked":"halation:HeavySnake"},{"not_picked":["halation:PlatinumPhoenix","halation:CatFaceCupcake","hubris:RunicObelisk"]}],"items_purged_floors":[48],"is_endless":false,"potions_floor_spawned":[2,9,14,16,19,28,31,32,33,37,38,40,43,49,52],"killed_by":"downfall:NeowBossFinal","ascension_level":0}}