{"host":"mjz23ua65frb32d6","time":1613591038,"event":{"mods":["Abigail Mod","AchievementEnabler","Act Like it!","Aspiration","BaseMod","CCEM2","CapriCore","Clockwork Mod","Conspire","Downfall","Energized Spire","Fireblade Mod","Friendly Minions","GifTheSpireLib","GungeonMod","Halation","Hallownest","Hubris","Infinite Spire","Ironclad Rager","Jedi Mod","Jorbs\u0027s Wanderer Trilogy","Koishi","KomeijiMod","Lobotomy","LobotomyExtend","Magitek Elite","Mari Mod (Legacy)","Mari\u0027s V1 Patch","Melee Mod","Minty Spire (QoL Compilation)","MostiFishMod","Pale of the Ancients","Prisma Mod","Quarter Circle Forward PUNCH!","RRrroohrrRGHHhhh!!","Railgun Mod","Random Character Button","Rare Cards Sparkle","Replay The Spire","Retaliation","Ruin Mod","RumiaBox-????????","SCP261 Mod","Slumbering Mod","Spikes Relics","Spire Birthday Party","StSLib","Stuff the Spire","The Animator","The Cursed","The Forsaken","The Immortal","The Juggle","The Jungle","The Kombatant","The Poker Player","The Runesmith","The Sage","The Saiyan","The Spell Scribe","The Vixen","The Wild Card","TheHero","Trackpad","Virulent Crown","Wandering Minibosses"],"gold_per_floor":[18,34,47,80,28,55,55,55,79,31,57,72,90,109,109,207,207,220,45,45,56,56,56,89,89,89,99,99,99,110,124,124,225,225,243,243,243,243,256,256,274,274,342,342,87,100,0,70,70,187,187,211,211],"floor_reached":52,"language":"ENG","playtime":1444,"items_purged":[],"score":885,"play_id":"07f1ca42-f8a8-4d66-87ee-96ee4412fb44","local_time":"20210217144358","is_ascension_mode":false,"campfire_choices":[{"data":"MostiFishMod:#F4004","floor":7,"key":"SMITH"},{"floor":23,"key":"REST"},{"floor":29,"key":"REST"},{"floor":32,"key":"DIG"},{"data":"Double Tap","floor":40,"key":"SMITH"},{"data":"Dropkick","floor":42,"key":"SMITH"},{"floor":49,"key":"REST"}],"circlet_count":0,"master_deck":["Bash","Languid","Twin Strike","Twin Strike","Twin Strike","Twin Strike","Iron Wave","Iron Wave","Iron Wave","Iron Wave","Twin Strike","StuffTheSpire:Pyroclast+1","Spot Weakness","Twin Strike","MostiFishMod:#F4004+1","Sword Boomerang+1","Shockwave","Dropkick+1","Double Tap+1","Carnage+1","Thunderclap","Headbutt+1","ReplayTheSpireMod:Stacked","Cleave","Havoc+1","Shrug It Off+1","Parasite","Havoc+1","conspire:SpireCoStock","conspire:SpireCoStock","StuffTheSpire:Incineration+1","MostiFishMod:TemporaryOutbreak"],"relics":["Burning Blood","DaveBox","FeatherPendant","AddBug","SecretRecord","SecretRecord","SecretRecord","SecretRecord","SecretRecord","SecretRecord","SecretRecord"],"acts_visited":["Exordium","TheCity","TheBeyond","paleoftheancients:PaleOfTheAncients"],"potions_floor_usage":[21,24,24,50,52],"damage_taken":[{"damage":0,"enemies":"Cultist","floor":1,"turns":2},{"damage":1,"enemies":"Jaw Worm","floor":2,"turns":2},{"damage":0,"enemies":"theSlumbering:NewCultist","floor":3,"turns":1},{"damage":0,"enemies":"conspire:MimicChest","floor":4,"turns":2},{"damage":28,"enemies":"Replay:BlueRogue","floor":6,"turns":4},{"damage":6,"enemies":"3 Sentries","floor":11,"turns":3},{"damage":0,"enemies":"theSlumbering:NewSlaver","floor":12,"turns":1},{"damage":0,"enemies":"Large Slime","floor":13,"turns":2},{"damage":0,"enemies":"Exordium Thugs","floor":14,"turns":1},{"damage":9,"enemies":"The Guardian","floor":16,"turns":3},{"damage":0,"enemies":"Chosen","floor":18,"turns":2},{"damage":0,"enemies":"Shell Parasite","floor":21,"turns":2},{"damage":72,"enemies":"Nightmare","floor":24,"turns":6},{"damage":0,"enemies":"3 Cultists","floor":27,"turns":2},{"damage":20,"enemies":"Centurion and Healer","floor":30,"turns":2},{"damage":0,"enemies":"Snecko","floor":31,"turns":2},{"damage":4,"enemies":"Pondfish","floor":33,"turns":7},{"damage":40,"enemies":"3 Darklings","floor":35,"turns":6},{"damage":0,"enemies":"3 Shapes","floor":39,"turns":2},{"damage":0,"enemies":"3 Darklings","floor":41,"turns":2},{"damage":2,"enemies":"Writhing Mass","floor":46,"turns":4},{"damage":29,"enemies":"Reptomancer","floor":48,"turns":4},{"damage":42,"enemies":"Time Eater","floor":50,"turns":6},{"damage":114,"enemies":"Time Eater","floor":52,"turns":5}],"seed_played":"9106314160698201098","potions_obtained":[{"floor":2,"key":"SpeedPotion"},{"floor":13,"key":"Block Potion"},{"floor":14,"key":"SkillPotion"},{"floor":18,"key":"LiquidMemories"},{"floor":21,"key":"SCP261:AppleJuicePotion"},{"floor":48,"key":"AttackPotion"},{"floor":50,"key":"sneckomod:MuddlingPotion"}],"is_trial":false,"path_per_floor":["M","M","M","?","$","E","R","$","T","$","E","M","M","M","R","B",null,"M","$","?","M","$","R","NM","?","T","M","?","R","M","M","R","B",null,"M","?","AVR","?","M","R","M","R","T","?","$","M","?","E","R","B",null,"M"],"character_chosen":"IRONCLAD","items_purchased":["Twin Strike","Sword Boomerang","Replay:Baseball","Thunderclap","CCEMRelics:CanOfSoda"],"campfire_rested":3,"item_purchase_floors":[5,10,19,19,45],"current_hp_per_floor":[57,62,68,72,72,50,50,50,50,50,50,56,62,68,72,69,72,72,72,72,48,48,73,7,7,7,13,13,38,24,30,30,32,84,50,50,50,53,59,59,65,65,65,65,65,69,69,46,72,36,95,0,0],"gold":211,"neow_bonus":"IRONCLAD_BERSERKER","is_daily":false,"chose_seed":false,"campfire_upgraded":3,"win_rate":0.0,"timestamp":1613591038,"path_taken":["M","M","M","?","$","E","R","?","T","?","E","M","M","M","R","BOSS","M","$","?","M","$","R","NM","?","T","M","?","R","M","M","R","BOSS","M","?","AVR","?","M","R","?","R","T","?","?","?","?","E","R","BOSS","M"],"items_purchased_type":["Card","Card","Relic","Card","Relic"],"build_version":"2020-12-22","purchased_purges":0,"victory":false,"max_hp_per_floor":[72,72,72,72,72,72,72,72,72,72,72,72,72,72,72,72,72,72,72,72,84,84,84,84,84,84,84,84,84,84,84,84,84,84,84,84,84,87,87,87,87,87,87,87,87,87,87,87,87,87,95,95,95],"card_choices":[{"not_picked":["Pommel Strike","hubris:ReadiedAction"],"picked":"Twin Strike","floor":1},{"not_picked":["DDmod:PokeAttack","Wild Strike","MostiFishMod:ChineseTea"],"picked":"SKIP","floor":2},{"not_picked":["DDmod:PokeAttack","Iron Wave"],"picked":"StuffTheSpire:Pyroclast","floor":3},{"not_picked":["DDmod:CallousedSkill","StuffTheSpire:RockThrow"],"picked":"Spot Weakness","floor":4},{"not_picked":["Disarm","StuffTheSpire:RockThrow"],"picked":"MostiFishMod:#F4004","floor":6},{"not_picked":["DDmod:SpikedSkill","Body Slam","Rage"],"picked":"SKIP","floor":11},{"not_picked":["Flame Barrier","Dual Wield"],"picked":"Shockwave","floor":12},{"not_picked":["DDmod:BurningFumesPowerCard","rorgmod:Sentinel"],"picked":"Dropkick","floor":13},{"not_picked":["Wild Strike","DemoMod:WhiteBlade","True Grit"],"picked":"SKIP","floor":14},{"not_picked":["DDmod:SpikeShotSkill","DDmod:PlatedThornsSkill"],"picked":"Double Tap","floor":16},{"not_picked":["Clash","Thunderclap"],"picked":"Carnage+1","floor":18},{"not_picked":["Wild Strike","DDmod:CallousedSkill"],"picked":"Headbutt+1","floor":21},{"not_picked":["Disarm","ICR:VitalStrike"],"picked":"ReplayTheSpireMod:Stacked","floor":24},{"not_picked":["DDmod:PokeAttack","conspire:ExplosiveBarrier","Evolve+1"],"picked":"SKIP","floor":27},{"not_picked":["DDmod:CallousedSkill","ICR:Frenzy","StuffTheSpire:RockThrow"],"picked":"SKIP","floor":30},{"not_picked":["Sever Soul","Reckless Charge","ReplayTheSpireMod:Strike From Hell"],"picked":"SKIP","floor":31},{"not_picked":["StuffTheSpire:Incineration+1","Anger+1"],"picked":"Cleave","floor":35},{"not_picked":["Ghostly Armor","jedi:fear+1"],"picked":"Havoc+1","floor":39},{"not_picked":["StuffTheSpire:Resist","Havoc"],"picked":"Shrug It Off+1","floor":41},{"not_picked":["Rage+1","Anger"],"picked":"Havoc+1","floor":46},{"not_picked":["StuffTheSpire:Slingshot","Pommel Strike","StuffTheSpire:Incineration+1"],"picked":"SKIP","floor":48},{"not_picked":["StuffTheSpire:Slingshot","Pommel Strike"],"picked":"StuffTheSpire:Incineration+1","floor":48},{"not_picked":["jedi:strikingstrike","DDmod:AllInSkill"],"picked":"MostiFishMod:TemporaryOutbreak","floor":50}],"player_experience":198700,"relics_obtained":[{"floor":1,"key":"AddBug"},{"floor":1,"key":"SynthV:TestCard"},{"floor":1,"key":"LetterFromLob"},{"floor":2,"key":"LetterFromLob"},{"floor":3,"key":"LetterFromLob"},{"floor":4,"key":"trackpad:SappingStone"},{"floor":4,"key":"SecretRecord"},{"floor":6,"key":"MawBank"},{"floor":6,"key":"LetterFromLob"},{"floor":9,"key":"hubris:ToyBattleship"},{"floor":11,"key":"LastBattle"},{"floor":11,"key":"LetterFromLob"},{"floor":12,"key":"SecretRecord"},{"floor":12,"key":"LetterFromLob"},{"floor":13,"key":"LetterFromLob"},{"floor":14,"key":"SecretRecord"},{"floor":14,"key":"LetterFromLob"},{"floor":16,"key":"LetterFromLob"},{"floor":18,"key":"LetterFromLob"},{"floor":21,"key":"LetterFromLob"},{"floor":24,"key":"MagicDraw3"},{"floor":24,"key":"LetterFromLob"},{"floor":26,"key":"trackpad:DisasterInABottle"},{"floor":27,"key":"SecretRecord"},{"floor":27,"key":"LetterFromLob"},{"floor":30,"key":"LetterFromLob"},{"floor":31,"key":"LetterFromLob"},{"floor":32,"key":"trackpad:BerserkersDraught"},{"floor":33,"key":"LetterFromLob"},{"floor":35,"key":"SecretRecord"},{"floor":35,"key":"LetterFromLob"},{"floor":39,"key":"LetterFromLob"},{"floor":41,"key":"LetterFromLob"},{"floor":43,"key":"infinitespire:BottledMercury"},{"floor":46,"key":"LetterFromLob"},{"floor":48,"key":"SecretRecord"},{"floor":48,"key":"theForsaken:ScaryMask"},{"floor":48,"key":"LetterFromLob"},{"floor":50,"key":"LetterFromLob"}],"event_choices":[{"cards_removed":["Twin Strike"],"damage_healed":0,"gold_gain":0,"player_choice":"Removed Attack","damage_taken":0,"max_hp_gain":0,"max_hp_loss":0,"event_name":"Falling","floor":44,"gold_loss":0},{"damage_healed":0,"gold_gain":0,"player_choice":"Invest 2","damage_taken":0,"max_hp_gain":0,"max_hp_loss":0,"event_name":"conspire:Investor","floor":47,"gold_loss":0}],"is_beta":false,"boss_relics":[{"not_picked":["halation:Yufonium","aspiration:RunesmithSkillbook"],"picked":"Astrolabe"},{"not_picked":["StuffTheSpire:RunicHypercube","hubris:GrandSneckoEye"],"picked":"aspiration:RunicSpoon"},{"not_picked":["theSlumbering:CursedAnvil","Electric Blood"],"picked":"ExusiaiGun"}],"items_purged_floors":[],"is_endless":true,"potions_floor_spawned":[2,13,14,18,21,48,50],"killed_by":"Time Eater","ascension_level":0}}