{"host":"za1qviwhp34x909e","time":1613594602,"event":{"mods":["Act Like it!","BaseMod","Colored Map","Colored Powertips","Downfall","Highlight Path","Hubris","Koishi","Marisa????????","Minty Spire (QoL Compilation)","Quick Restart","Remilia??????","Replay The Spire","StSLib","The Servant 0.9.4"],"gold_per_floor":[119,119,134,148,43,43,76,76,76,110,110,110,110,139,139,242,242,253,265,277,237,252,283,283,301,324,336,336,370,370,381,381,477,477,489,504,504,369,415,415,450,450,450,450,450,479,548,560,560,560,560,560,114,145,145,145],"floor_reached":55,"language":"ENG","playtime":4562,"items_purged":["Strike_S","hubris:Despair","Strike_S"],"score":1107,"play_id":"5b959ffa-187c-46ad-84d5-c5105b1ae2e0","local_time":"20210217144322","is_ascension_mode":true,"campfire_choices":[{"data":"ReturningBlade","floor":6,"key":"SMITH"},{"data":"Solidify","floor":8,"key":"SMITH"},{"data":"Hightail","floor":13,"key":"SMITH"},{"data":"FlawlessForm","floor":15,"key":"SMITH"},{"data":"Sunlight","floor":24,"key":"SMITH"},{"data":"Collapse","floor":28,"key":"SMITH"},{"data":"Sabotage","floor":30,"key":"SMITH"},{"data":"InstantArmor","floor":32,"key":"SMITH"},{"data":"Revamp","floor":40,"key":"SMITH"},{"floor":42,"key":"REST"},{"data":"Misdirection","floor":44,"key":"SMITH"},{"floor":49,"key":"RECALL"},{"data":"ReturningBlade+1","floor":52,"key":"SMITH"}],"circlet_count":0,"master_deck":["Defend_S","Defend_S","Defend_S","Defend_S","KidneyShot","Exchange","FastForward","Misdirection+1","ReturningBlade+2","Comet","Comet","Solidify+1","Hightail+1","Moonlight","FlawlessForm+1","Sunlight+1","Sabotage+1","Manipulate+1","BottledTime+1","Collapse+1","BestPractice+1","InstantArmor+1","Duplication","Sunlight+1","Rearm+1","DoubleEdge+1","Revamp+1","Defy+1","Sabotage+1","DoubleEdge+1"],"relics":["Uniform","Ancient Tea Set","Smiling Mask","Mango","Counterbalance","Art of War","Turnip","Replay:Ancient Bell","Omamori","hubris:CrystalStatue","Unceasing Top","Simple Rune","Tiny Chest","Ornamental Fan","Velvet Choker","ReplayTheSpireMod:TigerMarble","Pantograph","Bottled Lightning","hubris:SphereOfDissonance","Vajra","Replay:WaspNest"],"acts_visited":["Exordium","TheCity","TheBeyond","TheEnding"],"potions_floor_usage":[16,16,35,41,41,55,55],"damage_taken":[{"damage":1,"enemies":"Small Slimes","floor":1,"turns":4},{"damage":2,"enemies":"Jaw Worm","floor":3,"turns":6},{"damage":0,"enemies":"2 Louse","floor":4,"turns":3},{"damage":19,"enemies":"Gremlin Nob","floor":7,"turns":5},{"damage":18,"enemies":"3 Sentries","floor":10,"turns":7},{"damage":0,"enemies":"Replay:BlueRogue","floor":14,"turns":5},{"damage":0,"enemies":"The Guardian","floor":16,"turns":13},{"damage":5,"enemies":"Shell Parasite","floor":18,"turns":6},{"damage":0,"enemies":"3 Byrds","floor":19,"turns":5},{"damage":0,"enemies":"3 Cultists","floor":20,"turns":6},{"damage":6,"enemies":"Centurion and Healer","floor":22,"turns":7},{"damage":0,"enemies":"Book of Stabbing","floor":23,"turns":6},{"damage":0,"enemies":"Snecko","floor":25,"turns":5},{"damage":0,"enemies":"Chosen and Byrds","floor":27,"turns":6},{"damage":3,"enemies":"Replay:Snechameleon","floor":29,"turns":3},{"damage":0,"enemies":"Cultist and Chosen","floor":31,"turns":4},{"damage":0,"enemies":"Automaton","floor":33,"turns":9},{"damage":8,"enemies":"3 Shapes","floor":35,"turns":6},{"damage":0,"enemies":"3 Darklings","floor":36,"turns":5},{"damage":32,"enemies":"Giant Head","floor":41,"turns":10},{"damage":0,"enemies":"R_Hoarder","floor":46,"turns":8},{"damage":58,"enemies":"Transient","floor":48,"turns":5},{"damage":0,"enemies":"Time Eater","floor":50,"turns":18},{"damage":44,"enemies":"Shield and Spear","floor":54,"turns":12},{"damage":61,"enemies":"The Heart","floor":55,"turns":8}],"seed_played":"-7187203284865251169","potions_obtained":[{"floor":4,"key":"PowerPotion"},{"floor":7,"key":"ColorlessPotion"},{"floor":14,"key":"FearPotion"},{"floor":19,"key":"GamblersBrew"},{"floor":21,"key":"Fire Potion"},{"floor":35,"key":"Explosive Potion"},{"floor":39,"key":"Fire Potion"},{"floor":39,"key":"Block Potion"},{"floor":46,"key":"CultistPotion"},{"floor":48,"key":"Reflective Coating"},{"floor":54,"key":"LiquidMemories"}],"is_trial":false,"path_per_floor":["M","?","M","M","$","R","E","R","T","E","?","?","R","E","R","B",null,"M","M","M","?","M","E","R","M","T","M","R","E","R","M","R","B",null,"M","M","?","$","?","R","E","R","T","R","?","E","T","M","R","B",null,"R","$","E","B"],"character_chosen":"THE_SERVANT","items_purchased":["Comet","DoubleEdge+1","Revamp","hubris:SphereOfDissonance","Vajra"],"campfire_rested":1,"item_purchase_floors":[5,38,38,53,53],"current_hp_per_floor":[64,57,55,55,55,55,50,50,50,32,25,25,25,25,25,25,79,74,74,74,74,68,68,68,68,68,68,68,65,65,65,65,65,79,71,71,71,71,40,40,8,31,31,31,69,69,69,11,11,36,69,69,69,25,0,0],"gold":145,"neow_bonus":"RANDOM_COMMON_RELIC","is_daily":false,"chose_seed":false,"campfire_upgraded":11,"win_rate":0.0,"timestamp":1613594602,"path_taken":["M","?","M","M","$","R","E","R","T","E","?","?","R","E","R","BOSS","M","M","M","?","?","E","R","M","T","M","R","E","R","M","R","BOSS","M","M","?","$","?","R","E","R","T","R","?","E","?","M","R","BOSS","R","$","E","BOSS"],"items_purchased_type":["Card","Card","Card","Relic","Relic"],"build_version":"2020-12-22","purchased_purges":3,"victory":false,"max_hp_per_floor":[65,65,65,65,65,65,79,79,79,79,79,79,79,79,79,79,79,79,79,79,79,79,79,79,79,79,79,79,79,79,79,79,79,79,79,79,79,79,79,79,79,79,79,79,69,69,69,69,69,69,69,69,69,69,69,69],"card_choices":[{"not_picked":["Replace","Starlight"],"picked":"FastForward","floor":1},{"not_picked":["Ricochet","GearUp"],"picked":"Misdirection","floor":3},{"not_picked":["Orbit","Starlight"],"picked":"ReturningBlade","floor":4},{"not_picked":["MoonPhase","Defy"],"picked":"Solidify","floor":7},{"not_picked":["ShiftingGears","Starlight"],"picked":"Hightail","floor":10},{"not_picked":["TimeTheft","DoubleEdge"],"picked":"FlawlessForm","floor":14},{"not_picked":["TrueSight","SoulSculpture"],"picked":"Sunlight","floor":16},{"not_picked":["Injury","downfall:Haunted"],"picked":"Regret","floor":17},{"not_picked":["hubris:Disease","Pain"],"picked":"Clumsy","floor":17},{"not_picked":["Delirium","Replay:Sluggish"],"picked":"hubris:Despair","floor":17},{"not_picked":["ShatteredReality","Rewind+1"],"picked":"Sabotage","floor":18},{"not_picked":["FastForward+1","Embodiment"],"picked":"Manipulate+1","floor":19},{"not_picked":["Starlight","Read"],"picked":"BottledTime+1","floor":20},{"not_picked":["Potential","Reset"],"picked":"Collapse","floor":22},{"not_picked":["TimeWarp","Barrier+1"],"picked":"BestPractice+1","floor":23},{"not_picked":["FanOfKnives","Ricochet"],"picked":"InstantArmor","floor":25},{"not_picked":["Spin+1","ShatteredReality","InstantArmor+1"],"picked":"SKIP","floor":27},{"not_picked":["ShiftingGears","Moonlight"],"picked":"Duplication","floor":29},{"not_picked":["ShatteredReality","Replace","BestPractice+1"],"picked":"SKIP","floor":31},{"not_picked":["KillingDoll","ForgedInTime"],"picked":"Sunlight","floor":33},{"not_picked":["MoonPhase+1","SpecialFormula+1"],"picked":"Rearm+1","floor":35},{"not_picked":["Rewind","Replace+1","Read"],"picked":"SKIP","floor":36},{"not_picked":["FastForward","SurpressingFire"],"picked":"Defy+1","floor":39},{"not_picked":["Unruled+1","SurpressingFire","Rearm"],"picked":"SKIP","floor":41},{"not_picked":["DancingSilver","Revamp+1","Ricochet+1"],"picked":"SKIP","floor":46},{"not_picked":["Starlight+1","Collapse+1"],"picked":"Sabotage+1","floor":48},{"not_picked":["ShatteredReality","Potential"],"picked":"DoubleEdge+1","floor":54}],"player_experience":771240,"relics_obtained":[{"floor":7,"key":"Mango"},{"floor":9,"key":"Counterbalance"},{"floor":10,"key":"Art of War"},{"floor":14,"key":"Turnip"},{"floor":23,"key":"Simple Rune"},{"floor":26,"key":"Tiny Chest"},{"floor":29,"key":"Ornamental Fan"},{"floor":41,"key":"ReplayTheSpireMod:TigerMarble"},{"floor":46,"key":"Pantograph"},{"floor":47,"key":"Bottled Lightning"},{"floor":54,"key":"Replay:WaspNest"}],"event_choices":[{"damage_healed":0,"gold_gain":0,"player_choice":"Success","damage_taken":7,"relics_obtained":["Smiling Mask"],"max_hp_gain":0,"max_hp_loss":0,"event_name":"Scrap Ooze","floor":2,"gold_loss":0},{"cards_removed":["Strike_S"],"damage_healed":0,"gold_gain":0,"player_choice":"Card Removal","damage_taken":7,"max_hp_gain":0,"max_hp_loss":0,"event_name":"Golden Wing","floor":11,"gold_loss":0},{"damage_healed":0,"gold_gain":0,"cards_transformed":["Strike_S"],"player_choice":"Change","damage_taken":0,"max_hp_gain":0,"max_hp_loss":0,"event_name":"Living Wall","floor":12,"gold_loss":0,"cards_obtained":["Moonlight"]},{"damage_healed":0,"gold_gain":0,"player_choice":"Bought 3 Potions","damage_taken":0,"max_hp_gain":0,"max_hp_loss":0,"event_name":"The Woman in Blue","floor":21,"gold_loss":0},{"damage_healed":69,"gold_gain":0,"player_choice":"Heal","damage_taken":0,"max_hp_gain":0,"max_hp_loss":10,"event_name":"The Moai Head","floor":45,"gold_loss":0}],"is_beta":false,"boss_relics":[{"not_picked":["Runic Dome","Ring of Chaos"],"picked":"Replay:Ancient Bell"},{"not_picked":["Juzu Bracelet","Nunchaku"],"picked":"Omamori"},{"not_picked":["Sundial","hubris:BottledRain"],"picked":"hubris:CrystalStatue"},{"not_picked":["Ginger","Old Coin"],"picked":"Unceasing Top"},{"not_picked":["hubris:CrackedHourglass","Kintsugi"],"picked":"Velvet Choker"}],"items_purged_floors":[5,38,53],"is_endless":false,"potions_floor_spawned":[4,7,14,19,22,25,27,29,33,35,46,48,54],"killed_by":"The Heart","ascension_level":2}}