{"host":"syfsfjmzue8y1a6l","time":1613558790,"event":{"mods":["AchievementEnabler","BaseMod","Colored Map","DeckTracker","Minty Spire (QoL Compilation)","Permanent Neow","SuperFastMode"],"gold_per_floor":[110,126,144,155,166,166,199,149,149,50,79,89,102,136,136,232,232,250,250,261,272,122,148,158,258,258,277,192,218,218,237,237,338,338,358,377,387,437,88,88,118,118,118,131,142,162,162,173,173,173,173],"floor_reached":50,"language":"KOR","playtime":5772,"items_purged":["Defend_R","Defend_R","Defend_R"],"score":615,"play_id":"293ca36f-b3b4-4858-a001-cf7105fb60f0","local_time":"20210217194630","is_ascension_mode":false,"campfire_choices":[{"data":"Bash","floor":6,"key":"SMITH"},{"data":"Pommel Strike","floor":15,"key":"SMITH"},{"data":"Uppercut","floor":30,"key":"SMITH"},{"data":"Offering","floor":32,"key":"SMITH"},{"floor":42,"key":"RECALL"},{"data":"Brutality","floor":47,"key":"SMITH"},{"data":"Master of Strategy","floor":49,"key":"SMITH"}],"circlet_count":0,"master_deck":["Strike_R","Strike_R","Strike_R","Strike_R","Bash+1","Anger","Dropkick","True Grit","Pommel Strike+1","Havoc","Reaper","Iron Wave","Clash","Feel No Pain","Iron Wave","Offering+1","Uppercut+1","True Grit+1","Finesse","Clash","Headbutt+1","Blood for Blood+1","Berserk","Iron Wave+1","Warcry+1","Carnage+1","Brutality+1","Master of Strategy+1","Madness","Madness","Body Slam+1","Clash+1","Burning Pact+1","Rupture+1","Sentinel+1"],"relics":["Black Star","PreservedInsect","Anchor","HornCleat","Pear","The Courier","Nunchaku","Vajra","Sozu","Lantern","Gremlin Horn","Molten Egg 2","Dream Catcher","MealTicket","Philosopher\u0027s Stone","Magic Flower","Orichalcum","Toxic Egg 2","Ginger"],"acts_visited":["Exordium","TheCity","TheBeyond"],"potions_floor_usage":[11,11],"damage_taken":[{"damage":7,"enemies":"Cultist","floor":1,"turns":5},{"damage":5,"enemies":"Jaw Worm","floor":2,"turns":4},{"damage":0,"enemies":"Small Slimes","floor":3,"turns":2},{"damage":1,"enemies":"2 Fungi Beasts","floor":4,"turns":5},{"damage":9,"enemies":"Gremlin Gang","floor":5,"turns":7},{"damage":44,"enemies":"3 Sentries","floor":7,"turns":11},{"damage":0,"enemies":"Lagavulin","floor":11,"turns":3},{"damage":0,"enemies":"3 Louse","floor":12,"turns":3},{"damage":0,"enemies":"Looter","floor":13,"turns":3},{"damage":1,"enemies":"3 Sentries","floor":14,"turns":6},{"damage":55,"enemies":"The Guardian","floor":16,"turns":11},{"damage":6,"enemies":"3 Byrds","floor":18,"turns":6},{"damage":11,"enemies":"Spheric Guardian","floor":20,"turns":5},{"damage":3,"enemies":"Shelled Parasite and Fungi","floor":21,"turns":4},{"damage":10,"enemies":"Slavers","floor":23,"turns":5},{"damage":6,"enemies":"Centurion and Healer","floor":24,"turns":4},{"damage":10,"enemies":"Snecko","floor":27,"turns":5},{"damage":16,"enemies":"Book of Stabbing","floor":29,"turns":4},{"damage":0,"enemies":"Cultist and Chosen","floor":31,"turns":4},{"damage":67,"enemies":"Champ","floor":33,"turns":7},{"damage":6,"enemies":"Orb Walker","floor":35,"turns":2},{"damage":6,"enemies":"3 Darklings","floor":36,"turns":4},{"damage":9,"enemies":"4 Shapes","floor":37,"turns":5},{"damage":19,"enemies":"Mind Bloom Boss Battle","floor":38,"turns":5},{"damage":1,"enemies":"Reptomancer","floor":41,"turns":4},{"damage":7,"enemies":"Spire Growth","floor":44,"turns":2},{"damage":13,"enemies":"Sphere and 2 Shapes","floor":45,"turns":3},{"damage":6,"enemies":"Jaw Worm Horde","floor":46,"turns":2},{"damage":15,"enemies":"3 Darklings","floor":48,"turns":3},{"damage":95,"enemies":"Time Eater","floor":50,"turns":6}],"seed_played":"-5410743397850099676","potions_obtained":[{"floor":2,"key":"AttackPotion"},{"floor":3,"key":"Strength Potion"},{"floor":7,"key":"Strength Potion"},{"floor":11,"key":"BloodPotion"},{"floor":12,"key":"Block Potion"}],"is_trial":false,"path_per_floor":["M","M","M","M","M","R","E","?","T","$","E","M","M","E","R","B",null,"M","?","M","M","$","E","M","?","T","M","?","E","R","M","R","B",null,"M","M","M","?","$","?","E","R","T","M","M","M","R","M","R","B"],"character_chosen":"IRONCLAD","items_purchased":["Iron Wave","Finesse","Brutality","Master of Strategy"],"campfire_rested":0,"item_purchase_floors":[10,22,39,39],"current_hp_per_floor":[73,68,68,67,58,58,14,14,14,14,33,45,45,56,56,1,90,90,90,84,86,86,86,84,84,84,74,74,58,58,68,68,8,90,90,84,87,75,90,79,89,89,89,90,84,84,84,76,76,0,0],"gold":173,"neow_bonus":"BOSS_RELIC","is_daily":false,"chose_seed":false,"campfire_upgraded":6,"win_rate":0.0,"timestamp":1613558790,"path_taken":["M","M","M","M","?","R","E","?","T","$","E","M","M","E","R","BOSS","M","?","?","M","$","E","M","?","T","?","?","E","R","M","R","BOSS","M","M","M","?","$","?","E","R","T","M","M","M","R","M","R","BOSS"],"items_purchased_type":["Card","Card","Card","Card"],"build_version":"2020-12-22","purchased_purges":3,"victory":false,"max_hp_per_floor":[80,80,80,80,80,80,80,80,80,80,90,90,90,90,90,90,90,90,90,90,90,90,90,90,90,90,90,90,90,90,90,90,90,90,90,90,90,90,90,90,90,90,90,90,90,90,90,90,90,90,90],"card_choices":[{"not_picked":["Havoc","Dropkick"],"picked":"Anger","floor":1},{"not_picked":["Entrench","Clothesline"],"picked":"Dropkick","floor":2},{"not_picked":["Rampage","Whirlwind"],"picked":"True Grit","floor":3},{"not_picked":["Heavy Blade","Flame Barrier"],"picked":"Pommel Strike","floor":4},{"not_picked":["Pommel Strike","Whirlwind"],"picked":"Havoc","floor":5},{"not_picked":["Evolve","Burning Pact"],"picked":"Reaper","floor":7},{"not_picked":["Pommel Strike","Shrug It Off","Impervious"],"picked":"SKIP","floor":11},{"not_picked":["Infernal Blade","Perfected Strike"],"picked":"Clash","floor":12},{"not_picked":["Flex","Thunderclap"],"picked":"Feel No Pain","floor":13},{"not_picked":["Fire Breathing","Heavy Blade"],"picked":"Iron Wave","floor":14},{"not_picked":["Bludgeon","Corruption"],"picked":"Offering","floor":16},{"not_picked":["Wild Strike","Headbutt","Clothesline"],"picked":"SKIP","floor":18},{"not_picked":["True Grit","Entrench"],"picked":"Uppercut","floor":20},{"not_picked":["Whirlwind","Searing Blow"],"picked":"True Grit+1","floor":21},{"not_picked":["Rampage","Flex"],"picked":"Clash","floor":23},{"not_picked":["Twin Strike","True Grit","Juggernaut"],"picked":"SKIP","floor":24},{"not_picked":["Whirlwind+1","Heavy Blade"],"picked":"Headbutt+1","floor":27},{"not_picked":["Havoc","Second Wind"],"picked":"Blood for Blood+1","floor":29},{"not_picked":["Disarm","Cleave+1","Second Wind"],"picked":"SKIP","floor":31},{"not_picked":["Barricade","Demon Form"],"picked":"Berserk","floor":33},{"not_picked":["Flex","Feel No Pain"],"picked":"Iron Wave+1","floor":35},{"not_picked":["True Grit","Seeing Red","Sentinel"],"picked":"SKIP","floor":36},{"not_picked":["Havoc+1","Carnage+1"],"picked":"Warcry+1","floor":37},{"not_picked":["Clothesline+1","Armaments"],"picked":"Carnage+1","floor":38},{"not_picked":["Infernal Blade+1","Perfected Strike+1"],"picked":"Body Slam+1","floor":41},{"not_picked":["Seeing Red+1","Anger+1"],"picked":"Clash+1","floor":44},{"not_picked":["Infernal Blade+1","Carnage+1"],"picked":"Burning Pact+1","floor":45},{"not_picked":["Flex+1","Thunderclap+1"],"picked":"Rupture+1","floor":46},{"not_picked":["Feel No Pain","Cleave+1"],"picked":"Sentinel+1","floor":48}],"player_experience":119088,"relics_obtained":[{"floor":7,"key":"PreservedInsect"},{"floor":7,"key":"Anchor"},{"floor":9,"key":"HornCleat"},{"floor":11,"key":"Pear"},{"floor":11,"key":"The Courier"},{"floor":14,"key":"Nunchaku"},{"floor":14,"key":"Vajra"},{"floor":23,"key":"Lantern"},{"floor":23,"key":"Gremlin Horn"},{"floor":29,"key":"Dream Catcher"},{"floor":29,"key":"MealTicket"},{"floor":38,"key":"Magic Flower"},{"floor":41,"key":"Orichalcum"},{"floor":41,"key":"Toxic Egg 2"},{"floor":43,"key":"Ginger"}],"event_choices":[{"cards_removed":["Strike_R"],"damage_healed":0,"gold_gain":0,"player_choice":"Card Removal","damage_taken":0,"max_hp_gain":0,"max_hp_loss":0,"event_name":"The Cleric","floor":8,"gold_loss":50},{"cards_removed":["Defend_R"],"damage_healed":0,"gold_gain":0,"player_choice":"Card Removal","damage_taken":0,"max_hp_gain":0,"max_hp_loss":0,"event_name":"Wheel of Change","floor":19,"gold_loss":0},{"damage_healed":0,"gold_gain":100,"player_choice":"Pray","damage_taken":0,"max_hp_gain":0,"max_hp_loss":0,"event_name":"Golden Shrine","floor":25,"gold_loss":0},{"damage_healed":0,"gold_gain":0,"player_choice":"Obtained Relic","damage_taken":0,"relics_obtained":["Molten Egg 2"],"max_hp_gain":0,"max_hp_loss":0,"event_name":"Addict","floor":28,"gold_loss":85},{"damage_healed":0,"gold_gain":0,"player_choice":"Fight","damage_taken":0,"max_hp_gain":0,"max_hp_loss":0,"event_name":"MindBloom","floor":38,"gold_loss":0},{"damage_healed":0,"gold_gain":0,"player_choice":"Embrace Madness","damage_taken":11,"max_hp_gain":0,"max_hp_loss":0,"event_name":"Winding Halls","floor":40,"gold_loss":0,"cards_obtained":["Madness","Madness"]}],"is_beta":false,"boss_relics":[{"not_picked":["Cursed Key","Runic Dome"],"picked":"Sozu"},{"not_picked":["Coffee Dripper","Pandora\u0027s Box"],"picked":"Philosopher\u0027s Stone"}],"items_purged_floors":[10,22,39],"is_endless":false,"potions_floor_spawned":[2,3,7,11,12,18,24,33,37,44,45,46,48],"killed_by":"Time Eater","ascension_level":0}}