{"host":"o3b7ow6d1xe49css","time":1613542155,"event":{"mods":["Aspiration","BaseMod","Better Altar","Better Match","Better Note","Better Sensory Stone","Better Skull","Better Third Choice","Colored Powertips","Conspire","Energized Spire","GifTheSpireLib","Halation","Hubris","Minty Spire (QoL Compilation)","Relic Filter Mod","Reliquary","Replay The Spire","Spicy Shops","Spikes Relics","StSLib","Stuff the Spire","The Blue Laboratory","Together in Spire"],"gold_per_floor":[111,186,86,104,117,150,177,177,177,211,235,235,292,329,329,444,494,523,546,746,419,433,433,454,489,489,513,561,561,561,608,608,720,720,775,230,249,266,266,266,309,377,377,430,430,509,509,20,20,45,45,45,45,76,76],"floor_reached":56,"language":"ENG","playtime":2801,"items_purged":["Regret","Strike_G","Doubt"],"score":1020,"play_id":"c2c4c1e8-82ec-432c-8fca-7e5b5ca62059","local_time":"20210216210915","is_ascension_mode":false,"campfire_choices":[{"data":"Bullet Time","floor":8,"key":"SMITH"},{"data":"After Image","floor":23,"key":"SMITH"},{"floor":29,"key":"RECALL"},{"floor":32,"key":"DIG"},{"data":"Amnesia","floor":40,"key":"SMITH"},{"data":"Storm of Steel","floor":45,"key":"SMITH"},{"data":"Blade Dance","floor":47,"key":"SMITH"},{"data":"Bullet Time","floor":49,"key":"SMITH"},{"data":"Blade Dance","floor":52,"key":"SMITH"}],"circlet_count":0,"master_deck":["Strike_G","Strike_G","Defend_G","Defend_G","Defend_G","Defend_G","Defend_G","Survivor","Neutralize","Acrobatics","conspire:SpireCoStock","conspire:SpireCoStock","Bullet Time+1","Blade Dance","Dash","Blade Dance","Acrobatics+1","Prepared","StuffTheSpire:Incantation+1","After Image+1","All Out Attack","Accuracy","Blade Dance+1","Bullet Time+1","Blade Dance+1","Storm of Steel+1","Acrobatics+1","conspire:PoisonWeapons","Dagger Spray","Master of Strategy"],"relics":["Ring of the Snake","NeowsBlessing","Gremlin Food","Ornamental Fan","Snack Pack","StuffTheSpire:RedRose","conspire:TopHat","Tiny House","Onion Ring","halation:PrussianBluePaint","ChewingGum","Nunchaku","Ring of Misfortune","reliquary:PurpleTingedLeaf","conspire:Boomerang","hubris:SlimyHat","StuffTheSpire:ForceGauntlet","Juzu Bracelet","Basket Of Snakes","Letter Opener"],"acts_visited":["Exordium","TheCity","TheBeyond","TheEnding"],"potions_floor_usage":[6,14,16,18,33,46,50,55,55,55],"damage_taken":[{"damage":0,"enemies":"Small Slimes","floor":1,"turns":1},{"damage":0,"enemies":"conspire:RoseBush","floor":4,"turns":1},{"damage":0,"enemies":"Cultist","floor":5,"turns":1},{"damage":9,"enemies":"Lagavulin","floor":6,"turns":6},{"damage":0,"enemies":"2 Fungi Beasts","floor":7,"turns":2},{"damage":4,"enemies":"3 Sentries","floor":10,"turns":4},{"damage":0,"enemies":"Blue Slaver","floor":11,"turns":2},{"damage":1,"enemies":"Lagavulin","floor":14,"turns":3},{"damage":11,"enemies":"Hexaghost","floor":16,"turns":5},{"damage":0,"enemies":"conspire:FuzzyDice","floor":18,"turns":3},{"damage":4,"enemies":"3 Byrds","floor":19,"turns":3},{"damage":0,"enemies":"Snecko","floor":22,"turns":2},{"damage":0,"enemies":"Cultist and Chosen","floor":24,"turns":3},{"damage":0,"enemies":"3 Cultists","floor":25,"turns":2},{"damage":0,"enemies":"Centurion and Healer","floor":27,"turns":4},{"damage":0,"enemies":"Chosen and Byrds","floor":28,"turns":4},{"damage":11,"enemies":"conspire:SneckoGhost","floor":31,"turns":3},{"damage":0,"enemies":"conspire:MysteriousRune","floor":33,"turns":4},{"damage":0,"enemies":"3 Darklings","floor":35,"turns":3},{"damage":0,"enemies":"Orb Walker","floor":37,"turns":1},{"damage":0,"enemies":"Spire Growth","floor":38,"turns":2},{"damage":17,"enemies":"Nemesis","floor":41,"turns":3},{"damage":17,"enemies":"Mind Bloom Boss Battle","floor":42,"turns":7},{"damage":2,"enemies":"Giant Head","floor":44,"turns":5},{"damage":25,"enemies":"conspire:MimicChest","floor":46,"turns":6},{"damage":6,"enemies":"Donu and Deca","floor":50,"turns":4},{"damage":0,"enemies":"Shield and Spear","floor":54,"turns":2},{"damage":72,"enemies":"The Heart","floor":55,"turns":4}],"seed_played":"1432044192517536455","potions_obtained":[{"floor":5,"key":"ColorlessPotion"},{"floor":6,"key":"blueLaboratory:PhilterOfMotion"},{"floor":11,"key":"blueLaboratory:PhilterOfMotion"},{"floor":16,"key":"blueLaboratory:PhilterOfMotion"},{"floor":17,"key":"SpeedPotion"},{"floor":19,"key":"Swift Potion"},{"floor":22,"key":"LiquidBronze"},{"floor":27,"key":"blueLaboratory:NinjaPotion"},{"floor":37,"key":"blueLaboratory:HummingbirdPotion"},{"floor":42,"key":"blueLaboratory:NinjaPotion"},{"floor":46,"key":"blueLaboratory:EnvenomedCoating"}],"is_trial":false,"path_per_floor":["M","?","?","M","M","E","M","R","T","E","M","?","?","E","R","B",null,"M","M","?","$","M","R","M","M","T","M","M","R","?","E","R","B",null,"M","$","M","M","?","R","E","?","T","E","R","?","R","$","R","B",null,"R","$","E","B",null],"character_chosen":"THE_SILENT","items_purchased":["Accuracy","Blade Dance","BlessingOfTheForge","conspire:PoisonWeapons","Dagger Spray","Nunchaku","Basket Of Snakes","Master of Strategy","Strength Potion"],"campfire_rested":0,"item_purchase_floors":[21,21,21,36,36,36,48,48,48],"current_hp_per_floor":[70,59,59,59,59,50,50,50,50,46,48,48,48,51,51,46,75,75,73,73,73,75,75,75,75,75,75,75,75,75,64,64,74,75,75,75,75,75,75,75,60,65,65,75,75,52,52,52,52,55,75,75,75,75,12],"gold":76,"neow_bonus":"THREE_ENEMY_KILL","is_daily":false,"chose_seed":false,"campfire_upgraded":7,"win_rate":0.0,"timestamp":1613542155,"path_taken":["M","?","?","M","M","E","M","R","T","E","M","?","?","E","R","BOSS","M","M","?","$","M","R","M","M","T","M","M","R","?","E","R","BOSS","M","$","M","?","?","R","E","?","T","E","R","?","R","$","R","BOSS","R","$","E","BOSS"],"items_purchased_type":["Card","Card","Potion","Card","Card","Relic","Relic","Card","Potion"],"build_version":"2020-12-22","purchased_purges":3,"victory":true,"max_hp_per_floor":[70,70,70,70,70,70,70,70,70,70,70,70,70,70,70,70,75,75,75,75,75,75,75,75,75,75,75,75,75,75,75,75,75,75,75,75,75,75,75,75,75,75,75,75,75,75,75,75,75,75,75,75,75,75,75],"card_choices":[{"not_picked":["Dodge and Roll","Prepared"],"picked":"Acrobatics","floor":1},{"not_picked":["Flying Knee","Prepared"],"picked":"Bullet Time","floor":4},{"not_picked":["Dodge and Roll","hubris:TrickCloak"],"picked":"Blade Dance","floor":5},{"not_picked":["Deflect","Quick Slash"],"picked":"Dash","floor":6},{"not_picked":["Predator","Deadly Poison","Flying Knee"],"picked":"SKIP","floor":7},{"not_picked":["Acrobatics","StuffTheSpire:Python"],"picked":"Blade Dance","floor":10},{"not_picked":["Prepared","StuffTheSpire:ReptileScales"],"picked":"Acrobatics","floor":11},{"not_picked":["Slice","Flechettes"],"picked":"Prepared","floor":14},{"not_picked":["Atom Bomb","ReplayTheSpireMod:From All Sides"],"picked":"After Image","floor":16},{"not_picked":["Dagger Throw","Sucker Punch"],"picked":"All Out Attack","floor":17},{"not_picked":["Sneak Up","StuffTheSpire:Python","StuffTheSpire:BumpUp"],"picked":"SKIP","floor":18},{"not_picked":["StuffTheSpire:Fury","StuffTheSpire:ClusterCrunch+1","StuffTheSpire:Injection"],"picked":"SKIP","floor":19},{"not_picked":["Infinite Blades","Hidden Blade"],"picked":"Bullet Time","floor":22},{"not_picked":["Quick Slash","Footwork","Dodge and Roll+1"],"picked":"SKIP","floor":24},{"not_picked":["Sneak Up","Underhanded Strike","StuffTheSpire:BumpUp"],"picked":"SKIP","floor":25},{"not_picked":["StuffTheSpire:Injection","Dodge and Roll"],"picked":"Blade Dance","floor":27},{"not_picked":["StuffTheSpire:FinalStruggle","StuffTheSpire:Python+1","StuffTheSpire:Injection"],"picked":"SKIP","floor":28},{"not_picked":["Underhanded Strike+1","ReplayTheSpireMod:Speed Training+1","Glass Knife"],"picked":"SKIP","floor":31},{"not_picked":["After Image","ReplayTheSpireMod:Necrosis"],"picked":"Storm of Steel","floor":33},{"not_picked":["Bouncing Flask+1","Bane"],"picked":"Acrobatics+1","floor":35},{"not_picked":["Poisoned Stab","hubris:SlightOfHand","Sucker Punch+1"],"picked":"SKIP","floor":37},{"not_picked":["Flying Knee+1","hubris:Counter+1","Dagger Spray+1"],"picked":"SKIP","floor":38},{"not_picked":["Skewer","Crippling Poison","Outmaneuver+1"],"picked":"SKIP","floor":41},{"not_picked":["Hidden Blade+1","Tactician","Dagger Throw+1"],"picked":"SKIP","floor":44},{"not_picked":["Bullet Time","Infinite Blades","Bane"],"picked":"SKIP","floor":54}],"player_experience":1332896,"relics_obtained":[{"floor":6,"key":"Gremlin Food"},{"floor":9,"key":"Ornamental Fan"},{"floor":10,"key":"Snack Pack"},{"floor":14,"key":"conspire:TopHat"},{"floor":31,"key":"Onion Ring"},{"floor":32,"key":"halation:PrussianBluePaint"},{"floor":39,"key":"Ring of Misfortune"},{"floor":41,"key":"reliquary:PurpleTingedLeaf"},{"floor":42,"key":"conspire:Boomerang"},{"floor":43,"key":"hubris:SlimyHat"},{"floor":44,"key":"StuffTheSpire:ForceGauntlet"},{"floor":46,"key":"Juzu Bracelet"},{"floor":54,"key":"Letter Opener"}],"event_choices":[{"damage_healed":0,"gold_gain":75,"player_choice":"Gold","damage_taken":11,"max_hp_gain":0,"max_hp_loss":0,"event_name":"betterThird:BetterGoop","floor":2,"gold_loss":0},{"damage_healed":0,"gold_gain":0,"player_choice":"Invest 2","damage_taken":0,"max_hp_gain":0,"max_hp_loss":0,"event_name":"conspire:Investor","floor":3,"gold_loss":0},{"damage_healed":0,"gold_gain":57,"player_choice":"Gained Gold","damage_taken":0,"max_hp_gain":0,"max_hp_loss":0,"event_name":"Golden Wing","floor":13,"gold_loss":0},{"damage_healed":0,"gold_gain":200,"player_choice":"Gold","damage_taken":0,"max_hp_gain":0,"max_hp_loss":0,"event_name":"Wheel of Change","floor":20,"gold_loss":0},{"cards_removed":["Strike_G"],"damage_healed":0,"gold_gain":0,"player_choice":"Purged","damage_taken":0,"max_hp_gain":0,"max_hp_loss":0,"event_name":"Purifier","floor":30,"gold_loss":0},{"damage_healed":0,"gold_gain":0,"player_choice":"Fight","damage_taken":0,"max_hp_gain":0,"max_hp_loss":0,"event_name":"MindBloom","floor":42,"gold_loss":0}],"is_beta":false,"boss_relics":[{"not_picked":["SacredBark","halation:PinkAlligatorPlush"],"picked":"Tiny House"},{"not_picked":["aspiration:PoetsPen_weak","Ring of Chaos"],"picked":"ChewingGum"}],"items_purged_floors":[21,36,48],"is_endless":false,"potions_floor_spawned":[5,6,11,16,19,22,27,37,42,46],"ascension_level":0}}