{"host":"hw9lt6p3yhr90vz0","time":1613530249,"event":{"mods":["BaseMod","DeckTracker","Minty Spire (QoL Compilation)","Relic Stats"],"gold_per_floor":[119,131,146,156,166,166,198,212,235,263,275,275,294,304,304,403,403,414,432,448,381,391,426,426,443,493,524,623,640,640,658,658,761,761,780,780,780,790,721,746,746,777,777,777,777,777],"floor_reached":45,"language":"ENG","playtime":3653,"items_purged":[],"score":715,"play_id":"b583bd22-1b6d-4ee0-8b39-0de31f64591c","local_time":"20210216215049","is_ascension_mode":true,"campfire_choices":[{"data":"Perfected Strike","floor":6,"key":"SMITH"},{"floor":12,"key":"RECALL"},{"data":"Fire Breathing","floor":15,"key":"SMITH"},{"floor":24,"key":"REST"},{"floor":30,"key":"REST"},{"data":"Perfected Strike","floor":32,"key":"SMITH"},{"floor":41,"key":"REST"},{"floor":44,"key":"REST"}],"circlet_count":0,"master_deck":["Strike_R","Strike_R","Strike_R","Strike_R","Strike_R","Defend_R","Defend_R","Defend_R","Bash","Perfected Strike+1","Wild Strike","Wild Strike","Fire Breathing+1","Whirlwind","Wild Strike","Perfected Strike+1","Reckless Charge","Pommel Strike","Reckless Charge+1","Reckless Charge","Wild Strike","Perfected Strike","Evolve+1","Swift Strike","Deep Breath","Headbutt","Feel No Pain","Pommel Strike"],"relics":["Black Blood","Self Forming Clay","Vajra","Cursed Key","Omamori","Boot","Ancient Tea Set","Pen Nib","Turnip","Singing Bowl"],"acts_visited":["Exordium","TheCity","TheBeyond"],"potions_floor_usage":[7,16,16,29,38,38],"damage_taken":[{"damage":6,"enemies":"Cultist","floor":1,"turns":4},{"damage":7,"enemies":"Jaw Worm","floor":2,"turns":3},{"damage":10,"enemies":"Small Slimes","floor":3,"turns":3},{"damage":10,"enemies":"Exordium Wildlife","floor":4,"turns":4},{"damage":0,"enemies":"3 Louse","floor":5,"turns":2},{"damage":23,"enemies":"Lagavulin","floor":7,"turns":4},{"damage":13,"enemies":"Large Slime","floor":8,"turns":3},{"damage":16,"enemies":"Gremlin Nob","floor":10,"turns":3},{"damage":0,"enemies":"Looter","floor":11,"turns":1},{"damage":16,"enemies":"Exordium Thugs","floor":13,"turns":4},{"damage":14,"enemies":"Gremlin Gang","floor":14,"turns":3},{"damage":25,"enemies":"Hexaghost","floor":16,"turns":6},{"damage":1,"enemies":"Spheric Guardian","floor":18,"turns":3},{"damage":8,"enemies":"Shell Parasite","floor":19,"turns":3},{"damage":17,"enemies":"Centurion and Healer","floor":20,"turns":4},{"damage":4,"enemies":"3 Cultists","floor":22,"turns":4},{"damage":36,"enemies":"Gremlin Leader","floor":23,"turns":4},{"damage":0,"enemies":"Snake Plant","floor":25,"turns":1},{"damage":35,"enemies":"Slavers","floor":27,"turns":4},{"damage":2,"enemies":"Chosen and Byrds","floor":29,"turns":4},{"damage":15,"enemies":"Shelled Parasite and Fungi","floor":31,"turns":3},{"damage":35,"enemies":"Automaton","floor":33,"turns":6},{"damage":14,"enemies":"Orb Walker","floor":35,"turns":3},{"damage":26,"enemies":"3 Shapes","floor":38,"turns":5},{"damage":58,"enemies":"Nemesis","floor":40,"turns":4},{"damage":64,"enemies":"Reptomancer","floor":42,"turns":5},{"damage":94,"enemies":"Giant Head","floor":45,"turns":6}],"seed_played":"-6100582129908044038","potions_obtained":[{"floor":1,"key":"CultistPotion"},{"floor":3,"key":"Block Potion"},{"floor":10,"key":"FairyPotion"},{"floor":13,"key":"BlessingOfTheForge"},{"floor":16,"key":"SpeedPotion"},{"floor":22,"key":"Dexterity Potion"},{"floor":27,"key":"ColorlessPotion"},{"floor":33,"key":"BloodPotion"},{"floor":38,"key":"SpeedPotion"}],"is_trial":false,"path_per_floor":["M","M","M","M","M","R","E","M","T","E","M","R","M","M","R","B",null,"M","M","M","$","M","E","R","M","T","E","?","M","R","M","R","B",null,"M","?","?","M","$","E","R","E","T","R","E"],"character_chosen":"IRONCLAD","items_purchased":["Reckless Charge","Feel No Pain"],"campfire_rested":4,"item_purchase_floors":[21,39],"current_hp_per_floor":[80,79,75,71,77,77,60,53,53,43,49,49,39,31,31,12,69,74,72,61,61,63,33,59,65,65,36,36,40,66,57,57,28,73,71,66,66,69,69,23,49,38,38,64,0,0],"gold":777,"neow_bonus":"TEN_PERCENT_HP_BONUS","is_daily":false,"chose_seed":false,"campfire_upgraded":3,"win_rate":0.0,"timestamp":1613530249,"path_taken":["M","M","M","M","?","R","E","M","T","E","M","R","M","M","R","BOSS","M","M","M","$","M","E","R","M","T","E","?","M","R","M","R","BOSS","M","?","?","M","$","E","R","E","T","R","E"],"items_purchased_type":["Card","Card"],"build_version":"2020-12-22","purchased_purges":0,"victory":false,"max_hp_per_floor":[88,88,88,88,88,88,88,88,88,88,88,88,88,88,88,88,88,88,88,88,88,88,88,88,88,88,88,88,88,88,88,88,88,88,88,88,88,88,88,88,88,88,88,88,88,88],"relic_stats":{"Singing Bowl":0,"counters":[27,99],"Self Forming Clay":[171],"Black Blood":180,"Pen Nib":[3],"Turnip":[0],"Cursed Key":2,"Boot":[31],"obtain_stats":[{"Singing Bowl":43,"Self Forming Clay":7,"Vajra":10,"Black Blood":34,"Pen Nib":40,"Turnip":42,"Omamori":23,"Cursed Key":17,"Boot":26,"Ancient Tea Set":27,"Burning Blood":0},{"Singing Bowl":26,"Self Forming Clay":6,"Vajra":8,"Black Blood":22,"Pen Nib":25,"Turnip":26,"Omamori":17,"Cursed Key":12,"Boot":18,"Ancient Tea Set":19,"Burning Blood":0},{"Singing Bowl":93,"Self Forming Clay":20,"Vajra":26,"Black Blood":76,"Pen Nib":88,"Turnip":93,"Omamori":58,"Cursed Key":40,"Boot":59,"Ancient Tea Set":63,"Burning Blood":0}]},"card_choices":[{"not_picked":["Power Through","Evolve"],"picked":"Perfected Strike","floor":1},{"not_picked":["Sword Boomerang","Body Slam","Clothesline"],"picked":"SKIP","floor":2},{"not_picked":["Metallicize","Burning Pact"],"picked":"Wild Strike","floor":3},{"not_picked":["Thunderclap","Intimidate","Heavy Blade"],"picked":"SKIP","floor":4},{"not_picked":["Intimidate","Headbutt"],"picked":"Wild Strike","floor":5},{"not_picked":["Flame Barrier","Hemokinesis"],"picked":"Fire Breathing","floor":7},{"not_picked":["Cleave","Inflame"],"picked":"Whirlwind","floor":8},{"not_picked":["Body Slam","True Grit"],"picked":"Wild Strike","floor":10},{"not_picked":["Sentinel","Pommel Strike"],"picked":"Perfected Strike","floor":11},{"not_picked":["Barricade","Shrug It Off","Sever Soul"],"picked":"SKIP","floor":13},{"not_picked":["Headbutt","Second Wind"],"picked":"Reckless Charge","floor":14},{"not_picked":["True Grit+1","Combust"],"picked":"Pommel Strike","floor":18},{"not_picked":["Searing Blow+1","Warcry+1","Rupture"],"picked":"SKIP","floor":19},{"not_picked":["Iron Wave","Sever Soul"],"picked":"Reckless Charge+1","floor":20},{"not_picked":["Flame Barrier","Pummel","Cleave+1"],"picked":"SKIP","floor":22},{"not_picked":["Whirlwind","Iron Wave","Flame Barrier"],"picked":"SKIP","floor":23},{"not_picked":["Second Wind+1","Dark Embrace"],"picked":"Wild Strike","floor":25},{"not_picked":["Evolve","Whirlwind"],"picked":"Perfected Strike","floor":27},{"not_picked":["Exhume","Dropkick+1"],"picked":"Evolve+1","floor":29},{"not_picked":["Flex","Anger","Thunderclap+1"],"picked":"SKIP","floor":31},{"not_picked":["Havoc","Cleave","Evolve"],"picked":"SKIP","floor":35},{"not_picked":["Metamorphosis","Panacea"],"picked":"Swift Strike","floor":36},{"not_picked":["Transmutation","Good Instincts"],"picked":"Deep Breath","floor":36},{"not_picked":["Metallicize","Sword Boomerang"],"picked":"Headbutt","floor":38},{"not_picked":["Metallicize+1","Sentinel"],"picked":"Pommel Strike","floor":40},{"not_picked":["Combust","True Grit","Havoc"],"picked":"SKIP","floor":42}],"player_experience":1454281,"relics_obtained":[{"floor":7,"key":"Self Forming Clay"},{"floor":10,"key":"Vajra"},{"floor":23,"key":"Omamori"},{"floor":26,"key":"Boot"},{"floor":27,"key":"Ancient Tea Set"},{"floor":40,"key":"Pen Nib"},{"floor":42,"key":"Turnip"},{"floor":43,"key":"Singing Bowl"}],"event_choices":[{"damage_healed":0,"gold_gain":99,"player_choice":"Stole From Cult","damage_taken":0,"max_hp_gain":0,"max_hp_loss":0,"event_name":"Nest","floor":28,"gold_loss":0},{"damage_healed":0,"gold_gain":0,"player_choice":"Memory 2","damage_taken":5,"max_hp_gain":0,"max_hp_loss":0,"event_name":"SensoryStone","floor":36,"gold_loss":0},{"cards_removed":["Defend_R"],"damage_healed":0,"gold_gain":0,"player_choice":"Removed Skill","damage_taken":0,"max_hp_gain":0,"max_hp_loss":0,"event_name":"Falling","floor":37,"gold_loss":0}],"is_beta":false,"boss_relics":[{"not_picked":["Runic Cube","Philosopher\u0027s Stone"],"picked":"Cursed Key"},{"not_picked":["Tiny House","Runic Dome"],"picked":"Black Blood"}],"items_purged_floors":[],"is_endless":false,"potions_floor_spawned":[1,3,10,13,16,22,27,33,38],"killed_by":"Giant Head","ascension_level":6}}