{"host":"8rqsnaeml9gxb0kp","time":1613540009,"event":{"mods":["AchievementEnabler","BaseMod","Colored Powertips","Dark Map","Minty Spire (QoL Compilation)","Rare Cards Sparkle","Relic Stats","StSLib","slay the spire mod where everything is the same but ironclad has a cowboy hat"],"gold_per_floor":[109,122,141,153,153,153,176,47,72,111,129,153,153,196,196,292,292,317,317,97,97,97,133,133,158,158,172,172,172,0,16,16,110,110,129,149,1148,1148,1173,1206,531,554,602,45,63,82,82,141,141,141],"floor_reached":51,"language":"ENG","playtime":3364,"items_purged":["Injury","Normality","Normality"],"score":1360,"play_id":"2a4f0d5c-8e6b-4c59-bd38-a46ac7976578","local_time":"20210216213329","is_ascension_mode":true,"campfire_choices":[{"data":"Shockwave","floor":6.0,"key":"SMITH"},{"data":"Bash","floor":13.0,"key":"SMITH"},{"data":"Flame Barrier","floor":15.0,"key":"SMITH"},{"data":"True Grit","floor":24.0,"key":"SMITH"},{"floor":29.0,"key":"REST"},{"floor":32.0,"key":"REST"},{"floor":47.0,"key":"REST"},{"data":"Power Through","floor":49.0,"key":"SMITH"}],"circlet_count":0,"master_deck":["AscendersBane","Bash+1","Pommel Strike","Thunderclap","Shockwave+1","Reckless Charge","Flame Barrier+1","Power Through+1","Anger","Clothesline","Twin Strike+1","Juggernaut","Reaper","Flex+1","Exhume+1","Cleave","Clothesline+1","True Grit+1","Armaments+1","True Grit+1","Intimidate+1","Necronomicurse","Battle Trance+1","Double Tap+1","Warcry+1","Havoc+1","Shrug It Off+1","Infernal Blade+1","Reaper","Sever Soul+1","Wild Strike+1","Rampage+1","Flex+1","Pummel+1","Deep Breath+1","Parasite","Battle Trance+1","Intimidate+1","Reaper","Spot Weakness+1","Flex+1","Bloodletting+1","Feel No Pain"],"relics":["Burning Blood","Golden Idol","Vajra","Oddly Smooth Stone","Bag of Marbles","Pandora\u0027s Box","Sling","Toxic Egg 2","War Paint","Necronomicon","Orrery","Astrolabe","HornCleat","Red Skull","Lee\u0027s Waffle","Whetstone","Ornamental Fan","Orichalcum","Ice Cream"],"acts_visited":["Exordium","TheCity","TheBeyond"],"potions_floor_usage":[50,50],"damage_taken":[{"damage":6.0,"enemies":"Small Slimes","floor":1.0,"turns":5.0},{"damage":7.0,"enemies":"Jaw Worm","floor":2.0,"turns":4.0},{"damage":6.0,"enemies":"Cultist","floor":3.0,"turns":3.0},{"damage":8.0,"enemies":"Blue Slaver","floor":4.0,"turns":6.0},{"damage":27.0,"enemies":"Large Slime","floor":7.0,"turns":5.0},{"damage":19.0,"enemies":"3 Sentries","floor":10.0,"turns":6.0},{"damage":0.0,"enemies":"Red Slaver","floor":11.0,"turns":3.0},{"damage":6.0,"enemies":"2 Fungi Beasts","floor":12.0,"turns":2.0},{"damage":6.0,"enemies":"Gremlin Nob","floor":14.0,"turns":4.0},{"damage":39.0,"enemies":"The Guardian","floor":16.0,"turns":12.0},{"damage":27.0,"enemies":"Spheric Guardian","floor":18.0,"turns":7.0},{"damage":43.0,"enemies":"Slavers","floor":23.0,"turns":5.0},{"damage":30.0,"enemies":"3 Byrds","floor":25.0,"turns":3.0},{"damage":14.0,"enemies":"Centurion and Healer","floor":27.0,"turns":6.0},{"damage":23.0,"enemies":"Cultist and Chosen","floor":31.0,"turns":6.0},{"damage":69.0,"enemies":"Automaton","floor":33.0,"turns":10.0},{"damage":47.0,"enemies":"3 Shapes","floor":35.0,"turns":4.0},{"damage":21.0,"enemies":"3 Darklings","floor":36.0,"turns":5.0},{"damage":62.0,"enemies":"Writhing Mass","floor":39.0,"turns":9.0},{"damage":97.0,"enemies":"Reptomancer","floor":40.0,"turns":8.0},{"damage":15.0,"enemies":"Transient","floor":42.0,"turns":6.0},{"damage":11.0,"enemies":"3 Darklings","floor":45.0,"turns":3.0},{"damage":33.0,"enemies":"Sphere and 2 Shapes","floor":46.0,"turns":4.0},{"damage":14.0,"enemies":"2 Orb Walkers","floor":48.0,"turns":3.0},{"damage":97,"enemies":"Donu and Deca","floor":50,"turns":9}],"seed_played":"5937160878334812994","potions_obtained":[{"floor":4.0,"key":"LiquidBronze"},{"floor":11.0,"key":"SkillPotion"},{"floor":16.0,"key":"LiquidBronze"},{"floor":31.0,"key":"Swift Potion"},{"floor":33.0,"key":"LiquidMemories"},{"floor":35.0,"key":"Explosive Potion"},{"floor":39.0,"key":"EssenceOfSteel"},{"floor":40.0,"key":"DuplicationPotion"}],"is_trial":false,"path_per_floor":["M","M","M","M","?","R","M","$","T","E","M","M","R","E","R","B",null,"M","?","$","?","?","E","R","M","T","M","?","R","$","M","R","B",null,"M","M","?","?","M","E","$","M","T","$","M","M","R","?","R","B",null],"character_chosen":"IRONCLAD","items_purchased":["Block Potion","Sling","SteroidPotion","Orrery","Red Skull","Lee\u0027s Waffle","Reaper","Spot Weakness+1","Flex+1","Ornamental Fan","Orichalcum"],"campfire_rested":3,"item_purchase_floors":[8,20,20,30,41,41,41,41,41,44,44],"current_hp_per_floor":[75,74,74,72,72,72,51,51,51,38,44,44,44,44,44,11,64,50,50,50,50,50,56,56,59,59,64,43,67,67,50,74,25,68,77,82,82,82,59,66,89,80,80,80,89,62,88,80,80,63],"gold":141,"neow_bonus":"TEN_PERCENT_HP_BONUS","is_daily":false,"chose_seed":false,"campfire_upgraded":5,"win_rate":0.0,"timestamp":1613540009,"path_taken":["M","M","M","M","?","R","M","$","T","E","M","M","R","E","R","BOSS","M","?","?","?","?","E","R","?","T","M","?","R","$","M","R","BOSS","M","M","?","?","M","E","$","M","T","?","M","?","R","?","R","BOSS"],"items_purchased_type":["Potion","Relic","Potion","Relic","Relic","Relic","Card","Card","Card","Relic","Relic"],"build_version":"2020-12-22","purchased_purges":3,"victory":true,"max_hp_per_floor":[82,82,82,82,82,82,82,82,82,82,82,82,82,82,82,82,82,82,82,82,82,82,82,82,82,82,82,82,82,82,82,82,82,82,82,82,82,82,82,82,89,89,89,89,89,89,89,89,89,89],"relic_stats":{"Lee\u0027s Waffle":23,"counters":[25,138],"Golden Idol":155,"Ornamental Fan":[48],"Astrolabe":["Sever Soul","Wild Strike","Rampage"],"Pandora\u0027s Box":["Reaper","Flex","Exhume","Bludgeon","Rage","Thunderclap","Cleave","Clothesline","Carnage"],"Necronomicon":[37],"Whetstone":["Clothesline","Twin Strike"],"War Paint":["Exhume","Flex"],"Orichalcum":[12],"obtain_stats":[{"Ice Cream":48,"Lee\u0027s Waffle":41,"Golden Idol":5,"Astrolabe":34,"Vajra":9,"Oddly Smooth Stone":10,"Whetstone":43,"War Paint":23,"Orichalcum":44,"Sling":20,"Burning Blood":0,"HornCleat":40,"Ornamental Fan":44,"Orrery":30,"Pandora\u0027s Box":17,"Bag of Marbles":14,"Necronomicon":28,"Toxic Egg 2":22,"Red Skull":41},{"Ice Cream":24,"Lee\u0027s Waffle":20,"Golden Idol":4,"Astrolabe":16,"Vajra":5,"Oddly Smooth Stone":6,"Whetstone":21,"War Paint":12,"Orichalcum":21,"Sling":11,"Burning Blood":0,"HornCleat":20,"Ornamental Fan":21,"Orrery":14,"Pandora\u0027s Box":10,"Bag of Marbles":9,"Necronomicon":14,"Toxic Egg 2":11,"Red Skull":20},{"Ice Cream":129,"Lee\u0027s Waffle":113,"Golden Idol":18,"Astrolabe":87,"Vajra":23,"Oddly Smooth Stone":29,"Whetstone":119,"War Paint":62,"Orichalcum":119,"Sling":57,"Burning Blood":0,"HornCleat":113,"Ornamental Fan":119,"Orrery":71,"Pandora\u0027s Box":50,"Bag of Marbles":38,"Necronomicon":71,"Toxic Egg 2":57,"Red Skull":113}],"Burning Blood":138},"card_choices":[{"not_picked":["Warcry","Armaments"],"picked":"Pommel Strike","floor":1.0},{"not_picked":["Shrug It Off","Havoc"],"picked":"Thunderclap","floor":2.0},{"not_picked":["Pommel Strike","Clash"],"picked":"Shockwave","floor":3.0},{"not_picked":["Body Slam","Perfected Strike"],"picked":"Reckless Charge","floor":4.0},{"not_picked":["Flex","Carnage"],"picked":"Flame Barrier","floor":7.0},{"not_picked":["Body Slam","Burning Pact"],"picked":"Power Through","floor":10.0},{"not_picked":["Feel No Pain","Sword Boomerang"],"picked":"Anger","floor":11.0},{"not_picked":["Juggernaut","Heavy Blade"],"picked":"Clothesline","floor":12.0},{"not_picked":["Clothesline","Brutality"],"picked":"Twin Strike","floor":14.0},{"not_picked":["Impervious","Double Tap"],"picked":"Juggernaut","floor":16.0},{"not_picked":["Whirlwind","Heavy Blade"],"picked":"True Grit","floor":18.0},{"not_picked":["Blood for Blood","Fire Breathing"],"picked":"Armaments+1","floor":23.0},{"not_picked":["Body Slam","Sever Soul"],"picked":"True Grit+1","floor":25.0},{"not_picked":["Thunderclap","Flex+1"],"picked":"Intimidate+1","floor":27.0},{"not_picked":["Iron Wave","Dropkick"],"picked":"Battle Trance+1","floor":30.0},{"not_picked":["Entrench+1","Headbutt"],"picked":"Double Tap+1","floor":30.0},{"not_picked":["Wild Strike","Combust"],"picked":"Warcry+1","floor":30.0},{"not_picked":["Pummel","Thunderclap"],"picked":"Havoc+1","floor":30.0},{"not_picked":["Feed","Thunderclap"],"picked":"Shrug It Off+1","floor":30.0},{"not_picked":["Shrug It Off+1","Spot Weakness+1"],"picked":"Infernal Blade+1","floor":31.0},{"not_picked":["Demon Form","Corruption"],"picked":"Reaper","floor":33.0},{"not_picked":["Combust","Perfected Strike"],"picked":"Flex+1","floor":35.0},{"not_picked":["Wild Strike","Bloodletting+1"],"picked":"Pummel+1","floor":36.0},{"not_picked":["Mind Blast","Madness+1"],"picked":"Deep Breath+1","floor":38.0},{"not_picked":["Pummel","Havoc+1"],"picked":"Battle Trance+1","floor":39.0},{"not_picked":["Battle Trance+1","Seeing Red+1"],"picked":"Intimidate+1","floor":40.0},{"not_picked":["Infernal Blade+1","Clothesline+1"],"picked":"Bloodletting+1","floor":42.0},{"not_picked":["Pommel Strike","Perfected Strike+1","Sever Soul"],"picked":"SKIP","floor":45.0},{"not_picked":["Pommel Strike","Perfected Strike+1","Sever Soul"],"picked":"SKIP","floor":45.0},{"not_picked":["Heavy Blade","Pummel"],"picked":"Feel No Pain","floor":46.0}],"player_experience":263866,"relics_obtained":[{"floor":9.0,"key":"Vajra"},{"floor":10.0,"key":"Oddly Smooth Stone"},{"floor":14.0,"key":"Bag of Marbles"},{"floor":23.0,"key":"War Paint"},{"floor":28.0,"key":"Necronomicon"},{"floor":40.0,"key":"HornCleat"},{"floor":43.0,"key":"Whetstone"},{"floor":48.0,"key":"Ice Cream"}],"event_choices":[{"damage_healed":0.0,"max_hp_gain":0.0,"max_hp_loss":0.0,"gold_gain":0.0,"event_name":"Golden Idol","player_choice":"Take Wound","floor":5.0,"gold_loss":0.0,"damage_taken":0.0,"relics_obtained":["Golden Idol"],"cards_obtained":["Injury"]},{"damage_healed":0.0,"max_hp_gain":0.0,"max_hp_loss":0.0,"gold_gain":0.0,"cards_transformed":["Rage"],"event_name":"Transmorgrifier","player_choice":"Transformed","floor":19.0,"gold_loss":0.0,"damage_taken":0.0,"cards_obtained":["Rampage"]},{"damage_healed":0.0,"max_hp_gain":0.0,"max_hp_loss":0.0,"gold_gain":0.0,"event_name":"Ghosts","player_choice":"Ignored","floor":21.0,"gold_loss":0.0,"damage_taken":0.0},{"cards_removed":["Carnage"],"damage_healed":0.0,"max_hp_gain":0.0,"max_hp_loss":0.0,"gold_gain":0.0,"event_name":"WeMeetAgain","player_choice":"Gave Card","floor":22.0,"gold_loss":0.0,"damage_taken":0.0,"relics_obtained":["Toxic Egg 2"]},{"damage_healed":0.0,"max_hp_gain":0.0,"max_hp_loss":0.0,"gold_gain":0.0,"event_name":"Cursed Tome","player_choice":"Obtained Book","floor":28.0,"gold_loss":0.0,"damage_taken":21.0},{"damage_healed":0.0,"max_hp_gain":0.0,"max_hp_loss":0.0,"gold_gain":999.0,"event_name":"MindBloom","player_choice":"Gold","floor":37.0,"gold_loss":0.0,"damage_taken":0.0,"cards_obtained":["Normality","Normality"]},{"damage_healed":0.0,"max_hp_gain":0.0,"max_hp_loss":0.0,"gold_gain":0.0,"event_name":"SensoryStone","player_choice":"Memory 1","floor":38.0,"gold_loss":0.0,"damage_taken":0.0},{"damage_healed":0.0,"max_hp_gain":0.0,"max_hp_loss":0.0,"gold_gain":0.0,"event_name":"Mysterious Sphere","player_choice":"Fight","floor":48.0,"gold_loss":0.0,"damage_taken":0.0}],"is_beta":false,"boss_relics":[{"not_picked":["Runic Cube","Cursed Key"],"picked":"Pandora\u0027s Box"},{"not_picked":["Snecko Eye","Sozu"],"picked":"Astrolabe"}],"items_purged_floors":[8,41,44],"is_endless":false,"potions_floor_spawned":[4,11,16,31,33,35,39,40,48],"ascension_level":19}}