{"host":"8eqe2o2g03nh9rfw","time":1613586898,"event":{"mods":["AchievementEnabler","AlwaysNeverKeys","BaseMod","Better Third Choice","Block Reminder","Colored Map","Colored Powertips","GifTheSpireLib","Minty Spire (QoL Compilation)","Permanent Neow","Quick Restart","StSLib","Weighted Paths"],"gold_per_floor":[109,35,52,72,72,72,83,83,83,83,44,44,78,98,98,98,98],"floor_reached":16,"language":"ENG","playtime":1491,"items_purged":[],"score":125,"play_id":"431adf44-8a3f-4898-88ab-f5b39e19460e","local_time":"20210217133458","is_ascension_mode":false,"campfire_choices":[{"data":"Inflame","floor":6.0,"key":"SMITH"},{"floor":8.0,"key":"RECALL"},{"data":"Seeing Red","floor":10.0,"key":"SMITH"},{"data":"Infernal Blade","floor":12.0,"key":"SMITH"},{"floor":15.0,"key":"REST"}],"circlet_count":0,"master_deck":["Strike_R","Strike_R","Strike_R","Strike_R","Strike_R","Defend_R","Defend_R","Defend_R","Defend_R","Bash","Flex","Iron Wave","Havoc","Infernal Blade+1","Inflame+1","Seeing Red+1","Rupture","Dark Embrace","Cleave"],"relics":["Burning Blood","Strawberry","Smiling Mask"],"acts_visited":["Exordium"],"potions_floor_usage":[],"damage_taken":[{"damage":5.0,"enemies":"Small Slimes","floor":1.0,"turns":4.0},{"damage":0.0,"enemies":"Cultist","floor":3.0,"turns":4.0},{"damage":11.0,"enemies":"Jaw Worm","floor":4.0,"turns":2.0},{"damage":10.0,"enemies":"2 Fungi Beasts","floor":7.0,"turns":3.0},{"damage":40.0,"enemies":"Gremlin Nob","floor":13.0,"turns":4.0},{"damage":9.0,"enemies":"3 Louse","floor":14.0,"turns":5.0},{"damage":88,"enemies":"Hexaghost","floor":16,"turns":11}],"seed_played":"-7692396475507511111","potions_obtained":[{"floor":4.0,"key":"Dexterity Potion"},{"floor":14.0,"key":"Energy Potion"}],"is_trial":false,"path_per_floor":["M","$","M","M","?","R","M","R","T","R","$","R","E","M","R","B"],"character_chosen":"IRONCLAD","items_purchased":["Iron Wave","Havoc","Rupture"],"campfire_rested":1,"item_purchase_floors":[2,2,11],"current_hp_per_floor":[80,80,80,75,90,90,86,86,93,93,93,93,59,56,85,0,0],"gold":98,"neow_bonus":"ONE_RANDOM_RARE_CARD","is_daily":false,"chose_seed":false,"campfire_upgraded":3,"win_rate":0.0,"timestamp":1613586898,"path_taken":["M","$","M","M","?","R","M","R","T","R","?","R","E","M","R","BOSS"],"items_purchased_type":["Card","Card","Card"],"build_version":"2020-12-22","purchased_purges":0,"victory":false,"max_hp_per_floor":[80,80,80,80,90,90,90,90,97,97,97,97,97,97,97,97,97],"card_choices":[{"not_picked":["Pommel Strike","Havoc"],"picked":"Flex","floor":1.0},{"not_picked":["Perfected Strike","Rampage"],"picked":"Infernal Blade","floor":3.0},{"not_picked":["Sentinel","Shrug It Off"],"picked":"Inflame","floor":4.0},{"not_picked":["Pummel","Havoc"],"picked":"Seeing Red","floor":7.0},{"not_picked":["Power Through","Clash"],"picked":"Dark Embrace","floor":13.0},{"not_picked":["Twin Strike","Burning Pact"],"picked":"Cleave","floor":14.0}],"player_experience":141027,"relics_obtained":[{"floor":9.0,"key":"Strawberry"},{"floor":13.0,"key":"Smiling Mask"}],"event_choices":[{"cards_removed":["Corruption"],"damage_healed":5.0,"max_hp_gain":10.0,"max_hp_loss":0.0,"gold_gain":0.0,"event_name":"Bonfire Elementals","player_choice":"Offered Rare","floor":5.0,"gold_loss":0.0,"damage_taken":0.0}],"is_beta":false,"boss_relics":[],"items_purged_floors":[],"is_endless":false,"potions_floor_spawned":[3,4,14],"killed_by":"Hexaghost","ascension_level":0}}