{"host":"wq0pzln9h9r005f2","time":1613588579,"event":{"mods":["AchievementEnabler","BaseMod","BetterRewards","Googly Eyes","Highlight Path","Minty Spire (QoL Compilation)","Permanent Neow","Quick Restart","Rare Cards Sparkle","Relic Stats","StSLib","SuperFastMode","The Hierophant","The IronCluck","egg"],"gold_per_floor":[116,116,116,41,51,84,84,84,84,84,110,139,155,155,155,155,155],"floor_reached":16,"language":"ENG","playtime":502,"items_purged":["Regret"],"score":180,"play_id":"5faaf2e7-f60e-4f52-8fb0-07b5a49ff2e1","local_time":"20210217120259","is_ascension_mode":true,"campfire_choices":[{"data":"Limit Break","floor":7,"key":"SMITH"},{"floor":10,"key":"REST"},{"floor":15,"key":"REST"}],"circlet_count":0,"master_deck":["AscendersBane","Strike_R+1","Strike_R","Strike_R","Strike_R","Strike_R","Defend_R","Defend_R","Defend_R","Defend_R+1","Bash","Fiend Fire","Inflame","Iron Wave","Limit Break+1","Armaments","Warcry","Heavy Blade"],"relics":["Burning Blood","Centennial Puzzle","Shuriken","Dream Catcher","Regal Pillow","Sundial","Odd Mushroom","White Beast Statue"],"acts_visited":["Exordium"],"potions_floor_usage":[11,12,16,16],"damage_taken":[{"damage":1,"enemies":"Small Slimes","floor":1,"turns":3},{"damage":2,"enemies":"Jaw Worm","floor":5,"turns":2},{"damage":46,"enemies":"Lagavulin","floor":6,"turns":10},{"damage":29,"enemies":"3 Sentries","floor":11,"turns":7},{"damage":25,"enemies":"The Mushroom Lair","floor":12,"turns":4},{"damage":3,"enemies":"2 Louse","floor":13,"turns":3},{"damage":71,"enemies":"Hexaghost","floor":16,"turns":10}],"seed_played":"6697343302522698205","potions_obtained":[{"floor":1,"key":"Regen Potion"},{"floor":6,"key":"Fruit Juice"},{"floor":11,"key":"Explosive Potion"},{"floor":12,"key":"Weak Potion"}],"is_trial":false,"path_per_floor":["M","?","?","$","M","E","R","T","T","R","E","?","M","T","R","B"],"character_chosen":"IRONCLAD","items_purchased":[],"campfire_rested":2,"item_purchase_floors":[],"current_hp_per_floor":[73,58,58,58,62,22,22,22,22,59,41,22,25,25,64,0,0],"gold":155,"neow_bonus":"ONE_RANDOM_RARE_CARD","is_daily":false,"chose_seed":false,"campfire_upgraded":1,"win_rate":0.0,"timestamp":1613588579,"path_taken":["M","?","?","$","M","E","R","?","T","R","E","?","M","?","R","BOSS"],"items_purchased_type":[],"build_version":"2020-12-22","purchased_purges":1,"victory":false,"max_hp_per_floor":[75,75,75,75,75,75,75,75,75,75,80,80,80,80,80,80,80],"relic_stats":{"Centennial Puzzle":[18],"Dream Catcher":2,"Regal Pillow":30,"counters":[11,52],"Shuriken":[2],"Sundial":[4],"obtain_stats":[{"Centennial Puzzle":3,"Dream Catcher":8,"Regal Pillow":9,"Shuriken":6,"Sundial":11,"hierophant:PropheticMaskRelic":0,"Molten Egg 2":6,"Odd Mushroom":12,"White Beast Statue":14},{"Centennial Puzzle":5,"Dream Catcher":7,"Regal Pillow":7,"Shuriken":7,"Sundial":8,"hierophant:PropheticMaskRelic":0,"Molten Egg 2":4,"Odd Mushroom":9,"White Beast Statue":10},{"Centennial Puzzle":16,"Dream Catcher":28,"Regal Pillow":28,"Shuriken":28,"Sundial":35,"hierophant:PropheticMaskRelic":0,"Molten Egg 2":13,"Odd Mushroom":39,"White Beast Statue":42}],"Burning Blood":36},"card_choices":[{"not_picked":["Sentinel","Wild Strike"],"picked":"Inflame","floor":1},{"not_picked":["Body Slam","Uppercut"],"picked":"Iron Wave","floor":5},{"not_picked":["Shrug It Off","Twin Strike"],"picked":"Limit Break","floor":6},{"not_picked":["Sword Boomerang","Wild Strike"],"picked":"Armaments","floor":11},{"not_picked":["Havoc","Bloodletting"],"picked":"Warcry","floor":12},{"not_picked":["Cleave","Headbutt"],"picked":"Heavy Blade","floor":13}],"player_experience":118204,"relics_obtained":[{"floor":6,"key":"Shuriken"},{"floor":8,"key":"Dream Catcher"},{"floor":9,"key":"Regal Pillow"},{"floor":11,"key":"Sundial"},{"floor":12,"key":"Odd Mushroom"},{"floor":14,"key":"White Beast Statue"}],"event_choices":[{"damage_healed":0,"gold_gain":0,"player_choice":"Entered Light","damage_taken":15,"max_hp_gain":0,"max_hp_loss":0,"event_name":"Shining Light","floor":2,"gold_loss":0,"cards_upgraded":["Strike_R","Defend_R"]},{"damage_healed":0,"gold_gain":0,"player_choice":"Box","damage_taken":0,"relics_obtained":["Centennial Puzzle"],"max_hp_gain":0,"max_hp_loss":0,"event_name":"Big Fish","floor":3,"gold_loss":0,"cards_obtained":["Regret"]},{"damage_healed":0,"gold_gain":0,"player_choice":"Fought Mushrooms","damage_taken":0,"max_hp_gain":0,"max_hp_loss":0,"event_name":"Mushrooms","floor":12,"gold_loss":0}],"is_beta":false,"boss_relics":[],"items_purged_floors":[4],"is_endless":false,"potions_floor_spawned":[1,6,11,12],"killed_by":"Hexaghost","ascension_level":14}}