{"host":"blhqr6uo32maonpv","time":1613551278,"event":{"mods":["BaseMod","Conspire","Downfall","Minty Spire (QoL Compilation)","StSLib","The Bug Knight","The Marked"],"gold_per_floor":[114,114,134,149,159,193,193,203,276,289,289,322,110,35,35,165,165,184,197,9,9,9,45,45,60,106,106,106,106],"floor_reached":28,"language":"ENG","playtime":1291,"items_purged":[],"score":238,"play_id":"5315b5d0-f132-4607-9f04-006bf6ed49f2","local_time":"20210217044118","is_ascension_mode":false,"campfire_choices":[{"data":"HollowMod:FocusHealStart","floor":7,"key":"SMITH"},{"floor":15,"key":"REST"},{"floor":24,"key":"REST"},{"floor":27,"key":"REST"}],"circlet_count":0,"master_deck":["HollowMod:NailStrikeStart","HollowMod:NailStrikeStart","HollowMod:QuickDashStart","HollowMod:QuickDashStart","HollowMod:QuickDashStart","HollowMod:QuickDashStart","HollowMod:FocusHealStart+1","HollowMod:PogoStrike","HollowMod:DoubleDash","HollowMod:InfectionAssault","HollowMod:GreatSlash","HollowMod:LifebloodCocoon","HollowMod:SoulStrike","HollowMod:CycloneSlash+1","HollowMod:PureNailStrike+1","HollowMod:DashSlash+1","HollowMod:ChannelNail","HollowMod:CloakDash","HollowMod:FallenFury+1","HollowMod:PureVessel","HollowMod:GrimmsGift+1","HollowMod:CornifersMapStart","HollowMod:BlackTendrils+1","HollowMod:LordofShades","HollowMod:DashSlash+1"],"relics":["HollowMod:VesselMask","NeowsBlessing","Molten Egg 2","InkBottle","Golden Idol","WingedGreaves","Membership Card","Philosopher\u0027s Stone","FossilizedHelix","Ancient Tea Set","conspire:TopHat"],"acts_visited":["Exordium","TheCity"],"potions_floor_usage":[5,10,16,19],"damage_taken":[{"damage":0,"enemies":"2 Louse","floor":1,"turns":1},{"damage":0,"enemies":"Cultist","floor":3,"turns":1},{"damage":0,"enemies":"Small Slimes","floor":4,"turns":1},{"damage":8,"enemies":"2 Fungi Beasts","floor":5,"turns":5},{"damage":30,"enemies":"3 Sentries","floor":6,"turns":6},{"damage":4,"enemies":"Large Slime","floor":8,"turns":8},{"damage":4,"enemies":"Exordium Thugs","floor":10,"turns":4},{"damage":23,"enemies":"conspire:MimicChest","floor":12,"turns":8},{"damage":42,"enemies":"HollowMod:FalseKnight","floor":16,"turns":12},{"damage":4,"enemies":"3 Byrds","floor":18,"turns":4},{"damage":0,"enemies":"Spheric Guardian","floor":19,"turns":3},{"damage":80,"enemies":"Slavers","floor":23,"turns":6},{"damage":33,"enemies":"Centurion and Healer","floor":25,"turns":5},{"damage":43,"enemies":"Sentry and Sphere","floor":28,"turns":5}],"seed_played":"-8063529954796072225","potions_obtained":[{"floor":1,"key":"Weak Potion"},{"floor":8,"key":"ColorlessPotion"},{"floor":12,"key":"LiquidBronze"},{"floor":18,"key":"ColorlessPotion"},{"floor":25,"key":"Energy Potion"}],"is_trial":false,"path_per_floor":["M","?","M","M","M","E","R","M","T","M","?","?","$","?","R","B",null,"M","M","$","?","?","E","R","M","T","R","M"],"character_chosen":"THE_BUGKNIGHT","items_purchased":["HollowMod:CloakDash","Membership Card","HollowMod:FallenFury+1","FossilizedHelix","HollowMod:BlackTendrils+1"],"campfire_rested":3,"item_purchase_floors":[13,13,13,20,20],"current_hp_per_floor":[75,75,75,75,73,49,49,55,55,57,39,26,26,31,55,23,80,76,76,76,76,76,9,33,9,9,33,0,0],"gold":106,"neow_bonus":"THREE_ENEMY_KILL","is_daily":false,"chose_seed":false,"campfire_upgraded":1,"win_rate":0.0,"timestamp":1613551278,"path_taken":["M","?","?","?","M","E","R","M","T","M","?","?","$","?","R","BOSS","M","M","$","?","?","E","R","?","T","R","M"],"items_purchased_type":["Card","Relic","Card","Relic","Card"],"build_version":"2020-12-22","purchased_purges":0,"victory":false,"max_hp_per_floor":[75,75,75,75,75,75,75,75,75,75,75,75,75,80,80,80,80,80,80,80,80,80,80,80,80,80,80,80,80],"card_choices":[{"not_picked":["HollowMod:BlackTendrils","HollowMod:DescendingDark"],"picked":"HollowMod:DoubleDash","floor":1},{"not_picked":["HollowMod:DungDefenderAura","HollowMod:CoiledNail"],"picked":"HollowMod:GreatSlash","floor":3},{"not_picked":["HollowMod:SharpenedShadows","HollowMod:NewLittleFool"],"picked":"HollowMod:LifebloodCocoon","floor":4},{"not_picked":["HollowMod:AbyssShriek","HollowMod:MawleksShell"],"picked":"HollowMod:SoulStrike","floor":5},{"not_picked":["HollowMod:DesolateDive+1","HollowMod:CoiledNail+1"],"picked":"HollowMod:CycloneSlash+1","floor":6},{"not_picked":["HollowMod:GrimmsGift","HollowMod:SoulSplash"],"picked":"HollowMod:PureNailStrike+1","floor":8},{"not_picked":["HollowMod:CycloneSlash+1","HollowMod:Hiveblood"],"picked":"HollowMod:DashSlash+1","floor":10},{"not_picked":["HollowMod:DashSlash+1","HollowMod:PureNailStrike+1"],"picked":"HollowMod:ChannelNail","floor":12},{"not_picked":["HollowMod:NewInfectedGuardian","HollowMod:ElderbugsWisdom"],"picked":"HollowMod:PureVessel","floor":16},{"not_picked":["HollowMod:DoubleDash+1","HollowMod:BaldurShell"],"picked":"HollowMod:GrimmsGift+1","floor":18},{"not_picked":["HollowMod:NewLittleFool+1","HollowMod:BaldurShell"],"picked":"HollowMod:CornifersMapStart","floor":19},{"not_picked":["HollowMod:DoubleDash","HollowMod:SiblingsShadow+1"],"picked":"HollowMod:LordofShades","floor":23},{"not_picked":["HollowMod:InfectedCysts+1","HollowMod:ChannelNail+1"],"picked":"HollowMod:DashSlash+1","floor":25}],"player_experience":28213,"relics_obtained":[{"floor":6,"key":"Molten Egg 2"},{"floor":9,"key":"InkBottle"},{"floor":12,"key":"WingedGreaves"},{"floor":23,"key":"Ancient Tea Set"},{"floor":26,"key":"conspire:TopHat"}],"event_choices":[{"damage_healed":0,"gold_gain":0,"cards_transformed":["HollowMod:NailStrikeStart"],"player_choice":"Transformed","damage_taken":0,"max_hp_gain":0,"max_hp_loss":0,"event_name":"Transmorgrifier","floor":2,"gold_loss":0,"cards_obtained":["HollowMod:InfectionAssault"]},{"damage_healed":0,"gold_gain":0,"player_choice":"Take Damage","damage_taken":18,"relics_obtained":["Golden Idol"],"max_hp_gain":0,"max_hp_loss":0,"event_name":"Golden Idol","floor":11,"gold_loss":0},{"cards_removed":["HollowMod:NailStrikeStart"],"damage_healed":0,"gold_gain":0,"player_choice":"Purged","damage_taken":0,"max_hp_gain":0,"max_hp_loss":0,"event_name":"Purifier","floor":22,"gold_loss":0}],"is_beta":false,"boss_relics":[{"not_picked":["Velvet Choker","Snecko Eye"],"picked":"Philosopher\u0027s Stone"}],"items_purged_floors":[],"is_endless":false,"potions_floor_spawned":[1,8,12,18,25],"killed_by":"Sentry and Sphere","ascension_level":0}}