{"host":"mhzgc0zma59jtmoj","time":1613548815,"event":{"mods":["BaseMod","BetterRewards","Custom Start","Glutton Mod","Ironclad Rager","Minty Spire (QoL Compilation)","Replay The Spire","Somnambulant","StSLib","The Cursed","The Hierophant","The Jungle","Treasure Hunter"],"gold_per_floor":[160,85,105,105,123,123,137,137,137,150,150,169,119,140,140,259,259,275,175,175,198,216,251,271,284,354,373,411,411,436,454,454,580,580,605,177,198,219,234,275,291,326,326,367,382,402,402,282,282,282],"floor_reached":51,"language":"ENG","playtime":2904,"items_purged":["Prepared","Dagger Spray","Quick Slash","Cloak And Dagger"],"score":829,"play_id":"8052ffd3-d639-4c58-b32f-4b912e7631c0","local_time":"20210217030015","daily_mods":["SealedDeck"],"is_ascension_mode":false,"campfire_choices":[{"data":"Concentrate","floor":6,"key":"SMITH"},{"data":"Reflex","floor":8,"key":"SMITH"},{"data":"Hidden Blade","floor":11,"key":"SMITH"},{"data":"Hidden Blade","floor":15,"key":"SMITH"},{"data":"A Thousand Cuts","floor":29,"key":"SMITH"},{"data":"Accuracy","floor":32,"key":"SMITH"},{"data":"Slice","floor":47,"key":"SMITH"},{"data":"Slice","floor":49,"key":"SMITH"}],"circlet_count":0,"master_deck":["Concentrate+1","Cloak And Dagger","Hidden Blade+1","Hidden Blade+1","Slice+1","Slice+1","Accuracy+1","Reflex+1","A Thousand Cuts+1"],"relics":["Ring of the Snake","Golden Idol","Regal Pillow","Replay:Grab Bag","Busted Crown","Replay:Cursed D8","Black Star","Bottled Tornado","Replay:Bottled Steam","The Courier","Question Card","Sozu","Sling","ReplayTheSpireMod:Ninjato","Pocketwatch","Bag of Marbles","HornCleat","Ornamental Fan","Nunchaku","Oddly Smooth Stone"],"acts_visited":["Exordium","TheCity","TheBeyond"],"potions_floor_usage":[],"damage_taken":[{"damage":0,"enemies":"Small Slimes","floor":1,"turns":1},{"damage":0,"enemies":"Jaw Worm","floor":3,"turns":2},{"damage":0,"enemies":"2 Louse","floor":5,"turns":1},{"damage":0,"enemies":"Exordium Wildlife","floor":7,"turns":2},{"damage":0,"enemies":"Large Slime","floor":10,"turns":2},{"damage":0,"enemies":"Looter","floor":12,"turns":2},{"damage":0,"enemies":"Blue Slaver","floor":14,"turns":1},{"damage":0,"enemies":"The Guardian","floor":16,"turns":1},{"damage":0,"enemies":"3 Byrds","floor":18,"turns":1},{"damage":0,"enemies":"Chosen","floor":21,"turns":1},{"damage":0,"enemies":"Shelled Parasite and Fungi","floor":22,"turns":1},{"damage":0,"enemies":"Slavers","floor":23,"turns":1},{"damage":0,"enemies":"Snake Plant","floor":24,"turns":1},{"damage":0,"enemies":"Sentry and Sphere","floor":25,"turns":1},{"damage":0,"enemies":"Centurion and Healer","floor":27,"turns":1},{"damage":0,"enemies":"Gremlin Leader","floor":28,"turns":1},{"damage":0,"enemies":"Snecko","floor":30,"turns":1},{"damage":0,"enemies":"Shelled Parasite and Fungi","floor":31,"turns":1},{"damage":0,"enemies":"Pondfish","floor":33,"turns":2},{"damage":0,"enemies":"Orb Walker","floor":35,"turns":1},{"damage":0,"enemies":"3 Darklings","floor":37,"turns":1},{"damage":18,"enemies":"Sphere and 2 Shapes","floor":38,"turns":1},{"damage":0,"enemies":"Transient","floor":39,"turns":1},{"damage":0,"enemies":"R_Hoarder","floor":40,"turns":4},{"damage":0,"enemies":"Spire Growth","floor":41,"turns":1},{"damage":0,"enemies":"Giant Head","floor":42,"turns":1},{"damage":3,"enemies":"R_Hoarder","floor":44,"turns":7},{"damage":0,"enemies":"Writhing Mass","floor":45,"turns":1},{"damage":0,"enemies":"Transient","floor":46,"turns":1},{"damage":0,"enemies":"Replay:Hell Engine","floor":50,"turns":1}],"seed_played":"-5971652212028529344","potions_obtained":[{"floor":3,"key":"Weak Potion"},{"floor":5,"key":"LifebloodPotion"},{"floor":10,"key":"SpeedPotion"}],"is_trial":true,"path_per_floor":["M","$","M","?","M","R","M","R","T","M","R","M","?","M","R","B",null,"M","$","?","M","M","E","M","M","T","M","E","R","M","M","R","B",null,"M","$","M","M","M","E","M","E","T","E","M","M","R","$","R","B",null],"character_chosen":"THE_SILENT","items_purchased":["Sling","ReplayTheSpireMod:Ninjato"],"campfire_rested":0,"item_purchase_floors":[36,36],"current_hp_per_floor":[70,70,70,65,65,65,65,65,65,65,65,65,65,65,65,65,65,65,65,65,65,65,65,65,65,65,65,65,65,65,65,65,65,65,65,65,65,47,47,47,47,47,47,44,44,44,44,44,44,44],"gold":282,"neow_bonus":"","is_daily":false,"chose_seed":false,"campfire_upgraded":8,"win_rate":0.0,"timestamp":1613548815,"path_taken":["M","$","M","?","M","R","M","R","T","M","R","M","?","M","R","BOSS","M","$","?","M","M","E","M","M","T","M","E","R","M","M","R","BOSS","M","$","M","M","M","E","M","E","T","E","M","M","R","$","R","BOSS"],"items_purchased_type":["Relic","Relic"],"build_version":"2020-12-22","purchased_purges":4,"victory":true,"max_hp_per_floor":[70,70,70,65,65,65,65,65,65,65,65,65,65,65,65,65,65,65,65,65,65,65,65,65,65,65,65,65,65,65,65,65,65,65,65,65,65,65,65,65,65,65,65,65,65,65,65,65,65,65],"card_choices":[{"not_picked":["Underhanded Strike","Dodge and Roll"],"picked":"Accuracy","floor":1},{"not_picked":["Calculated Gamble","Blade Dance"],"picked":"Reflex","floor":3},{"not_picked":["ICR:Cloudkill","Blade Dance","Backflip"],"picked":"SKIP","floor":5},{"not_picked":["Dagger Spray","ICR:Vanish","Outmaneuver"],"picked":"SKIP","floor":7},{"not_picked":["TH:BikiniMail","TH:CopperCoins"],"picked":"SKIP","floor":9},{"not_picked":["Dodge and Roll","Flying Knee"],"picked":"Quick Slash","floor":10},{"not_picked":["Toxin Wave","Slice","Dagger Spray"],"picked":"SKIP","floor":12},{"not_picked":["Caltrops","Dagger Throw","Catalyst"],"picked":"SKIP","floor":14},{"not_picked":["Night Terror","Glass Knife"],"picked":"A Thousand Cuts","floor":16},{"not_picked":["Eviscerate"],"picked":"SKIP","floor":18},{"not_picked":["Flechettes"],"picked":"SKIP","floor":21},{"not_picked":["Deadly Poison"],"picked":"SKIP","floor":22},{"not_picked":["TH:Mimic"],"picked":"SKIP","floor":23},{"not_picked":["Blade Dance+1"],"picked":"SKIP","floor":23},{"not_picked":["PiercingWail+1"],"picked":"SKIP","floor":24},{"not_picked":["Flechettes+1"],"picked":"SKIP","floor":25},{"not_picked":["TH:PixieDust"],"picked":"SKIP","floor":26},{"not_picked":["Cloak And Dagger+1"],"picked":"SKIP","floor":27},{"not_picked":["TH:DeckOfManyThings"],"picked":"SKIP","floor":28},{"not_picked":["Deflect"],"picked":"SKIP","floor":28},{"not_picked":["Infinite Blades","Deadly Poison"],"picked":"SKIP","floor":30},{"not_picked":["Draining Mist","Dagger Throw"],"picked":"SKIP","floor":31},{"not_picked":["Bane","Expertise+1"],"picked":"SKIP","floor":35},{"not_picked":["Flying Knee+1","Blade Dance"],"picked":"SKIP","floor":37},{"not_picked":["Dagger Spray+1","Acrobatics"],"picked":"SKIP","floor":38},{"not_picked":["Quick Slash","Blade Dance+1"],"picked":"SKIP","floor":39},{"not_picked":["TH:TreasureMap"],"picked":"SKIP","floor":40},{"not_picked":["Masterful Stab","Die Die Die"],"picked":"SKIP","floor":40},{"not_picked":["Outmaneuver+1","Sucker Punch"],"picked":"SKIP","floor":41},{"not_picked":["TH:ArmorSpikes"],"picked":"SKIP","floor":42},{"not_picked":["Calculated Gamble","Bane+1"],"picked":"SKIP","floor":42},{"not_picked":["TH:Mimic"],"picked":"SKIP","floor":43},{"not_picked":["TH:ElvenBoots"],"picked":"SKIP","floor":44},{"not_picked":["ReplayTheSpireMod:Necrosis","Flechettes+1"],"picked":"SKIP","floor":44},{"not_picked":["Hidden Blade","ICR:Vanish"],"picked":"SKIP","floor":45},{"not_picked":["Catalyst","Sneak Up"],"picked":"SKIP","floor":46}],"player_experience":295369,"relics_obtained":[{"floor":9,"key":"Regal Pillow"},{"floor":23,"key":"Bottled Tornado"},{"floor":23,"key":"Replay:Bottled Steam"},{"floor":28,"key":"The Courier"},{"floor":28,"key":"Question Card"},{"floor":40,"key":"Pocketwatch"},{"floor":40,"key":"Bag of Marbles"},{"floor":42,"key":"HornCleat"},{"floor":43,"key":"Ornamental Fan"},{"floor":44,"key":"Nunchaku"},{"floor":44,"key":"Oddly Smooth Stone"}],"event_choices":[{"damage_healed":0,"gold_gain":0,"player_choice":"Lose Max HP","damage_taken":0,"relics_obtained":["Golden Idol"],"max_hp_gain":0,"max_hp_loss":5,"event_name":"Golden Idol","floor":4,"gold_loss":0},{"cards_removed":["Dagger Spray"],"damage_healed":0,"gold_gain":0,"player_choice":"Card Removal","damage_taken":0,"max_hp_gain":0,"max_hp_loss":0,"event_name":"The Cleric","floor":13,"gold_loss":50},{"damage_healed":0,"gold_gain":0,"player_choice":"Ignored","damage_taken":0,"max_hp_gain":0,"max_hp_loss":0,"event_name":"The Mausoleum","floor":20,"gold_loss":0}],"is_beta":false,"boss_relics":[{"not_picked":["Cursed Key","Philosopher\u0027s Stone"],"picked":"Replay:Grab Bag"},{"not_picked":["Replay:Wanted Poster","Replay:Bronze Core"],"picked":"Busted Crown"},{"not_picked":["ChewingGum","Painkiller Herb"],"picked":"Replay:Cursed D8"},{"not_picked":["SlaversCollar","SacredBark"],"picked":"Black Star"},{"not_picked":["Replay:Drink Me","Ring of Chaos"],"picked":"Sozu"}],"items_purged_floors":[2,19,36,48],"is_endless":false,"potions_floor_spawned":[3,5,10,16,22,23,24,30,31,35,37,40,44,45],"ascension_level":0}}