{"host":"Doisman","time":1613599017,"event":{"mods":["AchievementEnabler","BaseMod","Better Note","Curses Come First","Minty Spire (QoL Compilation)","Permanent Neow","Quick Restart","Relic Stats","Replay The Spire","StSLib","slay the spire mod where everything is the same but ironclad has a cowboy hat"],"gold_per_floor":[111,127,127,142,25,52,72,100,100,100,127,141,141,141,141,245,245,256,271,271,41,41,73,73,87,87,87,105,105,105,139,139,237,237,247,99,114,114,165,194,213,213,213,227,254,85,360,37,37,37],"floor_reached":51,"language":"ENG","playtime":1703,"items_purged":["Strike_B","Regret"],"score":953,"play_id":"e8c1de3b-7161-4fe4-b185-890eb26666bc","local_time":"20210217155657","is_ascension_mode":true,"campfire_choices":[{"data":"Conserve Battery","floor":10,"key":"SMITH"},{"data":"ReplayGash","floor":13,"key":"SMITH"},{"data":"Zap","floor":15,"key":"SMITH"},{"floor":24,"key":"REST"},{"data":"FTL","floor":27,"key":"SMITH"},{"floor":32,"key":"DIG"},{"floor":42,"key":"REST"},{"floor":49,"key":"REST"}],"circlet_count":0,"master_deck":["Strike_B+1","Defend_B+1","Defend_B","Defend_B","Defend_B","Zap+1","Dualcast","CurseOfTheBell","Ball Lightning+1","Conserve Battery+1","Core Surge","Core Surge","Gash","ReplayGash+1","Cold Snap","Ball Lightning","FTL+1","ReplayGash","Defragment+1","Gash","All For One","Gash+1","Electrodynamics+1","Gash","Defragment+1","Gash+1","Heatsinks+1","Chill+1","Seek+1","Scrape+1","ReplayTheSpireMod:Brewmster+1","Capacitor+1","Apotheosis+1"],"relics":["Calling Bell","Oddly Smooth Stone","Mummified Hand","Thread and Needle","Juzu Bracelet","Mirror","Shovel","Calipers","Ring of Chaos","Runic Capacitor","Du-Vu Doll","Frozen Egg 2","Replay:WaspNest","Lantern","Golden Egg","StoneCalendar","Fusion Hammer","Ginger","Replay:Bottled Snecko","Gremlin Food","Bottled Flame","Membership Card"],"acts_visited":["Exordium","TheCity","TheBeyond"],"potions_floor_usage":[8,16,31,33,39,50,50,50],"damage_taken":[{"damage":0,"enemies":"Small Slimes","floor":1,"turns":3},{"damage":0,"enemies":"2 Louse","floor":2,"turns":3},{"damage":0,"enemies":"Cultist","floor":4,"turns":3},{"damage":5,"enemies":"3 Sentries","floor":6,"turns":7},{"damage":3,"enemies":"3 Louse","floor":7,"turns":3},{"damage":0,"enemies":"Gremlin Nob","floor":8,"turns":3},{"damage":11,"enemies":"Lagavulin","floor":11,"turns":6},{"damage":1,"enemies":"Exordium Thugs","floor":12,"turns":4},{"damage":0,"enemies":"The Guardian","floor":16,"turns":7},{"damage":0,"enemies":"Chosen","floor":18,"turns":5},{"damage":0,"enemies":"Spheric Guardian","floor":19,"turns":4},{"damage":25,"enemies":"Slavers","floor":23,"turns":7},{"damage":3,"enemies":"Snake Plant","floor":25,"turns":4},{"damage":7,"enemies":"Shelled Parasite and Fungi","floor":28,"turns":5},{"damage":0,"enemies":"Replay:Snechameleon","floor":31,"turns":4},{"damage":33,"enemies":"Automaton","floor":33,"turns":8},{"damage":4,"enemies":"3 Shapes","floor":35,"turns":4},{"damage":2,"enemies":"Orb Walker","floor":37,"turns":2},{"damage":10,"enemies":"2 Orb Walkers","floor":39,"turns":3},{"damage":9,"enemies":"R_Hoarder","floor":40,"turns":6},{"damage":22,"enemies":"Spire Growth","floor":41,"turns":3},{"damage":0,"enemies":"Sphere and 2 Shapes","floor":44,"turns":5},{"damage":0,"enemies":"Giant Head","floor":45,"turns":5},{"damage":25,"enemies":"Time Eater","floor":50,"turns":6}],"seed_played":"-1876886194178377783","potions_obtained":[{"floor":2,"key":"Cursed Concoction"},{"floor":8,"key":"DuplicationPotion"},{"floor":12,"key":"EssenceOfDarkness"},{"floor":16,"key":"SteroidPotion"},{"floor":23,"key":"Strength Potion"},{"floor":28,"key":"Adrenaline Potion"},{"floor":31,"key":"Dexterity Potion"},{"floor":33,"key":"ColorlessPotion"},{"floor":40,"key":"Explosive Potion"},{"floor":45,"key":"SkillPotion"}],"is_trial":false,"path_per_floor":["M","M","?","M","$","E","M","E","T","R","E","M","R","?","R","B",null,"M","M","?","$","?","E","R","M","T","R","M","?","?","E","R","B",null,"M","$","M","?","?","E","M","R","T","M","E","$","?","$","R","B",null],"character_chosen":"DEFECT","items_purchased":["Core Surge","Runic Capacitor","ReplayGash","Defragment+1","ReplayTheSpireMod:Brewmster+1","Membership Card","Capacitor+1","Apotheosis"],"campfire_rested":3,"item_purchase_floors":[5,21,21,36,46,48,48,48],"current_hp_per_floor":[75,75,60,60,60,55,52,52,52,52,41,40,40,40,40,40,75,75,75,75,75,75,50,72,69,69,69,62,62,62,62,62,29,75,71,71,69,69,59,50,28,50,50,50,50,50,50,50,72,47],"gold":37,"neow_bonus":"BOSS_RELIC","is_daily":false,"chose_seed":false,"campfire_upgraded":4,"win_rate":0.0,"timestamp":1613599017,"path_taken":["M","M","?","M","$","E","M","E","T","R","E","M","R","?","R","BOSS","M","M","?","$","?","E","R","M","T","R","M","?","?","E","R","BOSS","M","$","M","?","?","E","M","R","T","M","E","?","?","$","R","BOSS"],"items_purchased_type":["Card","Relic","Card","Card","Card","Relic","Card","Card"],"build_version":"2020-12-18","purchased_purges":2,"victory":true,"max_hp_per_floor":[75,75,75,75,75,75,75,75,75,75,75,75,75,75,75,75,75,75,75,75,75,75,75,75,75,75,75,75,75,75,75,75,75,75,75,75,75,75,75,75,75,75,75,75,75,75,75,75,75,75],"relic_stats":{"Shovel":1,"counters":[24,110],"Mummified Hand":[32],"StoneCalendar":[52],"Juzu Bracelet":2,"Ginger":[4],"obtain_stats":[{"Gremlin Food":43,"Golden Egg":31,"Lantern":29,"Calipers":11,"Oddly Smooth Stone":0,"Thread and Needle":0,"StoneCalendar":32,"Ring of Chaos":17,"Replay:WaspNest":26,"Juzu Bracelet":6,"Runic Capacitor":21,"Ginger":39,"Frozen Egg 2":23,"Calling Bell":0,"Du-Vu Doll":22,"Bottled Flame":45,"Shovel":9,"Mummified Hand":0,"Fusion Hammer":34,"Replay:Bottled Snecko":40,"Membership Card":48,"Cracked Core":0,"Mirror":8},{"Gremlin Food":21,"Golden Egg":15,"Lantern":14,"Calipers":7,"Oddly Smooth Stone":0,"Thread and Needle":0,"StoneCalendar":15,"Ring of Chaos":9,"Replay:WaspNest":13,"Juzu Bracelet":4,"Runic Capacitor":11,"Ginger":19,"Frozen Egg 2":12,"Calling Bell":0,"Du-Vu Doll":11,"Bottled Flame":23,"Shovel":6,"Mummified Hand":0,"Fusion Hammer":16,"Replay:Bottled Snecko":20,"Membership Card":23,"Cracked Core":0,"Mirror":6},{"Gremlin Food":94,"Golden Egg":68,"Lantern":64,"Calipers":28,"Oddly Smooth Stone":0,"Thread and Needle":0,"StoneCalendar":68,"Ring of Chaos":39,"Replay:WaspNest":59,"Juzu Bracelet":16,"Runic Capacitor":48,"Ginger":85,"Frozen Egg 2":55,"Calling Bell":0,"Du-Vu Doll":48,"Bottled Flame":104,"Shovel":22,"Mummified Hand":0,"Fusion Hammer":76,"Replay:Bottled Snecko":91,"Membership Card":104,"Cracked Core":0,"Mirror":22}]},"card_choices":[{"not_picked":["Leap","Sweeping Beam"],"picked":"Ball Lightning","floor":1},{"not_picked":["Sweeping Beam","Lockon"],"picked":"Conserve Battery","floor":2},{"not_picked":["Leap","Go for the Eyes","Compile Driver"],"picked":"SKIP","floor":4},{"not_picked":["Redo","Steam Power"],"picked":"Gash","floor":6},{"not_picked":["Compile Driver","ReplaySolidLightProjector","Hello World"],"picked":"SKIP","floor":7},{"not_picked":["Stack","Rebound","Hello World"],"picked":"SKIP","floor":8},{"not_picked":["Chaos","Turbo"],"picked":"ReplayGash","floor":11},{"not_picked":["Conserve Battery","Redo"],"picked":"Cold Snap","floor":12},{"not_picked":["Panic Button","BasicCrystalCard+1"],"picked":"Ball Lightning","floor":18},{"not_picked":["Consume","Coolheaded"],"picked":"FTL","floor":19},{"not_picked":["Steam","Reprogram","Doom and Gloom+1"],"picked":"SKIP","floor":23},{"not_picked":["Capacitor+1","Turbo"],"picked":"Defragment+1","floor":25},{"not_picked":["Reinforced Body","Beam Cell+1"],"picked":"Gash","floor":28},{"not_picked":["BootSequence","ReplayTheSpireMod:Repulse+1"],"picked":"Gash+1","floor":31},{"not_picked":["Seek","All For One"],"picked":"Electrodynamics+1","floor":33},{"not_picked":["Stack+1","Leap"],"picked":"Gash","floor":35},{"not_picked":["Rebound+1","Hologram"],"picked":"Gash+1","floor":37},{"not_picked":["Static Discharge+1","Sunder"],"picked":"Heatsinks+1","floor":39},{"not_picked":["BasicCrystalCard+1","Aggregate","Sweeping Beam+1"],"picked":"SKIP","floor":40},{"not_picked":["Genetic Algorithm","BasicCrystalCard"],"picked":"Chill+1","floor":41},{"not_picked":["Recycle","Go for the Eyes+1"],"picked":"Seek","floor":44},{"not_picked":["Reinforced Body+1","Panic Button"],"picked":"Scrape+1","floor":45}],"player_experience":754130,"relics_obtained":[{"floor":0,"key":"Oddly Smooth Stone"},{"floor":0,"key":"Mummified Hand"},{"floor":0,"key":"Thread and Needle"},{"floor":6,"key":"Juzu Bracelet"},{"floor":8,"key":"Mirror"},{"floor":9,"key":"Shovel"},{"floor":11,"key":"Calipers"},{"floor":23,"key":"Frozen Egg 2"},{"floor":26,"key":"Replay:WaspNest"},{"floor":31,"key":"Golden Egg"},{"floor":32,"key":"StoneCalendar"},{"floor":39,"key":"Ginger"},{"floor":40,"key":"Replay:Bottled Snecko"},{"floor":43,"key":"Gremlin Food"},{"floor":45,"key":"Bottled Flame"}],"event_choices":[{"damage_healed":0,"gold_gain":0,"player_choice":"Entered Light","damage_taken":15,"max_hp_gain":0,"max_hp_loss":0,"event_name":"Shining Light","floor":3,"gold_loss":0,"cards_upgraded":["Ball Lightning","Defend_B"]},{"damage_healed":0,"gold_gain":0,"player_choice":"Ignored","damage_taken":0,"max_hp_gain":0,"max_hp_loss":0,"event_name":"betterNote:BetterNote","floor":20,"gold_loss":0,"cards_obtained":["Die Die Die"]},{"damage_healed":0,"gold_gain":0,"player_choice":"Gave Potion","damage_taken":0,"relics_obtained":["Du-Vu Doll"],"max_hp_gain":0,"max_hp_loss":0,"event_name":"WeMeetAgain","floor":22,"gold_loss":0},{"damage_healed":0,"gold_gain":0,"cards_transformed":["Strike_B"],"player_choice":"Transformed","damage_taken":0,"max_hp_gain":0,"max_hp_loss":0,"event_name":"Transmorgrifier","floor":30,"gold_loss":0,"cards_obtained":["All For One"]},{"cards_removed":["Strike_B"],"damage_healed":0,"gold_gain":0,"player_choice":"Removed Attack","damage_taken":0,"max_hp_gain":0,"max_hp_loss":0,"event_name":"Falling","floor":38,"gold_loss":0},{"damage_healed":0,"gold_gain":0,"player_choice":"Fight","damage_taken":0,"max_hp_gain":0,"max_hp_loss":0,"event_name":"Mysterious Sphere","floor":39,"gold_loss":0},{"damage_healed":0,"gold_gain":275,"player_choice":"Desecrate","damage_taken":0,"max_hp_gain":0,"max_hp_loss":0,"event_name":"Golden Shrine","floor":47,"gold_loss":0,"cards_obtained":["Regret"]}],"is_beta":true,"boss_relics":[{"not_picked":["SlaversCollar","Abe\u0027s Treasure"],"picked":"Ring of Chaos"},{"not_picked":["Tiny House","Replay:Wanted Poster"],"picked":"Fusion Hammer"}],"items_purged_floors":[36,48],"is_endless":false,"potions_floor_spawned":[2,8,12,16,23,28,31,33,37,40,41,45],"ascension_level":1}}