{"host":"pqs17sqrgflf4eqa","time":1613605203,"event":{"mods":["AchievementEnabler","BaseMod","Bestiary","Better Altar","Better Match","Better Skull","Block Reminder","Bossed Relics","Colored Map","Colored Powertips","Curses Come First","Dark Map","DeckTracker","Defective Defect","Displayed Cursed Tome","Emptier Cage","Googly Eyes","Highlight Path","Minty Spire (QoL Compilation)","Quick Restart","Slay-I","StSLib","SuperFastMode","Synergy Search","Thieving Mod","Transform Curses","everything is the same but u backflip on backflip","slay the spire mod where everything is the same but ironclad has a cowboy hat"],"gold_per_floor":[109,86,86,11,25,58,58,85,111,111,124,154,166,176,176,275,275,295,144,158,3,3,3],"floor_reached":22,"language":"ENG","playtime":476,"items_purged":["Pain"],"score":330,"play_id":"f53def29-2b31-4e16-89d1-97805a5f1555","local_time":"20210217184003","is_ascension_mode":true,"campfire_choices":[{"data":"Eruption","floor":7.0,"key":"SMITH"},{"data":"Alpha","floor":10.0,"key":"SMITH"},{"data":"DeceiveReality","floor":15.0,"key":"SMITH"}],"circlet_count":0,"master_deck":["Strike_P","Strike_P","Strike_P","Strike_P","Defend_P","Defend_P","Defend_P","Defend_P","Eruption+1","Vigilance","Alpha+1","CutThroughFate","CutThroughFate","DeceiveReality+1","InnerPeace","Consecrate","Conclude","WheelKick","InnerPeace","Vault","DeceiveReality"],"relics":["PureWater","WarpedTongs","ClockworkSouvenir","Art of War","Tiny Chest","Orichalcum","Toy Ornithopter","Pandora\u0027s Box","Lantern","Membership Card"],"acts_visited":["Exordium","TheCity"],"potions_floor_usage":[],"damage_taken":[{"damage":11.0,"enemies":"Cultist","floor":1.0,"turns":5.0},{"damage":0.0,"enemies":"Jaw Worm","floor":5.0,"turns":1.0},{"damage":0.0,"enemies":"Gremlin Nob","floor":6.0,"turns":3.0},{"damage":0.0,"enemies":"Lagavulin","floor":8.0,"turns":5.0},{"damage":0.0,"enemies":"Small Slimes","floor":11.0,"turns":2.0},{"damage":30.0,"enemies":"Gremlin Nob","floor":12.0,"turns":3.0},{"damage":0.0,"enemies":"2 Fungi Beasts","floor":13.0,"turns":2.0},{"damage":1.0,"enemies":"Blue Slaver","floor":14.0,"turns":4.0},{"damage":7.0,"enemies":"The Guardian","floor":16.0,"turns":7.0},{"damage":0.0,"enemies":"3 Byrds","floor":18.0,"turns":3.0},{"damage":12.0,"enemies":"Shell Parasite","floor":20.0,"turns":4.0},{"damage":50,"enemies":"Chosen and Byrds","floor":22,"turns":7}],"seed_played":"4479547307512340206","potions_obtained":[{"floor":1.0,"key":"Explosive Potion"},{"floor":5.0,"key":"Block Potion"},{"floor":16.0,"key":"Fire Potion"},{"floor":20.0,"key":"DistilledChaos"}],"is_trial":false,"path_per_floor":["M","$","?","$","M","E","R","E","T","R","M","E","M","M","R","B",null,"M","$","M","$","M"],"character_chosen":"WATCHER","items_purchased":["CutThroughFate","Lantern","Membership Card"],"campfire_rested":0,"item_purchase_floors":[2,19,21],"current_hp_per_floor":[54,54,54,54,54,54,54,54,54,54,54,24,24,23,23,16,58,58,58,46,46,0,0],"gold":3,"neow_bonus":"ONE_RANDOM_RARE_CARD","is_daily":false,"chose_seed":false,"campfire_upgraded":3,"win_rate":0.0,"timestamp":1613605203,"path_taken":["M","?","?","$","?","E","R","E","T","R","M","E","M","M","R","BOSS","M","$","?","$","M"],"items_purchased_type":["Card","Relic","Relic"],"build_version":"2020-12-22","purchased_purges":1,"victory":false,"max_hp_per_floor":[72,72,72,72,72,72,72,72,72,72,72,72,72,72,72,72,72,72,72,72,72,72,72],"card_choices":[{"not_picked":["Wireheading","Swivel"],"picked":"CutThroughFate","floor":1.0},{"not_picked":["EmptyFist","CutThroughFate"],"picked":"DeceiveReality","floor":5.0},{"not_picked":["Fasting2","Wallop"],"picked":"InnerPeace","floor":6.0},{"not_picked":["EmptyBody","Protect"],"picked":"Consecrate","floor":8.0},{"not_picked":["Crescendo","Adaptation"],"picked":"Conclude","floor":11.0},{"not_picked":["FlurryOfBlows","EmptyFist"],"picked":"WheelKick","floor":12.0},{"not_picked":["Consecrate","Halt","FlurryOfBlows"],"picked":"SKIP","floor":13.0},{"not_picked":["BowlingBash","ThirdEye"],"picked":"InnerPeace","floor":14.0},{"not_picked":["Devotion","Alpha"],"picked":"Vault","floor":16.0},{"not_picked":["CrushJoints","Consecrate"],"picked":"DeceiveReality","floor":18.0},{"not_picked":["Consecrate","InnerPeace+1","FlurryOfBlows"],"picked":"SKIP","floor":20.0}],"player_experience":225926,"relics_obtained":[{"floor":6.0,"key":"Art of War"},{"floor":8.0,"key":"Tiny Chest"},{"floor":9.0,"key":"Orichalcum"},{"floor":12.0,"key":"Toy Ornithopter"}],"event_choices":[{"damage_healed":0.0,"max_hp_gain":0.0,"max_hp_loss":0.0,"gold_gain":0.0,"event_name":"Accursed Blacksmith","player_choice":"Rummage","floor":3.0,"gold_loss":0.0,"damage_taken":0.0,"relics_obtained":["WarpedTongs"],"cards_obtained":["Pain"]}],"is_beta":false,"boss_relics":[{"not_picked":["Snecko Eye","Fusion Hammer"],"picked":"Pandora\u0027s Box"}],"items_purged_floors":[4],"is_endless":false,"potions_floor_spawned":[1,5,16,20],"killed_by":"Chosen and Byrds","ascension_level":6}}