{"host":"rscpjn8a96s7s6w9","time":1613534815,"event":{"mods":["AchievementEnabler","BaseMod","Colored Map","Hermit","Minty Spire (QoL Compilation)","StSLib","The Bug Knight"],"gold_per_floor":[212,23,37,112,122,122,47,47,70,70,70,84,107,123,123,226,226,239,57,85,85,96,96,125,144,169,179,194,194,194],"floor_reached":29,"language":"KOR","playtime":1493,"items_purged":[],"score":260,"play_id":"1c50a583-6785-46bd-9d3e-b1b323f9bff5","local_time":"20210217130655","is_ascension_mode":false,"campfire_choices":[{"data":"HollowMod:GrimmsGift","floor":6,"key":"SMITH"},{"data":"HollowMod:DashSlash","floor":8,"key":"SMITH"},{"data":"HollowMod:PogoStrike","floor":10,"key":"SMITH"},{"data":"HollowMod:DashSlash","floor":15,"key":"SMITH"},{"data":"HollowMod:Weaversong","floor":23,"key":"SMITH"}],"circlet_count":0,"master_deck":["HollowMod:NailStrikeStart","HollowMod:NailStrikeStart","HollowMod:QuickDashStart","HollowMod:QuickDashStart","HollowMod:QuickDashStart","HollowMod:FocusHealStart","HollowMod:PogoStrike+1","HollowMod:GrimmsGift+1","HollowMod:DashSlash+1","HollowMod:CycloneSlash","HollowMod:NewJinnsSoul","HollowMod:HuntersJournal","HollowMod:DashSlash+1","HollowMod:Weaversong+1","HollowMod:SharpenedNail+1","HollowMod:VengefulSpirit+1","HollowMod:NewGlowingWomb+1","HollowMod:CloakDash+1","HollowMod:CornifersMapStart","HollowMod:FallenFury","Decay","HollowMod:HeavyBlow","HollowMod:NewLittleFool","HollowMod:theNailsmith","HollowMod:SharpenedNail","HollowMod:HowlingWraiths"],"relics":["HollowMod:VesselMask","MealTicket","PreservedInsect","Dream Catcher","Astrolabe","Sling","HollowMod:GreatKnightMask","Bag of Preparation","Potion Belt"],"acts_visited":["Exordium","TheCity"],"potions_floor_usage":[16,20,20,27,28,29],"damage_taken":[{"damage":0.0,"enemies":"Cultist","floor":1.0,"turns":3.0},{"damage":3,"enemies":"2 Louse","floor":3,"turns":2},{"damage":9,"enemies":"Jaw Worm","floor":5,"turns":3},{"damage":0,"enemies":"Lots of Slimes","floor":12,"turns":4},{"damage":2,"enemies":"Blue Slaver","floor":14,"turns":3},{"damage":10,"enemies":"Slime Boss","floor":16,"turns":5},{"damage":0,"enemies":"Spheric Guardian","floor":18,"turns":3},{"damage":0,"enemies":"HollowMod:Zote","floor":20,"turns":2},{"damage":20,"enemies":"Shell Parasite","floor":22,"turns":4},{"damage":27,"enemies":"Slavers","floor":24,"turns":4},{"damage":3,"enemies":"Chosen and Byrds","floor":25,"turns":4},{"damage":7,"enemies":"Snecko","floor":27,"turns":4},{"damage":22,"enemies":"Shelled Parasite and Fungi","floor":28,"turns":4},{"damage":8,"enemies":"Centurion and Healer","floor":29,"turns":2}],"seed_played":"-5365076381006140551","potions_obtained":[{"floor":1.0,"key":"Block Potion"},{"floor":3,"key":"Fire Potion"},{"floor":16,"key":"PowerPotion"},{"floor":22,"key":"FearPotion"},{"floor":24,"key":"SkillPotion"},{"floor":25,"key":"Fire Potion"},{"floor":28,"key":"EssenceOfSteel"}],"is_trial":false,"path_per_floor":["M","$","M","?","M","R","?","R","T","R","?","M","T","M","R","B",null,"M","$","?","?","M","R","E","M","T","M","M","M"],"character_chosen":"THE_BUGKNIGHT","items_purchased":["MealTicket","HollowMod:DashSlash","Sling","HollowMod:CornifersMapStart"],"campfire_rested":0,"item_purchase_floors":[2,2,19,19],"current_hp_per_floor":[75,75,75,64,61,61,66,66,66,66,66,72,72,80,80,70,80,80,80,80,80,60,60,33,30,30,23,1,0,0],"gold":194,"neow_bonus":"HUNDRED_GOLD","is_daily":false,"chose_seed":false,"campfire_upgraded":5,"win_rate":0.0,"timestamp":1613534815,"path_taken":["M","$","?","?","M","R","?","R","T","R","?","M","?","M","R","BOSS","M","$","?","?","M","R","E","M","T","M","?","M"],"items_purchased_type":["Relic","Card","Relic","Card"],"build_version":"2020-12-22","purchased_purges":0,"victory":false,"max_hp_per_floor":[75,75,75,75,75,75,80,80,80,80,80,80,80,80,80,80,80,80,80,80,80,80,80,80,80,80,80,80,80,80],"card_choices":[{"not_picked":["HollowMod:MothsMistake","HollowMod:SoulStrike"],"picked":"HollowMod:GrimmsGift","floor":1.0},{"not_picked":["HollowMod:HeavyBlow","HollowMod:SharpenedShadows"],"picked":"HollowMod:CycloneSlash","floor":3},{"not_picked":["HollowMod:CornifersMapStart","HollowMod:Grubsong"],"picked":"HollowMod:NewJinnsSoul","floor":5},{"not_picked":["HollowMod:VengefulSpirit","HollowMod:DashSlash"],"picked":"HollowMod:HuntersJournal","floor":12},{"not_picked":["HollowMod:NewInfectedGuardian","HollowMod:GrimmsGift"],"picked":"HollowMod:DashSlash","floor":14},{"not_picked":["HollowMod:AwokenDreamNail","HollowMod:MidwifesHunger"],"picked":"HollowMod:Weaversong","floor":16},{"not_picked":["HollowMod:FallenFury+1","HollowMod:SoulSplash"],"picked":"HollowMod:CloakDash+1","floor":18},{"not_picked":["HollowMod:SharpenedNail","HollowMod:CrystalDash+1"],"picked":"HollowMod:FallenFury","floor":20},{"not_picked":["HollowMod:SoulShaman","HollowMod:CornifersMapStart+1"],"picked":"HollowMod:HeavyBlow","floor":22},{"not_picked":["HollowMod:CycloneSlash+1","HollowMod:LifebloodCocoon+1"],"picked":"HollowMod:NewLittleFool","floor":24},{"not_picked":["HollowMod:DashSlash","HollowMod:NewGlowingWomb"],"picked":"HollowMod:theNailsmith","floor":25},{"not_picked":["HollowMod:InfectedAttack","HollowMod:InfectionAssault+1"],"picked":"HollowMod:SharpenedNail","floor":27},{"not_picked":["HollowMod:SoulEater","HollowMod:SiblingsSouls"],"picked":"HollowMod:HowlingWraiths","floor":28}],"player_experience":590347,"relics_obtained":[{"floor":9,"key":"PreservedInsect"},{"floor":13,"key":"Dream Catcher"},{"floor":20,"key":"HollowMod:GreatKnightMask"},{"floor":24,"key":"Bag of Preparation"},{"floor":26,"key":"Potion Belt"}],"event_choices":[{"damage_healed":0,"gold_gain":75,"player_choice":"Gather Gold","damage_taken":11,"max_hp_gain":0,"max_hp_loss":0,"event_name":"World of Goop","floor":4,"gold_loss":0},{"damage_healed":0,"gold_gain":0,"player_choice":"Ignored","damage_taken":0,"max_hp_gain":0,"max_hp_loss":0,"event_name":"Liars Game","floor":11,"gold_loss":0},{"damage_healed":0,"gold_gain":0,"player_choice":"Cursed","damage_taken":0,"max_hp_gain":0,"max_hp_loss":0,"event_name":"Wheel of Change","floor":21,"gold_loss":0,"cards_obtained":["Decay"]}],"is_beta":false,"boss_relics":[{"not_picked":["Tiny House","Busted Crown"],"picked":"Astrolabe"}],"items_purged_floors":[],"is_endless":false,"potions_floor_spawned":[1,3,16,22,24,25,28],"killed_by":"Centurion and Healer","ascension_level":0}}