{"host":"tcdxiwht2vajk3tk","time":1613568029,"event":{"mods":["AchievementEnabler","BaseMod","Beaked The Cultist","Colored Powertips","Conspire","Defuse TimeMaze Blight","Downfall","Halation","Hermit","Hubris","Infinite Spire","Lobotomy","LobotomyExtend","Minty Spire (QoL Compilation)","Replay The Spire","Shop Mod","StSLib","The Cursed","The Disciple"],"gold_per_floor":[115,115,115,115,115,127,141,141,66,66,121,151,168,168,15,40,40,135,135,147,147,147,147,171,183,223,235,293,305,350,362,390,421,433,545,557,583,595,327,327,342,342,372,372,426,458,458,458,458],"floor_reached":48,"language":"ENG","playtime":3092,"items_purged":["Funeral"],"score":640,"play_id":"8f950546-ab1f-4aa1-9cad-f3cdda7455c3","local_time":"20210217082029","is_ascension_mode":false,"campfire_choices":[],"circlet_count":0,"master_deck":["SpecialBullet","SpecialBullet","SpecialBullet","SpecialBullet","SpecialBullet","SpecialBullet","InformationCode","ControlCode","SecurityCode","Scorched","TodaysExpression","Regret_ego","WristCuter","BeautyBeast","Horn","LittleHelper","GrinderMk4","OSAHOGD","Mimicry","ShyLook","CherryBlossom","Amita","SpecialBullet","CherryBlossoms","RapturousDream+1","TrainingCode","Rudolta","Reverberation","beaked:WalkersFury","Murderer","SomewhereSpear+1","SpecialBullet","Wellcheers","Lamp","CentralCode","Laetitia","GoldRush","SilentOrchestra","Lantern","downfall:Aged","WelfareCode","CENSORED","Wingbeat+1","DisciplinaryCode","Mercenary","Harvest+1","RecordCode","MeatLantern","BloodyDesire+1","hubris:DuctTapeCard"],"relics":["CogitoBucket","Blue Doll","LetterFromLob","halation:PinkSoulGem","Nunchaku","Eternal Feather","MerchantsRug","ReplayFunnel","Black Star","AspirationHeart","MutagenicStrength","MawBank","Bag of Preparation","Anchor","halation:PromiseList","Dream Catcher","Dead Branch","AdjustmentMirror","SlaversCollar","Du-Vu Doll","Tiny Chest","Guardian:PocketSentry","halation:Komachan","Ornamental Fan","bronze:BronzeIdol","champ:DuelingGlove","hubris:DuctTape","Heaven_r"],"acts_visited":["Exordium","TheCity","TheBeyond"],"potions_floor_usage":[48,48],"damage_taken":[{"damage":6.0,"enemies":"2 Louse","floor":1.0,"turns":2.0},{"damage":11.0,"enemies":"Jaw Worm","floor":6.0,"turns":2.0},{"damage":7.0,"enemies":"Small Slimes","floor":7.0,"turns":2.0},{"damage":36.0,"enemies":"Lagavulin","floor":12.0,"turns":5.0},{"damage":0.0,"enemies":"2 Fungi Beasts","floor":13.0,"turns":2.0},{"damage":33.0,"enemies":"The Guardian","floor":18.0,"turns":7.0},{"damage":0.0,"enemies":"conspire:FuzzyDice","floor":20.0,"turns":1.0},{"damage":22.0,"enemies":"Spheric Guardian","floor":24.0,"turns":4.0},{"damage":33.0,"enemies":"Nightmare","floor":26.0,"turns":5.0},{"damage":24.0,"enemies":"Replay:Snechameleon","floor":30.0,"turns":4.0},{"damage":30.0,"enemies":"Snecko","floor":32.0,"turns":4.0},{"damage":0.0,"enemies":"Centurion and Healer","floor":33.0,"turns":1.0},{"damage":34.0,"enemies":"conspire:MysteriousRune","floor":35.0,"turns":8.0},{"damage":0.0,"enemies":"Orb Walker","floor":37.0,"turns":2.0},{"damage":0.0,"enemies":"3 Shapes","floor":41.0,"turns":2.0},{"damage":24.0,"enemies":"conspire:MimicChest","floor":43.0,"turns":6.0},{"damage":20.0,"enemies":"Reptomancer","floor":46.0,"turns":3.0},{"damage":17.0,"enemies":"Reptomancer","floor":47.0,"turns":1.0},{"damage":65,"enemies":"Writhing Mass","floor":48,"turns":7}],"seed_played":"-3565600186166949821","potions_obtained":[{"floor":6.0,"key":"champ:CounterPotion"},{"floor":12.0,"key":"Explosive Potion"},{"floor":13.0,"key":"SkillPotion"},{"floor":18.0,"key":"Milkshake"},{"floor":20.0,"key":"SpeedPotion"},{"floor":26.0,"key":"champ:CounterPotion"},{"floor":35.0,"key":"champ:CounterPotion"},{"floor":37.0,"key":"PowerPotion"}],"is_trial":false,"path_per_floor":["M","?","$","PTL","PTL","M","M","R","$","?","T","E","M","?","$","T","R","B",null,"M","?","?","T","M","R","NM","R","T","R","E","AVR","M","M","R","B",null,"M","?","$","R","M","R","?","R","T","E","?","M"],"character_chosen":"Angela","items_purchased":["MerchantsRug","Tiny Chest","Guardian:PocketSentry","halation:Komachan"],"campfire_rested":0,"item_purchase_floors":[15,39,39,39],"current_hp_per_floor":[70,70,70,70,70,67,68,68,68,68,68,40,51,34,34,34,46,27,70,80,80,80,80,66,78,49,64,64,79,67,67,49,50,50,31,54,58,63,63,63,67,67,63,71,71,69,10,0,0],"gold":458,"neow_bonus":"RANDOM_COMMON_RELIC","is_daily":false,"chose_seed":false,"campfire_upgraded":0,"win_rate":0.0,"timestamp":1613568029,"path_taken":["M","?","$","PTL","PTL","M","M","R","$","?","T","E","M","?","$","?","R","BOSS","M","?","?","?","M","R","NM","R","T","R","E","AVR","M","?","R","BOSS","M","?","$","R","M","R","?","R","T","E","?","M"],"items_purchased_type":["Relic","Relic","Relic","Relic"],"build_version":"2020-12-22","purchased_purges":1,"victory":false,"max_hp_per_floor":[70,70,70,70,70,70,70,70,70,70,70,70,70,70,70,70,70,70,70,80,80,80,80,80,80,84,84,84,84,88,88,92,50,50,54,54,58,63,63,63,67,67,71,71,71,75,75,75,75],"card_choices":[{"not_picked":["ShyLook","FairyFestival"],"picked":"Scorched","floor":1.0},{"not_picked":["CherryBlossom"],"picked":"TodaysExpression","floor":1.0},{"not_picked":["Tough"],"picked":"Regret_ego","floor":6.0},{"not_picked":["SpiderBud","FairyFestival"],"picked":"Funeral","floor":7.0},{"not_picked":["CUTE"],"picked":"WristCuter","floor":7.0},{"not_picked":["SpiderBud","Wellcheers"],"picked":"BeautyBeast","floor":12.0},{"not_picked":["CUTE"],"picked":"Horn","floor":12.0},{"not_picked":["Funeral","SnowQueen"],"picked":"LittleHelper","floor":13.0},{"not_picked":["BloodyDesire"],"picked":"GrinderMk4","floor":13.0},{"not_picked":["Replay:Fractal Strike","ReplayTheSpireMod:Chaos Vortex"],"picked":"infinitespire:SealOfDarkness+","floor":14.0},{"not_picked":["WallGazer","SingingMachine"],"picked":"OSAHOGD","floor":18.0},{"not_picked":["TheSmile"],"picked":"Mimicry","floor":18.0},{"not_picked":["UniverseFragment","MeatLantern"],"picked":"ShyLook","floor":20.0},{"not_picked":["SomewhereSpear"],"picked":"CherryBlossom","floor":20.0},{"not_picked":["CUTE"],"picked":"Amita","floor":24.0},{"not_picked":["SpiderBud","LaLuna"],"picked":"CherryBlossoms","floor":26.0},{"not_picked":["WristCuter"],"picked":"RapturousDream+1","floor":26.0},{"not_picked":["SpiderBud","LaLuna"],"picked":"Rudolta","floor":30.0},{"not_picked":["Tough"],"picked":"Reverberation","floor":30.0},{"not_picked":["Wellcheers","SpiderBud"],"picked":"Murderer","floor":32.0},{"not_picked":["TodaysExpression"],"picked":"SomewhereSpear+1","floor":32.0},{"not_picked":["WhitesApple","WallGazer"],"picked":"Wellcheers","floor":33.0},{"not_picked":["BearPaw"],"picked":"Lamp","floor":33.0},{"not_picked":["RedShoes","QueenBee"],"picked":"Laetitia","floor":35.0},{"not_picked":["Mimicry"],"picked":"GoldRush","floor":35.0},{"not_picked":["BigBadWolf","BlackArmy"],"picked":"SilentOrchestra","floor":37.0},{"not_picked":["WristCuter+1"],"picked":"Lantern","floor":37.0},{"not_picked":["RedShoes","GalaxyChild"],"picked":"CENSORED","floor":41.0},{"not_picked":["RapturousDream"],"picked":"Wingbeat+1","floor":41.0},{"not_picked":["PunishingBird","MeatLantern"],"picked":"Mercenary","floor":43.0},{"not_picked":["FeatherOfHonor"],"picked":"Harvest+1","floor":43.0},{"not_picked":["QueenOfHatred","PunishingBird"],"picked":"MeatLantern","floor":46.0},{"not_picked":["Horn"],"picked":"BloodyDesire+1","floor":46.0}],"player_experience":1791480,"relics_obtained":[{"floor":1.0,"key":"LetterFromLob"},{"floor":11.0,"key":"Nunchaku"},{"floor":12.0,"key":"Eternal Feather"},{"floor":16.0,"key":"ReplayFunnel"},{"floor":23.0,"key":"MawBank"},{"floor":26.0,"key":"Bag of Preparation"},{"floor":26.0,"key":"Anchor"},{"floor":28.0,"key":"halation:PromiseList"},{"floor":30.0,"key":"Dream Catcher"},{"floor":30.0,"key":"Omamori"},{"floor":43.0,"key":"Ornamental Fan"},{"floor":45.0,"key":"bronze:BronzeIdol"},{"floor":46.0,"key":"champ:DuelingGlove"},{"floor":46.0,"key":"hubris:DuctTape"}],"event_choices":[{"damage_healed":0.0,"max_hp_gain":0.0,"max_hp_loss":0.0,"gold_gain":0.0,"event_name":"Drug Dealer","player_choice":"Inject Mutagens","floor":22.0,"gold_loss":0.0,"damage_taken":0.0,"relics_obtained":["MutagenicStrength"]}],"is_beta":false,"boss_relics":[{"not_picked":["halation:LoveArrow","Fusion Hammer"],"picked":"Black Star"},{"not_picked":["infinitespire:Cupcake","hubris:VirtuousBlindfold"],"picked":"SlaversCollar"}],"items_purged_floors":[9],"is_endless":true,"potions_floor_spawned":[6,12,13,18,20,26,30,32,35,37,47],"killed_by":"Writhing Mass","ascension_level":0}}