{"host":"1dkd4flhdqbv9eyg","time":1613548885,"event":{"mods":["AchievementEnabler","BaseMod","Better Note","Evolution","Gold Saver","Minty Spire (QoL Compilation)","Spicy Shops","StSLib"],"gold_per_floor":[113,18,34,49,61,93,73,73,122,134,87,87,13,25,25,126,176,192,192,192,203,218,218,218],"floor_reached":23,"language":"ENG","playtime":1454,"items_purged":[],"score":193,"play_id":"f48dd16e-e043-4858-9f72-0f782959170d","local_time":"20210217000125","is_ascension_mode":false,"campfire_choices":[{"floor":8,"key":"REST"},{"floor":12,"key":"REST"},{"floor":15,"key":"REST"}],"circlet_count":0,"master_deck":["Strike_P","Strike_P","Strike_P","Strike_P","Defend_P","Defend_P","Defend_P","Defend_P","Eruption","Vigilance","Devotion","MentalFortress","Prostrate","PathToVictory+1","Crescendo","EmptyBody","FlyingSleeves","WheelKick","Pray","FollowUp","BowlingBash","Scrawl","Consecrate","Alpha","PathToVictory+1","DeceiveReality","FearNoEvil"],"relics":["PureWater","EVO:Axolotl","Letter Opener","Bronze Scales","Tiny House"],"acts_visited":["Exordium","TheCity"],"potions_floor_usage":[23,23,23],"damage_taken":[{"damage":7,"enemies":"Jaw Worm","floor":1,"turns":5},{"damage":0,"enemies":"Cultist","floor":3,"turns":4},{"damage":0,"enemies":"2 Louse","floor":4,"turns":2},{"damage":7,"enemies":"Blue Slaver","floor":5,"turns":5},{"damage":45,"enemies":"3 Sentries","floor":6,"turns":9},{"damage":7,"enemies":"Gremlin Gang","floor":10,"turns":4},{"damage":2,"enemies":"3 Louse","floor":14,"turns":2},{"damage":34,"enemies":"The Guardian","floor":16,"turns":9},{"damage":19,"enemies":"3 Byrds","floor":18,"turns":4},{"damage":0,"enemies":"Chosen","floor":21,"turns":3},{"damage":2,"enemies":"Centurion and Healer","floor":22,"turns":5},{"damage":27,"enemies":"Gremlin Leader","floor":23,"turns":4}],"seed_played":"8312568224955394798","potions_obtained":[{"floor":4,"key":"FearPotion"},{"floor":7,"key":"BlessingOfTheForge"},{"floor":14,"key":"Explosive Potion"},{"floor":21,"key":"SteroidPotion"}],"is_trial":false,"path_per_floor":["M","$","M","M","M","E","?","R","T","M","$","R","$","M","R","B",null,"M","?","?","M","M","E"],"character_chosen":"WATCHER","items_purchased":["Prostrate","PathToVictory","FollowUp","Bronze Scales"],"campfire_rested":3,"item_purchase_floors":[2,2,11,13],"current_hp_per_floor":[65,65,65,65,58,13,13,34,34,27,27,48,48,46,67,33,77,58,58,58,58,56,29,29],"gold":218,"neow_bonus":"ONE_RANDOM_RARE_CARD","is_daily":false,"chose_seed":false,"campfire_upgraded":0,"win_rate":0.0,"timestamp":1613548885,"path_taken":["M","$","M","M","M","E","?","R","T","M","?","R","$","M","R","BOSS","M","?","?","M","M","E"],"items_purchased_type":["Card","Card","Card","Relic"],"build_version":"2020-12-22","purchased_purges":0,"victory":false,"max_hp_per_floor":[72,72,72,72,72,72,72,72,72,72,72,72,72,72,72,72,77,77,77,77,77,77,77,77],"card_choices":[{"not_picked":["Halt","BowlingBash"],"picked":"MentalFortress","floor":1},{"not_picked":["Fasting2","Prostrate"],"picked":"Crescendo","floor":3},{"not_picked":["Perseverance","TalkToTheHand"],"picked":"EmptyBody","floor":4},{"not_picked":["Indignation","Perseverance"],"picked":"FlyingSleeves","floor":5},{"not_picked":["Omniscience","Evaluate"],"picked":"WheelKick","floor":6},{"not_picked":["Study","FollowUp"],"picked":"Pray","floor":10},{"not_picked":["Indignation","EmptyBody"],"picked":"BowlingBash","floor":14},{"not_picked":["Judgement","Vault"],"picked":"Scrawl","floor":16},{"not_picked":["ThirdEye","Crescendo"],"picked":"Consecrate","floor":17},{"not_picked":["JustLucky","ClearTheMind"],"picked":"Alpha","floor":18},{"not_picked":["Collect","Swivel+1"],"picked":"DeceiveReality","floor":21},{"not_picked":["Vengeance","WaveOfTheHand"],"picked":"FearNoEvil","floor":22}],"player_experience":88616,"relics_obtained":[{"floor":6,"key":"Letter Opener"}],"event_choices":[{"damage_healed":0,"gold_gain":0,"player_choice":"Bought 1 Potion","damage_taken":0,"max_hp_gain":0,"max_hp_loss":0,"event_name":"The Woman in Blue","floor":7,"gold_loss":0},{"cards_removed":["Alpha"],"damage_healed":0,"gold_gain":0,"player_choice":"Give","damage_taken":0,"max_hp_gain":0,"max_hp_loss":0,"event_name":"betterNote:BetterNote","floor":19,"gold_loss":0,"cards_obtained":["Strike_B"]},{"damage_healed":0,"gold_gain":0,"player_choice":"Copied","damage_taken":0,"max_hp_gain":0,"max_hp_loss":0,"event_name":"Duplicator","floor":20,"gold_loss":0,"cards_obtained":["PathToVictory"]}],"is_beta":false,"boss_relics":[{"not_picked":["Fusion Hammer","Runic Pyramid"],"picked":"Tiny House"}],"items_purged_floors":[],"is_endless":false,"potions_floor_spawned":[4,14,18,21],"killed_by":"Gremlin Leader","ascension_level":0}}