{"host":"dscols65uipasqd2","time":1613603396,"event":{"mods":["2.2 Compatiblity","AchievementEnabler","Aspiration","BaseMod","Colored Powertips","Downfall","Energized Spire","GifTheSpireLib","Hermit","Hubris","Infinite Spire","JesterMod","Jorbs\u0027s Wanderer Trilogy","Magitek Elite","Marisa????????","Minty Spire (QoL Compilation)","Rare Cards Sparkle","Relic Stats","Replay The Spire","Robot Space Explorer","Shade Mod","StSLib","Stuff the Spire","The Blue Laboratory","The Cursed","The Disciple","The Forsaken","The Hierophant","The Judge","The Jungle","The Mystic","The Runesmith","The Servant 0.9.4","TheFirefly","Wandering Minibosses"],"gold_per_floor":[99,99,99,11,11,11,11,46,46,56,81,92,92,92,103,103,103,103],"floor_reached":16,"language":"ENG","playtime":776,"items_purged":[],"score":177,"play_id":"6baac16d-5149-4f19-82ff-795dd05a5ecc","local_time":"20210217180956","is_ascension_mode":true,"campfire_choices":[{"floor":1,"key":"RECALL"},{"data":"Replay:SS_hec_1","floor":6,"key":"SMITH"},{"floor":13,"key":"REST"}],"circlet_count":0,"master_deck":["sneckomod:Strike","sneckomod:Strike","sneckomod:Strike","sneckomod:Defend","sneckomod:Defend","sneckomod:Defend+1","sneckomod:TailWhip","sneckomod:SnekBite","sneckomod:Unknown","sneckomod:Unknown","sneckomod:SoulCleanse","sneckomod:ImprovisedAttack","Replay:SS_hec_1+1","sneckomod:UnknownClassJESTER_ORANGE","StuffTheSpire:Innocence","sneckomod:UnknownClassBLUE","sneckomod:UnknownVulnerable","sneckomod:ImprovisedAttack","sneckomod:UnknownDraw"],"relics":["sneckomod:SneckoSoul","downfall:HeartsMalice","hubris:Towel","aspiration:HummingbirdHeart","theForsaken:Gavel","Pen Nib","hubris:EvacipatedBox","Regal Pillow"],"acts_visited":["Exordium"],"potions_floor_usage":[16,16,16],"damage_taken":[{"damage":0,"enemies":"Cultist","floor":2,"turns":1},{"damage":0,"enemies":"downfall:FleeingMerchant","floor":4,"turns":1},{"damage":0,"enemies":"Gremlin Nob","floor":8,"turns":1},{"damage":3,"enemies":"Small Slimes","floor":10,"turns":5},{"damage":31,"enemies":"3 Sentries","floor":11,"turns":9},{"damage":3,"enemies":"Jaw Worm","floor":12,"turns":5},{"damage":6,"enemies":"Blue Slaver","floor":15,"turns":2},{"damage":22,"enemies":"WA_ARCHETYPE_RETAIN","floor":16,"turns":7}],"seed_played":"5192668147000949728","potions_obtained":[{"floor":8,"key":"FearPotion"},{"floor":10,"key":"Languid Potion"},{"floor":11,"key":"blueLaboratory:BottleOfVodka"},{"floor":15,"key":"Energy Potion"}],"is_trial":false,"path_per_floor":["R","M","?","$","?","R","T","E","?","M","E","M","R","$","M","B"],"character_chosen":"THE_SNECKO","items_purchased":["Replay:SS_hec_1","hubris:EvacipatedBox","Regal Pillow"],"campfire_rested":1,"item_purchase_floors":[4,14,14],"current_hp_per_floor":[81,81,81,81,81,81,81,81,74,71,40,37,64,35,29,7,7,7],"gold":103,"neow_bonus":"THREE_ENEMY_KILL","is_daily":false,"chose_seed":false,"campfire_upgraded":1,"win_rate":0.0,"timestamp":1613603396,"path_taken":["R","M","?","$","?","R","T","E","?","M","E","M","R","?","M","BOSS"],"items_purchased_type":["Card","Relic","Relic"],"build_version":"2020-12-22","purchased_purges":0,"victory":false,"max_hp_per_floor":[90,90,90,90,90,90,90,90,90,90,90,90,90,90,90,90,90,90],"relic_stats":{"Regal Pillow":0,"counters":[8,28],"Pen Nib":[1],"obtain_stats":[{"Regal Pillow":14,"downfall:HeartsMalice":0,"Pen Nib":11,"aspiration:HummingbirdHeart":7,"hubris:Towel":5,"sneckomod:SneckoSoul":0,"theForsaken:Gavel":8,"hubris:EvacipatedBox":14},{"Regal Pillow":6,"downfall:HeartsMalice":0,"Pen Nib":5,"aspiration:HummingbirdHeart":2,"hubris:Towel":2,"sneckomod:SneckoSoul":0,"theForsaken:Gavel":3,"hubris:EvacipatedBox":6},{"Regal Pillow":19,"downfall:HeartsMalice":0,"Pen Nib":14,"aspiration:HummingbirdHeart":0,"hubris:Towel":0,"sneckomod:SneckoSoul":0,"theForsaken:Gavel":0,"hubris:EvacipatedBox":19}]},"card_choices":[{"not_picked":["sneckomod:UnknownClassSHADE_COLOR","sneckomod:Unknown0Cost"],"picked":"sneckomod:SoulCleanse","floor":2},{"not_picked":["sneckomod:SoulRoll","sneckomod:SoulCleanse"],"picked":"sneckomod:ImprovisedAttack","floor":4},{"not_picked":["sneckomod:UnknownClassWANDERER_GRAY_COLOR","sneckomod:GlitteringGambit"],"picked":"sneckomod:UnknownClassJESTER_ORANGE","floor":8},{"not_picked":["sneckomod:Unknown2Cost","sneckomod:UnknownClassRED"],"picked":"sneckomod:UnknownClassBLUE","floor":10},{"not_picked":["sneckomod:UnknownClassWORDO_MOD_COLOR","sneckomod:UnknownCommonAttack"],"picked":"sneckomod:UnknownVulnerable","floor":11},{"not_picked":["sneckomod:UnlimitedRolls","sneckomod:UnknownClassMYSTIC_PURPLE"],"picked":"sneckomod:ImprovisedAttack","floor":12},{"not_picked":["sneckomod:DiceBlock","sneckomod:UnknownClassJESTER_ORANGE"],"picked":"sneckomod:UnknownDraw","floor":15}],"player_experience":650157,"relics_obtained":[{"floor":7,"key":"aspiration:HummingbirdHeart"},{"floor":8,"key":"theForsaken:Gavel"},{"floor":11,"key":"Pen Nib"}],"event_choices":[],"is_beta":false,"boss_relics":[],"items_purged_floors":[],"is_endless":false,"potions_floor_spawned":[8,10,11,15],"killed_by":"WA_ARCHETYPE_RETAIN","ascension_level":7}}