{"host":"js2su9tbbk4rmjfl","time":1613592293,"event":{"mods":["AchievementEnabler","BaseMod","Block Reminder","Colored Map","Colored Powertips","Highlight Path","Minty Spire (QoL Compilation)","Relic Stats"],"gold_per_floor":[18,35,35,52,52,52,52,52,52,52,70,86,98,98,98,172,172,182,193,98,48,48,48],"floor_reached":22,"language":"ENG","playtime":782,"items_purged":[],"score":334,"play_id":"ef049c7e-db04-4168-bc3e-f2edfc892d4d","local_time":"20210217210453","is_ascension_mode":true,"campfire_choices":[{"data":"Perfected Strike","floor":6,"key":"SMITH"},{"data":"Searing Blow","floor":8,"key":"SMITH"},{"data":"Searing Blow+1","floor":10,"key":"SMITH"},{"data":"Searing Blow+2","floor":15,"key":"SMITH"}],"circlet_count":0,"master_deck":["AscendersBane","Strike_R","Strike_R","Strike_R","Strike_R+1","Strike_R","Defend_R+1","Defend_R","Perfected Strike+1","Searing Blow+3","Feed","Twin Strike+1","Finesse"],"relics":["Black Blood","Gremlin Horn","FossilizedHelix"],"acts_visited":["Exordium","TheCity"],"potions_floor_usage":[11,16,19],"damage_taken":[{"damage":17,"enemies":"Small Slimes","floor":1,"turns":4},{"damage":7,"enemies":"Cultist","floor":2,"turns":4},{"damage":0,"enemies":"2 Louse","floor":4,"turns":2},{"damage":7,"enemies":"Large Slime","floor":11,"turns":4},{"damage":0,"enemies":"Exordium Wildlife","floor":12,"turns":2},{"damage":6,"enemies":"Exordium Thugs","floor":13,"turns":4},{"damage":37,"enemies":"Slime Boss","floor":16,"turns":9},{"damage":38,"enemies":"Shell Parasite","floor":18,"turns":5},{"damage":11,"enemies":"Spheric Guardian","floor":19,"turns":4},{"damage":42,"enemies":"Cultist and Chosen","floor":22,"turns":4}],"seed_played":"5044885602253045525","potions_obtained":[{"floor":2,"key":"Strength Potion"},{"floor":11,"key":"ElixirPotion"},{"floor":18,"key":"Block Potion"}],"is_trial":false,"path_per_floor":["M","M","?","M","?","R","?","R","T","R","M","M","M","?","R","B",null,"M","M","$","?","M"],"character_chosen":"IRONCLAD","items_purchased":["Finesse"],"campfire_rested":0,"item_purchase_floors":[20],"current_hp_per_floor":[57,56,56,62,62,62,57,57,57,57,56,62,62,39,39,8,58,32,36,36,36,0,0],"gold":48,"neow_bonus":"REMOVE_TWO","is_daily":false,"chose_seed":false,"campfire_upgraded":4,"win_rate":0.0,"timestamp":1613592293,"path_taken":["M","M","?","?","?","R","?","R","T","R","M","M","M","?","R","BOSS","M","M","$","?","M"],"items_purchased_type":["Card"],"build_version":"2020-12-22","purchased_purges":0,"victory":false,"max_hp_per_floor":[75,75,75,75,75,75,75,75,75,75,75,75,75,75,75,75,75,75,78,78,78,78,78],"relic_stats":{"Gremlin Horn":[7,7],"counters":[10,42],"Black Blood":66,"obtain_stats":[{"Gremlin Horn":7,"Black Blood":17,"Burning Blood":0,"FossilizedHelix":9},{"Gremlin Horn":3,"Black Blood":7,"Burning Blood":0,"FossilizedHelix":3},{"Gremlin Horn":10,"Black Blood":29,"Burning Blood":0,"FossilizedHelix":10}]},"card_choices":[{"not_picked":["Shrug It Off","True Grit"],"picked":"Perfected Strike","floor":1},{"not_picked":["Perfected Strike","Headbutt","Armaments"],"picked":"SKIP","floor":2},{"not_picked":["Havoc","Warcry"],"picked":"Searing Blow","floor":4},{"not_picked":["Heavy Blade","Cleave","Blood for Blood"],"picked":"SKIP","floor":11},{"not_picked":["Bloodletting","Pommel Strike","Iron Wave"],"picked":"SKIP","floor":12},{"not_picked":["Armaments","Headbutt","Pommel Strike"],"picked":"SKIP","floor":13},{"not_picked":["Corruption","Brutality"],"picked":"Feed","floor":16},{"not_picked":["Bloodletting","Shrug It Off","Armaments"],"picked":"SKIP","floor":18},{"not_picked":["Heavy Blade","Anger"],"picked":"Twin Strike+1","floor":19}],"player_experience":818917,"relics_obtained":[{"floor":9,"key":"FossilizedHelix"}],"event_choices":[{"cards_removed":["Bash"],"damage_healed":0,"gold_gain":0,"player_choice":"Offered Basic","damage_taken":0,"max_hp_gain":0,"max_hp_loss":0,"event_name":"Bonfire Elementals","floor":3,"gold_loss":0},{"damage_healed":0,"gold_gain":0,"player_choice":"Ignored","damage_taken":0,"max_hp_gain":0,"max_hp_loss":0,"event_name":"Liars Game","floor":5,"gold_loss":0},{"damage_healed":0,"gold_gain":0,"player_choice":"Success","damage_taken":5,"relics_obtained":["Gremlin Horn"],"max_hp_gain":0,"max_hp_loss":0,"event_name":"Scrap Ooze","floor":7,"gold_loss":0},{"damage_healed":0,"gold_gain":0,"player_choice":"Entered Light","damage_taken":23,"max_hp_gain":0,"max_hp_loss":0,"event_name":"Shining Light","floor":14,"gold_loss":0,"cards_upgraded":["Strike_R","Defend_R"]},{"damage_healed":0,"gold_gain":0,"player_choice":"Bet on Murderer","damage_taken":0,"max_hp_gain":0,"max_hp_loss":0,"event_name":"The Joust","floor":21,"gold_loss":50}],"is_beta":false,"boss_relics":[{"not_picked":["Astrolabe","Snecko Eye"],"picked":"Black Blood"}],"items_purged_floors":[],"is_endless":false,"potions_floor_spawned":[2,11,18],"killed_by":"Cultist and Chosen","ascension_level":18}}