{"host":"nn8ykqwz2w24pkn4","time":1613520149,"event":{"mods":["AchievementEnabler","Aspiration","BaseMod","Better Note","BetterRewards","DNKmod","Friendly Minions","Gold Saver","Highlight Path","Hubris","Minty Spire (QoL Compilation)","Rare Cards Sparkle","Spire Birthday Party","StSLib","Uncapped","Unceasing Turn Reminder","egg"],"gold_per_floor":[365,440,455,455,55,55,70,85,85,100,55,70,70,85,85,185,185,200,205,230,245,245,245,95,110,110,140,140,140,155,0,0,100,100,115,337,83,83,98,98,113,128,153,7,22,52,67,67,67,67],"floor_reached":51,"language":"ENG","playtime":1829,"items_purged":[],"score":939,"play_id":"2cb92cde-b4fc-4f57-b27b-3dbdfa896d72","local_time":"20210216160229","daily_mods":["Specialized","ControlledChaos","Lethality"],"is_ascension_mode":false,"campfire_choices":[{"data":"FollowUp","floor":6,"key":"SMITH"},{"data":"DevaForm","floor":15,"key":"SMITH"},{"floor":23,"key":"REST"},{"floor":28,"key":"REST"},{"data":"Ragnarok","floor":32,"key":"SMITH"},{"data":"Apotheosis","floor":40,"key":"SMITH"},{"data":"MasterReality","floor":49,"key":"SMITH"}],"circlet_count":0,"master_deck":["Strike_P","Strike_P","Strike_P","Defend_P","Defend_P","Defend_P","Defend_P","Eruption","Vigilance","Nirvana","Nirvana","Nirvana","Nirvana","Nirvana","FearNoEvil+1","FollowUp+1","WheelKick","PathToVictory","PathToVictory","EmptyFist","FlurryOfBlows+1","DevaForm+1","FlyingSleeves","Ragnarok+1","Prostrate+1","ClearTheMind","SashWhip+1","CutThroughFate","MentalFortress","Tantrum","MentalFortress","Halt","SandsOfTime","Apotheosis+1","FlurryOfBlows+1","Consecrate+1","Crescendo+1","MasterReality+1","FlurryOfBlows+1","PathToVictory+1","CarveReality+1","Madness+1","Madness+1"],"relics":["PureWater","Frozen Eye","Tiny Chest","Sling","Letter Opener","Pen Nib","Red Mask","hubris:SlimyHat","hubris:EvacipatedBox","Oddly Smooth Stone","hubris:TenFootPole","hubris:FruitBowl","Blood Vial","hubris:CrystalStatue","Strawberry","hubris:Backtick","hubris:GlazedTorus","Toxic Egg 2","Whetstone","hubris:MysteriousPyramids"],"acts_visited":["Exordium","TheCity","TheBeyond"],"potions_floor_usage":[19,30,50,50,50],"damage_taken":[{"damage":0,"enemies":"Small Slimes","floor":1,"turns":4},{"damage":0,"enemies":"Jaw Worm","floor":3,"turns":3},{"damage":0,"enemies":"Cultist","floor":7,"turns":3},{"damage":0,"enemies":"3 Louse","floor":8,"turns":1},{"damage":0,"enemies":"2 Fungi Beasts","floor":10,"turns":2},{"damage":0,"enemies":"Exordium Wildlife","floor":12,"turns":3},{"damage":0,"enemies":"Gremlin Gang","floor":14,"turns":3},{"damage":0,"enemies":"The Guardian","floor":16,"turns":6},{"damage":0,"enemies":"Shell Parasite","floor":18,"turns":3},{"damage":40,"enemies":"Masked Bandits","floor":19,"turns":4},{"damage":0,"enemies":"Spheric Guardian","floor":21,"turns":2},{"damage":0,"enemies":"Snake Plant","floor":25,"turns":2},{"damage":0,"enemies":"Gremlin Leader","floor":27,"turns":4},{"damage":0,"enemies":"Shelled Parasite and Fungi","floor":30,"turns":5},{"damage":0,"enemies":"Collector","floor":33,"turns":4},{"damage":0,"enemies":"3 Darklings","floor":35,"turns":2},{"damage":0,"enemies":"Orb Walker","floor":39,"turns":2},{"damage":0,"enemies":"Writhing Mass","floor":41,"turns":3},{"damage":0,"enemies":"Maw","floor":42,"turns":5},{"damage":0,"enemies":"Spire Growth","floor":45,"turns":3},{"damage":0,"enemies":"Reptomancer","floor":46,"turns":3},{"damage":26,"enemies":"4 Shapes","floor":47,"turns":4},{"damage":26,"enemies":"Donu and Deca","floor":50,"turns":5}],"seed_played":"2711566965655028651","potions_obtained":[{"floor":1,"key":"PowerPotion"},{"floor":3,"key":"PowerPotion"},{"floor":10,"key":"Swift Potion"},{"floor":21,"key":"Regen Potion"},{"floor":30,"key":"GamblersBrew"},{"floor":35,"key":"Strength Potion"}],"is_trial":false,"path_per_floor":["M","?","M","T","$","R","M","M","T","M","$","M","?","M","R","B",null,"M","?","T","M","$","R","$","M","T","E","R","?","M","$","R","B",null,"M","?","$","T","M","R","M","M","T","$","M","E","M","?","R","B",null],"character_chosen":"WATCHER","items_purchased":["Sling","Letter Opener","EmptyFist","hubris:EvacipatedBox","Oddly Smooth Stone","hubris:TenFootPole","hubris:FruitBowl","Blood Vial","Tantrum","MentalFortress","SandsOfTime","Apotheosis","MasterReality"],"campfire_rested":2,"item_purchase_floors":[5,5,11,22,22,22,22,24,31,31,37,37,44],"current_hp_per_floor":[125,114,114,114,114,114,114,114,114,114,114,114,114,114,114,114,125,125,85,85,85,27,64,64,66,66,78,118,122,138,138,138,139,139,139,139,139,139,139,139,139,139,139,139,139,139,113,105,105,81],"gold":67,"neow_bonus":"","is_daily":true,"chose_seed":false,"campfire_upgraded":5,"win_rate":0.0,"timestamp":1613520149,"path_taken":["M","?","M","?","$","R","M","M","T","M","$","M","?","?","R","BOSS","M","?","?","M","?","R","$","M","T","E","R","?","M","$","R","BOSS","M","?","$","?","M","R","M","M","T","$","M","E","?","?","R","BOSS"],"items_purchased_type":["Relic","Relic","Card","Relic","Relic","Relic","Relic","Relic","Card","Card","Card","Card","Card"],"build_version":"2020-12-22","purchased_purges":0,"victory":true,"max_hp_per_floor":[125,125,125,125,125,125,125,125,125,125,125,125,125,125,125,125,125,125,125,125,125,125,125,125,125,125,135,135,139,139,139,139,139,139,139,139,139,139,139,139,139,139,139,139,139,139,139,139,139,139],"card_choices":[{"not_picked":["ClearTheMind","Pray"],"picked":"FearNoEvil","floor":1},{"not_picked":["Indignation","Prostrate"],"picked":"FollowUp","floor":3},{"not_picked":["Collect","ThirdEye"],"picked":"WheelKick","floor":7},{"not_picked":["Wireheading","JustLucky"],"picked":"PathToVictory","floor":8},{"not_picked":["CrushJoints","ThirdEye"],"picked":"PathToVictory","floor":10},{"not_picked":["Worship","WaveOfTheHand"],"picked":"FlurryOfBlows","floor":12},{"not_picked":["Omniscience","Study"],"picked":"FlyingSleeves","floor":14},{"not_picked":["MasterReality","Judgement"],"picked":"Ragnarok","floor":16},{"not_picked":["Worship","ThirdEye"],"picked":"Prostrate+1","floor":18},{"not_picked":["FlyingSleeves","Evaluate"],"picked":"ClearTheMind","floor":19},{"not_picked":["Evaluate","ReachHeaven"],"picked":"SashWhip+1","floor":21},{"not_picked":["Evaluate","CrushJoints"],"picked":"CutThroughFate","floor":25},{"not_picked":["WheelKick","Evaluate"],"picked":"MentalFortress","floor":27},{"not_picked":["Study","Pray","SignatureMove"],"picked":"SKIP","floor":30},{"not_picked":["Pray","SashWhip+1"],"picked":"Halt","floor":35},{"not_picked":["EmptyFist","Indignation+1"],"picked":"FlurryOfBlows+1","floor":39},{"not_picked":["SashWhip+1","Swivel+1"],"picked":"Consecrate+1","floor":41},{"not_picked":["EmptyFist+1","MentalFortress+1"],"picked":"Crescendo+1","floor":42},{"not_picked":["Pray+1","MentalFortress"],"picked":"FlurryOfBlows+1","floor":45},{"not_picked":["Blasphemy+1","CrushJoints"],"picked":"PathToVictory+1","floor":46},{"not_picked":["BowlingBash+1","Wallop+1"],"picked":"CarveReality+1","floor":47}],"player_experience":426037,"relics_obtained":[{"floor":4,"key":"Tiny Chest"},{"floor":9,"key":"Pen Nib"},{"floor":19,"key":"Red Mask"},{"floor":20,"key":"hubris:SlimyHat"},{"floor":26,"key":"hubris:CrystalStatue"},{"floor":27,"key":"Strawberry"},{"floor":38,"key":"Toxic Egg 2"},{"floor":43,"key":"Whetstone"},{"floor":46,"key":"hubris:MysteriousPyramids"}],"event_choices":[{"damage_healed":0,"gold_gain":75,"player_choice":"Gather Gold","damage_taken":11,"max_hp_gain":0,"max_hp_loss":0,"event_name":"World of Goop","floor":2,"gold_loss":0},{"damage_healed":0,"gold_gain":0,"cards_transformed":["Strike_P"],"player_choice":"Transformed","damage_taken":0,"max_hp_gain":0,"max_hp_loss":0,"event_name":"Transmorgrifier","floor":13,"gold_loss":0,"cards_obtained":["DevaForm"]},{"damage_healed":0,"gold_gain":0,"player_choice":"Fought Bandits","damage_taken":0,"max_hp_gain":0,"max_hp_loss":0,"event_name":"Masked Bandits","floor":19,"gold_loss":0},{"damage_healed":0,"gold_gain":222,"player_choice":"Wore Mask","damage_taken":0,"max_hp_gain":0,"max_hp_loss":0,"event_name":"Tomb of Lord Red Mask","floor":36,"gold_loss":0},{"damage_healed":0,"gold_gain":0,"player_choice":"Embrace Madness","damage_taken":17,"max_hp_gain":0,"max_hp_loss":0,"event_name":"Winding Halls","floor":48,"gold_loss":0,"cards_obtained":["Madness","Madness"]}],"is_beta":false,"boss_relics":[{"not_picked":["Cursed Key","Pandora\u0027s Box","Runic Pyramid"]},{"not_picked":["Empty Cage","SlaversCollar","aspiration:DefectSkillbook"],"picked":"hubris:Backtick"}],"items_purged_floors":[],"is_endless":false,"potions_floor_spawned":[1,3,10,16,21,27,30,35,47],"ascension_level":0}}