{"host":"vm8b3ptwl81uq21f","time":1613599855,"event":{"mods":["Act Like it!","Aspiration","BaseMod","BetterRewards","Colored Map","Colored Powertips","Conspire","Gensokyo","GifTheSpireLib","Googly Eyes","GungeonMod","Halation","Hubris","Infinite Spire","Minty Spire (QoL Compilation)","Quick Restart","Rare Cards Sparkle","Reliquary","Replay The Spire","Shop Mod","Spicy Shops","Spire Arcade","StSLib","Stuff the Spire","The IronCluck","The Jungle","[IsaacMod]????"],"gold_per_floor":[118,83,83,99,110,110,141,141,167,167,197,197,208,234,234,333,333,347,262,262,282,207,343,343,89,89,89,99,99,110,246,246,347,347,364,364,364,274,58,68,68,68,68,68,87,104,240,59,59,59,59],"floor_reached":50,"language":"ENG","playtime":1979,"items_purged":["Defend_B","Defend_B","Strike_B+1","Defend_B+1"],"score":1447,"play_id":"983c990b-c202-47df-bf17-d9171731f0f8","local_time":"20210217171055","is_ascension_mode":true,"campfire_choices":[{"data":"Zap","floor":6,"key":"SMITH"},{"data":"Dualcast","floor":6,"key":"SMITH"},{"data":"Scrape","floor":8,"key":"SMITH"},{"data":"Beam Cell","floor":8,"key":"SMITH"},{"data":"Scrape","floor":12,"key":"SMITH"},{"data":"Conserve Battery","floor":12,"key":"SMITH"},{"data":"Streamline","floor":15,"key":"SMITH"},{"data":"Defend_B","floor":15,"key":"SMITH"},{"floor":27,"key":"REST"},{"data":"infinitespire:Gouge","floor":29,"key":"SMITH"},{"data":"infinitespire:Gouge","floor":29,"key":"SMITH"},{"data":"hubris:DoWhile","floor":32,"key":"SMITH"},{"data":"Genetic Algorithm","floor":32,"key":"SMITH"},{"data":"Seek","floor":41,"key":"SMITH"},{"data":"Beam Cell","floor":41,"key":"SMITH"},{"data":"Go for the Eyes","floor":41,"key":"SMITH"},{"data":"FTL","floor":41,"key":"SMITH"},{"data":"All For One","floor":44,"key":"SMITH"},{"data":"Gash","floor":44,"key":"SMITH"},{"floor":44,"key":"RECALL"}],"circlet_count":0,"master_deck":["Defend_B+1","Zap+1","Dualcast+1","Scrape+1","Beam Cell+1","Scrape+1","Conserve Battery+1","Streamline+1","hubris:DoWhile+1","FTL+1","infinitespire:Gouge+1","Gash+1","Genetic Algorithm+1","infinitespire:Gouge+1","ReplayGash+1","Seek+1","All For One+1","Gensokyo:CustomPotion","Go for the Eyes+1","Beam Cell+1","Gensokyo:RPG","Violence+1"],"relics":["Cracked Core","HushsDoor","halation:LettersToHer","Frozen Eye","MerchantsRug","halation:PenCase","reliquary:Ember","StuffTheSpire:Nightcore","aspiration:Stabinomicon","Membership Card","reliquary:Aerogel","ReplayTheSpireMod:TigerMarble","SlaversCollar","Ornamental Fan","Replay:Arrowhead","HandDrill","Replay:Baseball","DemoMod:GundromedaStrain"],"acts_visited":["Exordium","TheCity","TheCity"],"potions_floor_usage":[7,16,16,31,33,33,50],"damage_taken":[{"damage":4,"enemies":"Small Slimes","floor":1,"turns":2},{"damage":0,"enemies":"2 Louse","floor":4,"turns":2},{"damage":9,"enemies":"conspire:RoseBush","floor":5,"turns":2},{"damage":15,"enemies":"3 Sentries","floor":7,"turns":6},{"damage":7,"enemies":"Lagavulin","floor":11,"turns":3},{"damage":0,"enemies":"Blue Slaver","floor":13,"turns":1},{"damage":0,"enemies":"Replay:BlueRogue","floor":14,"turns":3},{"damage":27,"enemies":"Fading Forest","floor":16,"turns":11},{"damage":19,"enemies":"3 Byrds","floor":18,"turns":4},{"damage":10,"enemies":"2 Thieves","floor":21,"turns":3},{"damage":25,"enemies":"Slavers","floor":23,"turns":4},{"damage":2,"enemies":"Snake Plant","floor":28,"turns":1},{"damage":0,"enemies":"Cultist and Chosen","floor":30,"turns":2},{"damage":13,"enemies":"Gremlin Leader","floor":31,"turns":3},{"damage":3,"enemies":"hubris:MusketHawk","floor":33,"turns":2},{"damage":0,"enemies":"Gensokyo:AncientGuardian","floor":35,"turns":2},{"damage":0,"enemies":"Gensokyo:3_Bats","floor":40,"turns":2},{"damage":0,"enemies":"Gensokyo:Sharpion","floor":45,"turns":1},{"damage":0,"enemies":"Gensokyo:Dusk_and_Dawn","floor":46,"turns":2},{"damage":1,"enemies":"Gensokyo:Marisa","floor":47,"turns":3},{"damage":0,"enemies":"Gensokyo:Shinki","floor":50,"turns":12}],"seed_played":"6291623747941909059","potions_obtained":[{"floor":1,"key":"Ancient Potion"},{"floor":4,"key":"Strength Potion"},{"floor":14,"key":"Regen Potion"},{"floor":16,"key":"AttackPotion"},{"floor":21,"key":"Strength Potion"},{"floor":28,"key":"Strength Potion"},{"floor":30,"key":"Regen Potion"},{"floor":31,"key":"BlessingOfTheForge"},{"floor":33,"key":"AttackPotion"},{"floor":35,"key":"Reflective Coating"},{"floor":40,"key":"Strength Potion"}],"is_trial":false,"path_per_floor":["M","?","?","M","M","R","E","R","T","?","E","R","M","E","R","B",null,"M","?","AVR","M","?","E","?","$","T","R","M","R","M","E","R","B",null,"M","?","?","?","$","M","R","?","T","R","M","M","E","$","R_BF","B"],"character_chosen":"DEFECT","items_purchased":["halation:LettersToHer","reliquary:Buckler","Frozen Eye","MerchantsRug","Scrape","Whetstone","halation:PenCase","Membership Card","DollysMirror","Replay:Wax Seal","reliquary:Aerogel","All For One","Ornamental Fan","Replay:Arrowhead","Go for the Eyes","Beam Cell","HandDrill","Blood Vial","Replay:Baseball","DemoMod:GundromedaStrain","Violence"],"campfire_rested":1,"item_purchase_floors":[0,0,0,0,0,0,0,25,25,25,25,34,39,39,39,39,39,39,48,48,48],"current_hp_per_floor":[21,39,39,39,30,30,15,15,15,15,17,17,19,21,21,23,67,48,48,48,42,42,19,3,3,3,27,29,29,33,31,31,30,66,68,68,68,68,68,70,70,70,70,78,78,79,79,79,79,79,79],"gold":59,"neow_bonus":"","is_daily":false,"chose_seed":false,"campfire_upgraded":18,"win_rate":0.0,"timestamp":1613599855,"path_taken":["M","?","?","M","M","R","E","R","T","?","E","R","M","E","R","BOSS","M","?","AVR","M","?","E","?","?","T","R","?","R","M","E","R","BOSS","M","?","?","?","$","M","R","?","T","R","?","M","E","?","R_BF","BOSS"],"items_purchased_type":["Relic","Relic","Relic","Relic","Card","Relic","Relic","Relic","Relic","Relic","Relic","Card","Relic","Relic","Card","Card","Relic","Relic","Relic","Relic","Card"],"build_version":"2020-12-22","purchased_purges":4,"victory":false,"max_hp_per_floor":[75,75,75,75,75,75,75,75,75,75,82,82,82,82,82,82,82,82,82,82,82,82,82,82,82,82,82,82,82,82,82,82,82,78,78,78,78,78,78,78,78,78,78,78,78,79,79,79,79,79,79],"card_choices":[{"not_picked":["StuffTheSpire:LoadUp","StuffTheSpire:Rend","Leap"],"picked":"SKIP","floor":1},{"not_picked":["Stack","conspire:Rain"],"picked":"Scrape","floor":4},{"not_picked":["Streamline","Turbo","ReplaySort"],"picked":"SKIP","floor":5},{"not_picked":["conspire:Rain","Stack"],"picked":"Conserve Battery","floor":7},{"not_picked":["Coolheaded","Heatsinks","Conserve Battery"],"picked":"SKIP","floor":11},{"not_picked":["ReplaySolidLightProjector","Undo"],"picked":"Bomb","floor":13},{"not_picked":["Panic Button","Ball Lightning"],"picked":"Streamline","floor":14},{"not_picked":["Machine Learning","Rainbow"],"picked":"hubris:DoWhile","floor":16},{"not_picked":["Sunder","Stack"],"picked":"FTL","floor":18},{"not_picked":["hubris:PowerSurge+1","Panic Button+1"],"picked":"Gash","floor":21},{"not_picked":["StuffTheSpire:Synthwave","Cold Snap"],"picked":"Genetic Algorithm","floor":23},{"not_picked":["Compile Driver","Streamline"],"picked":"ReplayGash+1","floor":28},{"not_picked":["Blizzard","Turbo","Chaos"],"picked":"SKIP","floor":30},{"not_picked":["ReplayTheSpireMod:Calculation Training","Sweeping Beam+1","Rip and Tear"],"picked":"SKIP","floor":31},{"not_picked":["Electrodynamics","Hyperbeam"],"picked":"Seek","floor":33},{"not_picked":["Undo+1","Recycle","Conserve Battery+1"],"picked":"SKIP","floor":35},{"not_picked":["Undo","Fusion","BasicCrystalCard+1"],"picked":"SKIP","floor":40},{"not_picked":["Hello World","Barrage","Darkness+1"],"picked":"SKIP","floor":45},{"not_picked":["hubris:Ukulele","Stack","Tempest+1"],"picked":"SKIP","floor":46},{"not_picked":["ReplayTheSpireMod:Dual Polarity","Crystallizer","Self Repair+1"],"picked":"SKIP","floor":47}],"player_experience":423167,"relics_obtained":[{"floor":7,"key":"Solar Panel"},{"floor":9,"key":"halation:LettersToHer"},{"floor":9,"key":"halation:KoshaPiece"},{"floor":11,"key":"Strawberry"},{"floor":14,"key":"StuffTheSpire:TintedRock"},{"floor":23,"key":"reliquary:SculptingSteel"},{"floor":24,"key":"aspiration:Stabinomicon"},{"floor":26,"key":"halation:LettersToHer"},{"floor":26,"key":"White Beast Statue"},{"floor":31,"key":"ReplayTheSpireMod:TigerMarble"},{"floor":43,"key":"halation:LettersToHer"},{"floor":43,"key":"Eternal Feather"},{"floor":47,"key":"DemoMod:PoisonVial"}],"event_choices":[{"damage_healed":18,"gold_gain":0,"player_choice":"Healed","damage_taken":0,"max_hp_gain":0,"max_hp_loss":0,"event_name":"The Cleric","floor":2,"gold_loss":35},{"damage_healed":0,"gold_gain":0,"player_choice":"Obtained Relic","damage_taken":0,"relics_obtained":["halation:Gekota"],"max_hp_gain":0,"max_hp_loss":0,"event_name":"Addict","floor":19,"gold_loss":85},{"cards_removed":["Strike_B"],"damage_healed":0,"gold_gain":0,"player_choice":"Gave Gold","damage_taken":0,"max_hp_gain":0,"max_hp_loss":0,"event_name":"Beggar","floor":22,"gold_loss":75},{"damage_healed":0,"gold_gain":0,"player_choice":"Obtained Book","damage_taken":16,"max_hp_gain":0,"max_hp_loss":0,"event_name":"Cursed Tome","floor":24,"gold_loss":0}],"is_beta":false,"boss_relics":[{"not_picked":["aspiration:IroncladSkillbook","halation:PlatinumPhoenix"],"picked":"reliquary:Ember"},{"not_picked":[]},{"not_picked":["hubris:VirtuousBlindfold","conspire:RoyalGoblet"],"picked":"SlaversCollar"},{"not_picked":[]}],"items_purged_floors":[20,39,48,48],"is_endless":false,"potions_floor_spawned":[1,4,14,16,21,28,30,31,33,35,40,45,46,47],"killed_by":"Gensokyo:Shinki","ascension_level":8}}