{"host":"uv5ws9rdk87e8i5k","time":1613604767,"event":{"mods":["AchievementEnabler","BaseMod","Colored Map","Minty Spire (QoL Compilation)","Permanent Neow","Quick Restart","StSLib","SuperFastMode","The Necromancer"],"gold_per_floor":[210,18,93,106,122,122,147,147,172,207,220,239,239,265,265,265,265],"floor_reached":16,"language":"ENG","playtime":366,"items_purged":["Strike_B"],"score":196,"play_id":"548ae8da-7c23-4217-b1d5-58533eaeb906","local_time":"20210217173247","is_ascension_mode":true,"campfire_choices":[{"data":"Defragment","floor":6,"key":"SMITH"},{"data":"Genetic Algorithm","floor":8,"key":"SMITH"},{"data":"Electrodynamics","floor":15,"key":"SMITH"}],"circlet_count":0,"master_deck":["Strike_B","Strike_B","Strike_B","Defend_B","Defend_B","Defend_B","Defend_B","Zap","Dualcast","Doom and Gloom","Genetic Algorithm+1","Cold Snap","Coolheaded","Defragment+1","Sweeping Beam","Electrodynamics+1"],"relics":["Cracked Core","PreservedInsect","Lantern","Kunai"],"acts_visited":["Exordium"],"potions_floor_usage":[7,10,14,14,14],"damage_taken":[{"damage":0.0,"enemies":"Small Slimes","floor":1.0,"turns":3.0},{"damage":5,"enemies":"Jaw Worm","floor":4,"turns":4},{"damage":1,"enemies":"Cultist","floor":5,"turns":4},{"damage":3,"enemies":"3 Sentries","floor":7,"turns":5},{"damage":12,"enemies":"Lagavulin","floor":10,"turns":4},{"damage":6,"enemies":"Looter","floor":11,"turns":3},{"damage":0,"enemies":"3 Louse","floor":12,"turns":3},{"damage":0,"enemies":"3 Sentries","floor":14,"turns":3},{"damage":33,"enemies":"Hexaghost","floor":16,"turns":9}],"seed_played":"1868080106130965275","potions_obtained":[{"floor":4,"key":"PowerPotion"},{"floor":5,"key":"DuplicationPotion"},{"floor":10,"key":"EssenceOfSteel"},{"floor":11,"key":"Fire Potion"},{"floor":12,"key":"PotionOfCapacity"}],"is_trial":false,"path_per_floor":["M","$","?","M","M","R","E","R","T","E","M","M","?","E","R","B"],"character_chosen":"DEFECT","items_purchased":["Genetic Algorithm","Cold Snap"],"campfire_rested":0,"item_purchase_floors":[2,2],"current_hp_per_floor":[68,68,57,52,51,51,48,48,48,36,30,30,30,30,30,0,0],"gold":265,"neow_bonus":"HUNDRED_GOLD","is_daily":false,"chose_seed":false,"campfire_upgraded":3,"win_rate":0.0,"timestamp":1613604767,"path_taken":["M","$","?","M","M","R","E","R","T","E","M","M","?","E","R","BOSS"],"items_purchased_type":["Card","Card"],"build_version":"2020-12-22","purchased_purges":1,"victory":false,"max_hp_per_floor":[75,75,75,75,75,75,75,75,75,75,75,75,75,75,75,75,75],"card_choices":[{"not_picked":["Stack","Darkness"],"picked":"Doom and Gloom","floor":1.0},{"not_picked":["Sunder","Fusion"],"picked":"Coolheaded","floor":4},{"not_picked":["Barrage","Hologram"],"picked":"Defragment","floor":5},{"not_picked":["Barrage","Cold Snap","Recycle"],"picked":"SKIP","floor":7},{"not_picked":["Heatsinks","Cold Snap","Beam Cell"],"picked":"SKIP","floor":10},{"not_picked":["Turbo","Go for the Eyes"],"picked":"Sweeping Beam","floor":11},{"not_picked":["Cold Snap","Darkness","Force Field"],"picked":"SKIP","floor":12},{"not_picked":["Consume","Streamline"],"picked":"Electrodynamics","floor":14}],"player_experience":222223,"relics_obtained":[{"floor":7,"key":"PreservedInsect"},{"floor":10,"key":"Lantern"},{"floor":14,"key":"Kunai"}],"event_choices":[{"damage_healed":0.0,"max_hp_gain":0.0,"max_hp_loss":0.0,"gold_gain":75.0,"event_name":"World of Goop","player_choice":"Gather Gold","floor":3.0,"gold_loss":0.0,"damage_taken":11.0},{"damage_healed":0,"gold_gain":0,"player_choice":"Bought 0 Potions","damage_taken":0,"max_hp_gain":0,"max_hp_loss":0,"event_name":"The Woman in Blue","floor":13,"gold_loss":0}],"is_beta":false,"boss_relics":[],"items_purged_floors":[2],"is_endless":false,"potions_floor_spawned":[4,5,10,11,12],"killed_by":"Hexaghost","ascension_level":7}}