{"host":"5agrj1fd4s00r127","time":1613574466,"event":{"mods":["BaseMod","Minty Spire (QoL Compilation)","StSLib"],"gold_per_floor":[115,115,128,142,160,186,186,186,186,200,216,216,227,253,253,352,352,366,465,465,478,494,494,494],"floor_reached":23,"language":"RUS","playtime":937,"items_purged":[],"score":205,"play_id":"a142153b-24f0-494a-9372-0f0f81f820d4","local_time":"20210217170746","is_ascension_mode":false,"campfire_choices":[{"floor":7,"key":"REST"},{"floor":15,"key":"REST"}],"circlet_count":0,"master_deck":["Strike_B","Strike_B+1","Strike_B","Strike_B","Defend_B","Defend_B","Defend_B","Zap","Dualcast","Echo Form","Undo+1","Melter","Coolheaded","Sweeping Beam","All For One","Gash","Rebound","All For One","Buffer","Rebound","J.A.X.","Go for the Eyes","Streamline"],"relics":["Cracked Core","Bag of Marbles","Sundial","Torii","Fusion Hammer"],"acts_visited":["Exordium","TheCity"],"potions_floor_usage":[13,14,16,21,22],"damage_taken":[{"damage":0,"enemies":"2 Louse","floor":1,"turns":2},{"damage":0,"enemies":"Cultist","floor":3,"turns":3},{"damage":0,"enemies":"Small Slimes","floor":4,"turns":3},{"damage":16,"enemies":"2 Fungi Beasts","floor":5,"turns":4},{"damage":29,"enemies":"Lagavulin","floor":6,"turns":8},{"damage":6,"enemies":"3 Louse","floor":10,"turns":4},{"damage":0,"enemies":"Large Slime","floor":11,"turns":5},{"damage":2,"enemies":"Exordium Thugs","floor":13,"turns":2},{"damage":3,"enemies":"Gremlin Nob","floor":14,"turns":4},{"damage":28,"enemies":"Slime Boss","floor":16,"turns":11},{"damage":9,"enemies":"Shell Parasite","floor":18,"turns":6},{"damage":0,"enemies":"Spheric Guardian","floor":21,"turns":2},{"damage":17,"enemies":"Snake Plant","floor":22,"turns":4},{"damage":47,"enemies":"Slavers","floor":23,"turns":2}],"seed_played":"-2815624132867014260","potions_obtained":[{"floor":1,"key":"PotionOfCapacity"},{"floor":3,"key":"LiquidMemories"},{"floor":11,"key":"ColorlessPotion"},{"floor":14,"key":"Ancient Potion"},{"floor":16,"key":"Energy Potion"},{"floor":18,"key":"Fruit Juice"}],"is_trial":false,"path_per_floor":["M","?","M","M","M","E","R","?","T","M","M","?","M","E","R","B",null,"M","?","?","M","M","E"],"character_chosen":"DEFECT","items_purchased":[],"campfire_rested":2,"item_purchase_floors":[],"current_hp_per_floor":[68,61,61,61,45,16,36,36,36,30,30,16,14,11,31,3,68,59,59,59,64,47,0,0],"gold":494,"neow_bonus":"THREE_RARE_CARDS","is_daily":false,"chose_seed":false,"campfire_upgraded":0,"win_rate":0.0,"timestamp":1613574466,"path_taken":["M","?","M","M","M","E","R","?","T","M","?","?","M","E","R","BOSS","M","?","?","M","M","E"],"items_purchased_type":[],"build_version":"2020-12-22","purchased_purges":0,"victory":false,"max_hp_per_floor":[68,68,68,68,68,68,68,68,68,68,68,68,68,68,68,68,68,68,68,68,73,73,73,73],"card_choices":[{"not_picked":["Amplify","All For One"],"picked":"Echo Form","floor":0},{"not_picked":["Reprogram","Scrape"],"picked":"Undo","floor":1},{"not_picked":["Hologram","Cold Snap"],"picked":"Melter","floor":3},{"not_picked":["Go for the Eyes","Barrage"],"picked":"Coolheaded","floor":4},{"not_picked":["Skim","Steam"],"picked":"Sweeping Beam","floor":5},{"not_picked":["Echo Form","Rip and Tear"],"picked":"All For One","floor":6},{"not_picked":["Stack","Recycle","Reinforced Body"],"picked":"SKIP","floor":10},{"not_picked":["Leap","Hello World"],"picked":"Gash","floor":11},{"not_picked":["Leap","Darkness"],"picked":"Rebound","floor":13},{"not_picked":["Lockon","Rebound"],"picked":"All For One","floor":14},{"not_picked":["Amplify","Rainbow"],"picked":"Buffer","floor":16},{"not_picked":["Streamline","White Noise"],"picked":"Rebound","floor":18},{"not_picked":["Stack","Leap"],"picked":"Go for the Eyes","floor":21},{"not_picked":["Recycle","Ball Lightning"],"picked":"Streamline","floor":22}],"player_experience":29977,"relics_obtained":[{"floor":6,"key":"Bag of Marbles"},{"floor":9,"key":"Sundial"},{"floor":14,"key":"Torii"}],"event_choices":[{"cards_removed":["Defend_B"],"damage_healed":0,"gold_gain":0,"player_choice":"Card Removal","damage_taken":7,"max_hp_gain":0,"max_hp_loss":0,"event_name":"Golden Wing","floor":2,"gold_loss":0},{"damage_healed":0,"gold_gain":0,"player_choice":"Bought 0 Potions","damage_taken":0,"max_hp_gain":0,"max_hp_loss":0,"event_name":"The Woman in Blue","floor":8,"gold_loss":0},{"damage_healed":0,"gold_gain":0,"player_choice":"Entered Light","damage_taken":14,"max_hp_gain":0,"max_hp_loss":0,"event_name":"Shining Light","floor":12,"gold_loss":0,"cards_upgraded":["Undo","Strike_B"]},{"damage_healed":0,"gold_gain":99,"player_choice":"Stole From Cult","damage_taken":0,"max_hp_gain":0,"max_hp_loss":0,"event_name":"Nest","floor":19,"gold_loss":0},{"damage_healed":0,"gold_gain":0,"player_choice":"Obtain J.A.X.","damage_taken":0,"max_hp_gain":0,"max_hp_loss":0,"event_name":"Drug Dealer","floor":20,"gold_loss":0,"cards_obtained":["J.A.X."]}],"is_beta":false,"boss_relics":[{"not_picked":["Velvet Choker","Ectoplasm"],"picked":"Fusion Hammer"}],"items_purged_floors":[],"is_endless":false,"potions_floor_spawned":[1,3,11,14,16,18],"killed_by":"Slavers","ascension_level":0}}