{"host":"y080dcqw8fj32q7d","time":1613575259,"event":{"mods":["AchievementEnabler","BaseMod","Colored Map","Colored Powertips","DeckTracker","Minty Spire (QoL Compilation)","Relic Sorter"],"gold_per_floor":[111,124,134,309,309,309,328,21,21,34,34,34],"floor_reached":11,"language":"ENG","playtime":583,"items_purged":[],"score":75,"play_id":"877c9084-32b7-4477-8000-621fb541fa1b","local_time":"20210217182059","is_ascension_mode":true,"campfire_choices":[{"floor":6.0,"key":"RECALL"}],"circlet_count":0,"master_deck":["Strike_R","Strike_R","Strike_R","Strike_R","Strike_R","Defend_R","Defend_R","Defend_R","Defend_R","Bash","Sword Boomerang","Cleave"],"relics":["Burning Blood","Incense Burner","Thread and Needle","Bird Faced Urn"],"acts_visited":["Exordium"],"potions_floor_usage":[10,10,11],"damage_taken":[{"damage":15.0,"enemies":"Cultist","floor":1.0,"turns":5.0},{"damage":4.0,"enemies":"Small Slimes","floor":2.0,"turns":3.0},{"damage":8.0,"enemies":"Jaw Worm","floor":3.0,"turns":4.0},{"damage":18.0,"enemies":"3 Louse","floor":7.0,"turns":5.0},{"damage":29,"enemies":"Gremlin Gang","floor":10,"turns":8},{"damage":15,"enemies":"3 Sentries","floor":11,"turns":6}],"seed_played":"-4567500416707696210","potions_obtained":[{"floor":2.0,"key":"FearPotion"},{"floor":7.0,"key":"SneckoOil"},{"floor":10,"key":"Block Potion"}],"is_trial":false,"path_per_floor":["M","M","M","?","?","R","M","$","T","M","E"],"character_chosen":"IRONCLAD","items_purchased":["Thread and Needle"],"campfire_rested":0,"item_purchase_floors":[8],"current_hp_per_floor":[47,49,47,47,47,47,35,35,35,12,0,0],"gold":34,"neow_bonus":"ONE_RARE_RELIC","is_daily":false,"chose_seed":false,"campfire_upgraded":0,"win_rate":0.0,"timestamp":1613575259,"path_taken":["M","?","M","?","?","R","M","$","T","M","E"],"items_purchased_type":["Relic"],"build_version":"2020-12-22","purchased_purges":0,"victory":false,"max_hp_per_floor":[80,80,80,80,80,80,80,80,80,80,80,80],"card_choices":[{"not_picked":["Clothesline","Clash"],"picked":"Sword Boomerang","floor":1.0},{"not_picked":["Clothesline","Iron Wave","Perfected Strike"],"picked":"SKIP","floor":2.0},{"not_picked":["Anger","Clothesline","Flame Barrier"],"picked":"SKIP","floor":3.0},{"not_picked":["Combust","Havoc","Flex"],"picked":"SKIP","floor":7.0},{"not_picked":["Carnage","Clash"],"picked":"Cleave","floor":10}],"player_experience":324032,"relics_obtained":[{"floor":9.0,"key":"Bird Faced Urn"}],"event_choices":[{"damage_healed":0.0,"max_hp_gain":0.0,"max_hp_loss":0.0,"gold_gain":175.0,"event_name":"Liars Game","player_choice":"AGREE","floor":4.0,"gold_loss":0.0,"damage_taken":0.0,"cards_obtained":["Doubt"]},{"cards_removed":["Doubt"],"damage_healed":0.0,"max_hp_gain":0.0,"max_hp_loss":0.0,"gold_gain":0.0,"event_name":"Living Wall","player_choice":"Forget","floor":5.0,"gold_loss":0.0,"damage_taken":0.0}],"is_beta":false,"boss_relics":[],"items_purged_floors":[],"is_endless":false,"potions_floor_spawned":[2,7,10],"killed_by":"3 Sentries","ascension_level":3}}