{"host":"vl29iwkwnyytuw8q","time":1613572716,"event":{"mods":["BaseMod","Minty Spire (QoL Compilation)","Permanent Neow","Relic Stats","StSLib"],"gold_per_floor":[114,114,127,140,153,153,167,167,167,211,231,247,247,14,14,105,105,123,48,72,97,111,111,132,132,132,152,152,165,208,221,221,221,221],"floor_reached":33,"language":"ENG","playtime":895,"items_purged":["Strike_R"],"score":634,"play_id":"f2ac1161-48a2-47e2-8356-f2cd0682c29d","local_time":"20210217153836","is_ascension_mode":true,"campfire_choices":[{"data":"Armaments","floor":6.0,"key":"SMITH"},{"floor":8.0,"key":"REST"},{"floor":15.0,"key":"REST"},{"floor":23.0,"key":"REST"},{"floor":25.0,"key":"REST"},{"data":"Inflame","floor":28.0,"key":"SMITH"},{"floor":32.0,"key":"REST"}],"circlet_count":0,"master_deck":["AscendersBane","Strike_R","Strike_R","Strike_R","Defend_R","Defend_R","Defend_R","Defend_R","Bash","Armaments+1","Flame Barrier","Clothesline","Whirlwind","Shockwave","Shrug It Off","Cleave","Blood for Blood","Offering","Spot Weakness","Entrench","Pommel Strike+1","Rage+1","Inflame+1","Dual Wield","Thunderclap","Flex"],"relics":["Mark of Pain","Golden Idol","Ancient Tea Set","Lantern","Chemical X","SlaversCollar","Mummified Hand","StrikeDummy"],"acts_visited":["Exordium","TheCity"],"potions_floor_usage":[],"damage_taken":[{"damage":2.0,"enemies":"2 Louse","floor":1.0,"turns":4.0},{"damage":10.0,"enemies":"Small Slimes","floor":3.0,"turns":5.0},{"damage":12.0,"enemies":"Jaw Worm","floor":4.0,"turns":4.0},{"damage":4.0,"enemies":"Blue Slaver","floor":5.0,"turns":4.0},{"damage":0.0,"enemies":"2 Fungi Beasts","floor":7.0,"turns":3.0},{"damage":15.0,"enemies":"3 Sentries","floor":10.0,"turns":5.0},{"damage":22.0,"enemies":"Exordium Wildlife","floor":11.0,"turns":6.0},{"damage":9.0,"enemies":"Exordium Thugs","floor":12.0,"turns":3.0},{"damage":0.0,"enemies":"The Guardian","floor":16.0,"turns":11.0},{"damage":14.0,"enemies":"2 Thieves","floor":18.0,"turns":4.0},{"damage":15.0,"enemies":"Spheric Guardian","floor":20.0,"turns":5.0},{"damage":17.0,"enemies":"Centurion and Healer","floor":21.0,"turns":7.0},{"damage":6.0,"enemies":"Cultist and Chosen","floor":22.0,"turns":3.0},{"damage":20.0,"enemies":"Shelled Parasite and Fungi","floor":24.0,"turns":3.0},{"damage":9.0,"enemies":"Snake Plant","floor":27.0,"turns":3.0},{"damage":2.0,"enemies":"3 Cultists","floor":29.0,"turns":3.0},{"damage":19.0,"enemies":"Book of Stabbing","floor":30.0,"turns":4.0},{"damage":1.0,"enemies":"Centurion and Healer","floor":31.0,"turns":4.0},{"damage":6,"enemies":"Champ","floor":33,"turns":1}],"seed_played":"-2873246168767603925","potions_obtained":[{"floor":3.0,"key":"AttackPotion"},{"floor":4.0,"key":"DistilledChaos"},{"floor":12.0,"key":"BloodPotion"},{"floor":21.0,"key":"LiquidMemories"}],"is_trial":false,"path_per_floor":["M","?","M","M","M","R","M","R","T","E","M","M","?","$","R","B",null,"M","?","M","M","M","R","M","R","T","M","R","M","E","M","R","B"],"character_chosen":"IRONCLAD","items_purchased":["Chemical X"],"campfire_rested":5,"item_purchase_floors":[14],"current_hp_per_floor":[66,66,56,44,40,40,40,60,60,45,23,14,14,14,34,34,60,46,46,31,27,21,41,21,41,41,32,32,30,11,10,30,24,24],"gold":221,"neow_bonus":"BOSS_RELIC","is_daily":false,"chose_seed":false,"campfire_upgraded":2,"win_rate":0.0,"timestamp":1613572716,"path_taken":["M","?","M","M","M","R","M","R","T","E","M","M","?","?","R","BOSS","M","?","M","M","M","R","M","R","T","M","R","M","E","M","R","BOSS"],"items_purchased_type":["Relic"],"build_version":"2020-12-22","purchased_purges":1,"victory":false,"max_hp_per_floor":[75,68,68,68,68,68,68,68,68,68,68,68,68,68,68,68,68,68,68,68,68,68,68,68,68,68,68,68,68,68,68,68,68,68],"relic_stats":{"counters":[19,82],"Golden Idol":86,"Mummified Hand":[3],"Chemical X":[15],"obtain_stats":[{"SlaversCollar":17,"Lantern":10,"Golden Idol":2,"Mummified Hand":26,"Mark of Pain":0,"Chemical X":14,"Ancient Tea Set":9,"StrikeDummy":30,"Burning Blood":0},{"SlaversCollar":9,"Lantern":6,"Golden Idol":1,"Mummified Hand":14,"Mark of Pain":0,"Chemical X":8,"Ancient Tea Set":5,"StrikeDummy":17,"Burning Blood":0},{"SlaversCollar":45,"Lantern":25,"Golden Idol":4,"Mummified Hand":67,"Mark of Pain":0,"Chemical X":34,"Ancient Tea Set":20,"StrikeDummy":77,"Burning Blood":0}]},"card_choices":[{"not_picked":["Sword Boomerang","Searing Blow"],"picked":"Armaments","floor":1.0},{"not_picked":["Twin Strike","Headbutt"],"picked":"Flame Barrier","floor":3.0},{"not_picked":["Sword Boomerang","Sentinel"],"picked":"Clothesline","floor":4.0},{"not_picked":["Headbutt","Dark Embrace"],"picked":"Whirlwind","floor":5.0},{"not_picked":["Shrug It Off","Whirlwind"],"picked":"Shockwave","floor":7.0},{"not_picked":["Wild Strike","Intimidate"],"picked":"Shrug It Off","floor":10.0},{"not_picked":["Bloodletting","Body Slam"],"picked":"Cleave","floor":11.0},{"not_picked":["Carnage","Twin Strike"],"picked":"Blood for Blood","floor":12.0},{"not_picked":["Bludgeon","Exhume"],"picked":"Offering","floor":16.0},{"not_picked":["Battle Trance","Searing Blow"],"picked":"Spot Weakness","floor":18.0},{"not_picked":["Perfected Strike","Havoc"],"picked":"Entrench","floor":20.0},{"not_picked":["Sword Boomerang","Uppercut"],"picked":"Pommel Strike+1","floor":21.0},{"not_picked":["Second Wind","Warcry","Havoc"],"picked":"SKIP","floor":22.0},{"not_picked":["Body Slam","Clash"],"picked":"Rage+1","floor":24.0},{"not_picked":["Intimidate+1","Clash"],"picked":"Inflame","floor":27.0},{"not_picked":["Feel No Pain","Rage"],"picked":"Dual Wield","floor":29.0},{"not_picked":["Fiend Fire","Heavy Blade"],"picked":"Thunderclap","floor":30.0},{"not_picked":["Headbutt","Thunderclap"],"picked":"Flex","floor":31.0}],"player_experience":690031,"relics_obtained":[{"floor":9.0,"key":"Ancient Tea Set"},{"floor":10.0,"key":"Lantern"},{"floor":26.0,"key":"Mummified Hand"},{"floor":30.0,"key":"StrikeDummy"}],"event_choices":[{"damage_healed":0.0,"max_hp_gain":0.0,"max_hp_loss":7.0,"gold_gain":0.0,"event_name":"Golden Idol","player_choice":"Lose Max HP","floor":2.0,"gold_loss":0.0,"damage_taken":0.0,"relics_obtained":["Golden Idol"]},{"damage_healed":0.0,"max_hp_gain":0.0,"max_hp_loss":0.0,"gold_gain":0.0,"event_name":"Shining Light","player_choice":"Ignored","floor":13.0,"gold_loss":0.0,"damage_taken":0.0},{"cards_removed":["Strike_R"],"damage_healed":0.0,"max_hp_gain":0.0,"max_hp_loss":0.0,"gold_gain":0.0,"event_name":"Beggar","player_choice":"Gave Gold","floor":19.0,"gold_loss":75.0,"damage_taken":0.0}],"is_beta":false,"boss_relics":[{"not_picked":["Tiny House","Sozu"],"picked":"SlaversCollar"}],"items_purged_floors":[14],"is_endless":false,"potions_floor_spawned":[3,4,7,12,20,21,27,29],"killed_by":"Champ","ascension_level":19}}