{"host":"6ulps5ednfgqn0to","time":1613556396,"event":{"mods":["AchievementEnabler","BaseMod","Colored Map","Highlight Path","Minty Spire (QoL Compilation)","Relic Sorter","Relic Stats","StSLib"],"gold_per_floor":[115,115,115,131,56,56,56,56,80,40,40,54,54,83,83,179,179,192,202,218,238,251,251,282,299,325,325,360,374,374,386,386,487,487,497,497,497,507,517,550,550,595,619,619,619],"floor_reached":44,"language":"ENG","playtime":2239,"items_purged":["Regret"],"score":553,"play_id":"17311d99-1928-4f08-be35-52d38842b4be","local_time":"20210217120636","is_ascension_mode":false,"campfire_choices":[{"data":"Dualcast","floor":6,"key":"SMITH"},{"data":"Zap","floor":8,"key":"SMITH"},{"data":"Lockon","floor":11,"key":"SMITH"},{"data":"Coolheaded","floor":13,"key":"SMITH"},{"data":"Conserve Battery","floor":15,"key":"SMITH"},{"floor":23,"key":"REST"},{"data":"Biased Cognition","floor":27,"key":"SMITH"},{"data":"Hologram","floor":32,"key":"SMITH"},{"data":"Fission","floor":41,"key":"SMITH"}],"circlet_count":0,"master_deck":["Strike_B","Strike_B","Strike_B+1","Strike_B","Defend_B","Defend_B","Defend_B+1","Defend_B","Zap+1","Dualcast+1","Lockon+1","Conserve Battery+1","Coolheaded+1","Rebound","Electrodynamics","Reinforced Body","Compile Driver","Biased Cognition+1","Conserve Battery","Glacier","Machine Learning","Loop+1","Go for the Eyes","Reinforced Body","Hologram+1","Fission+1","Chill+1","Dramatic Entrance","Static Discharge+1","Defragment+1"],"relics":["Philosopher\u0027s Stone","Letter Opener","Boot","Strawberry","Inserter","FossilizedHelix","MealTicket","Toy Ornithopter","NlothsMask","Nuclear Battery","Ice Cream","CaptainsWheel"],"acts_visited":["Exordium","TheCity","TheBeyond"],"potions_floor_usage":[18,24,33,39,40,40,42,42,44],"damage_taken":[{"damage":3,"enemies":"2 Louse","floor":1,"turns":2},{"damage":3,"enemies":"Jaw Worm","floor":4,"turns":3},{"damage":0,"enemies":"Cultist","floor":12,"turns":3},{"damage":15,"enemies":"Gremlin Nob","floor":14,"turns":4},{"damage":21,"enemies":"The Guardian","floor":16,"turns":9},{"damage":0,"enemies":"3 Byrds","floor":18,"turns":2},{"damage":10,"enemies":"Spheric Guardian","floor":19,"turns":4},{"damage":22,"enemies":"Centurion and Healer","floor":20,"turns":5},{"damage":23,"enemies":"Snake Plant","floor":21,"turns":4},{"damage":5,"enemies":"Chosen and Byrds","floor":22,"turns":4},{"damage":2,"enemies":"Slavers","floor":24,"turns":3},{"damage":0,"enemies":"3 Cultists","floor":25,"turns":4},{"damage":0,"enemies":"Gremlin Leader","floor":28,"turns":6},{"damage":0,"enemies":"Centurion and Healer","floor":29,"turns":6},{"damage":0,"enemies":"Cultist and Chosen","floor":31,"turns":4},{"damage":0,"enemies":"Automaton","floor":33,"turns":9},{"damage":0,"enemies":"Orb Walker","floor":35,"turns":4},{"damage":0,"enemies":"3 Shapes","floor":38,"turns":3},{"damage":52,"enemies":"Maw","floor":39,"turns":12},{"damage":14,"enemies":"Nemesis","floor":40,"turns":9},{"damage":5,"enemies":"2 Orb Walkers","floor":42,"turns":5},{"damage":68,"enemies":"Giant Head","floor":44,"turns":10}],"seed_played":"6901777382704763708","potions_obtained":[{"floor":10,"key":"PowerPotion"},{"floor":10,"key":"Dexterity Potion"},{"floor":10,"key":"EntropicBrew"},{"floor":18,"key":"SmokeBomb"},{"floor":20,"key":"DistilledChaos"},{"floor":21,"key":"Ancient Potion"},{"floor":24,"key":"AttackPotion"},{"floor":29,"key":"DistilledChaos"},{"floor":38,"key":"LiquidBronze"},{"floor":42,"key":"FearPotion"}],"is_trial":false,"path_per_floor":["M","?","?","M","$","R","$","R","T","?","R","M","R","E","R","B",null,"M","M","M","M","M","R","E","M","T","R","E","M","?","M","R","B",null,"M","?","?","M","M","E","R","?","T","E"],"character_chosen":"DEFECT","items_purchased":[],"campfire_rested":1,"item_purchase_floors":[],"current_hp_per_floor":[72,72,57,54,54,54,54,54,54,54,54,54,54,46,46,25,82,82,72,50,27,22,46,44,44,44,44,44,44,44,44,44,49,82,82,82,82,82,35,31,31,36,36,0,0],"gold":619,"neow_bonus":"BOSS_RELIC","is_daily":false,"chose_seed":false,"campfire_upgraded":8,"win_rate":0.0,"timestamp":1613556396,"path_taken":["M","?","?","M","?","R","$","R","T","?","R","M","R","E","R","BOSS","M","M","M","M","M","R","E","M","T","R","E","M","?","M","R","BOSS","M","?","?","M","M","E","R","?","T","E"],"items_purchased_type":[],"build_version":"2020-12-22","purchased_purges":1,"victory":false,"max_hp_per_floor":[75,75,75,75,75,75,75,75,75,75,75,75,75,82,82,82,82,82,82,82,82,82,82,82,82,82,82,82,82,82,82,82,82,82,82,82,82,82,82,82,82,82,82,82,82],"relic_stats":{"Inserter":[47],"counters":[22,113],"MealTicket":0,"Letter Opener":[346],"Boot":[68],"obtain_stats":[{"Ice Cream":40,"Inserter":17,"Letter Opener":2,"Boot":9,"Nuclear Battery":34,"CaptainsWheel":42,"Strawberry":14,"Philosopher\u0027s Stone":0,"MealTicket":26,"Cracked Core":0,"FossilizedHelix":24,"Toy Ornithopter":28,"NlothsMask":30},{"Ice Cream":20,"Inserter":5,"Letter Opener":1,"Boot":2,"Nuclear Battery":16,"CaptainsWheel":21,"Strawberry":4,"Philosopher\u0027s Stone":0,"MealTicket":12,"Cracked Core":0,"FossilizedHelix":11,"Toy Ornithopter":13,"NlothsMask":14},{"Ice Cream":99,"Inserter":21,"Letter Opener":2,"Boot":5,"Nuclear Battery":71,"CaptainsWheel":103,"Strawberry":12,"Philosopher\u0027s Stone":0,"MealTicket":47,"Cracked Core":0,"FossilizedHelix":43,"Toy Ornithopter":53,"NlothsMask":58}],"Toy Ornithopter":35},"card_choices":[{"not_picked":["Sweeping Beam","Consume"],"picked":"Lockon","floor":1},{"not_picked":["Barrage","Redo"],"picked":"Conserve Battery","floor":4},{"not_picked":["Skim","Blizzard"],"picked":"Coolheaded","floor":12},{"not_picked":["Sweeping Beam","Capacitor"],"picked":"Rebound","floor":14},{"not_picked":["All For One","Reboot"],"picked":"Electrodynamics","floor":16},{"not_picked":["Steam","Go for the Eyes"],"picked":"Reinforced Body","floor":18},{"not_picked":["Coolheaded","Steam"],"picked":"Compile Driver","floor":19},{"not_picked":["Chill","Force Field"],"picked":"Biased Cognition","floor":20},{"not_picked":["Capacitor","Gash"],"picked":"Conserve Battery","floor":21},{"not_picked":["Beam Cell+1","Barrage"],"picked":"Glacier","floor":22},{"not_picked":["Cold Snap+1","Heatsinks+1"],"picked":"Machine Learning","floor":24},{"not_picked":["Glacier","Coolheaded"],"picked":"Loop+1","floor":25},{"not_picked":["Auto Shields","Sweeping Beam"],"picked":"Go for the Eyes","floor":28},{"not_picked":["Sweeping Beam","Stack"],"picked":"Reinforced Body","floor":29},{"not_picked":["Go for the Eyes+1","Cold Snap"],"picked":"Hologram","floor":31},{"not_picked":["Reboot","Biased Cognition"],"picked":"Fission","floor":33},{"not_picked":["Go for the Eyes","Hologram"],"picked":"Chill+1","floor":35},{"not_picked":["Impatience","Flash of Steel"],"picked":"Dramatic Entrance","floor":37},{"not_picked":["Fusion+1","Streamline+1","BootSequence+1"],"picked":"SKIP","floor":38},{"not_picked":["Gash","Melter"],"picked":"Static Discharge+1","floor":39},{"not_picked":["Fusion","Heatsinks"],"picked":"Defragment+1","floor":40}],"player_experience":35433,"relics_obtained":[{"floor":9,"key":"Boot"},{"floor":14,"key":"Strawberry"},{"floor":24,"key":"FossilizedHelix"},{"floor":26,"key":"MealTicket"},{"floor":28,"key":"Toy Ornithopter"},{"floor":40,"key":"Ice Cream"},{"floor":42,"key":"CaptainsWheel"}],"event_choices":[{"damage_healed":0,"gold_gain":0,"player_choice":"Box","damage_taken":0,"relics_obtained":["Letter Opener"],"max_hp_gain":0,"max_hp_loss":0,"event_name":"Big Fish","floor":2,"gold_loss":0,"cards_obtained":["Regret"]},{"damage_healed":0,"gold_gain":0,"player_choice":"Entered Light","damage_taken":15,"max_hp_gain":0,"max_hp_loss":0,"event_name":"Shining Light","floor":3,"gold_loss":0,"cards_upgraded":["Defend_B","Strike_B"]},{"damage_healed":0,"gold_gain":0,"player_choice":"Bought 3 Potions","damage_taken":0,"max_hp_gain":0,"max_hp_loss":0,"event_name":"The Woman in Blue","floor":10,"gold_loss":0},{"damage_healed":0,"gold_gain":0,"player_choice":"Trade","damage_taken":0,"relics_obtained":["NlothsMask"],"max_hp_gain":0,"max_hp_loss":0,"event_name":"FaceTrader","floor":30,"gold_loss":0},{"damage_healed":0,"gold_gain":0,"player_choice":"Ignored","damage_taken":0,"max_hp_gain":0,"max_hp_loss":0,"event_name":"Tomb of Lord Red Mask","floor":36,"gold_loss":0},{"damage_healed":0,"gold_gain":0,"player_choice":"Memory 1","damage_taken":0,"max_hp_gain":0,"max_hp_loss":0,"event_name":"SensoryStone","floor":37,"gold_loss":0},{"damage_healed":0,"gold_gain":0,"player_choice":"Fight","damage_taken":0,"max_hp_gain":0,"max_hp_loss":0,"event_name":"Mysterious Sphere","floor":42,"gold_loss":0}],"is_beta":false,"boss_relics":[{"not_picked":["SacredBark","Cursed Key"],"picked":"Inserter"},{"not_picked":["Velvet Choker","SlaversCollar"],"picked":"Nuclear Battery"}],"items_purged_floors":[5],"is_endless":false,"potions_floor_spawned":[12,16,18,20,21,22,24,29,38,42],"killed_by":"Giant Head","ascension_level":0}}