{"host":"vk2xyavtylxbvrfq","time":1613590794,"event":{"mods":["Bard","BaseMod","Bestiary","Better Altar","Better Match","Better Note","Better Sensory Stone","Better Skull","Better Vampires","Block Reminder","Bossed Relics","Colored Map","Curses Come First","Displayed Cursed Tome","Downfall","Fox Events","Hermit","Ironclad Rager","Marked Mod","Minty Spire (QoL Compilation)","Quick Restart","Rare Cards Sparkle","Relic Sorter","Reliquary","Robot Space Explorer","StSLib","The Hayseed","The Runesmith","TheSurvivalist","Unceasing Turn Reminder"],"gold_per_floor":[115,131,96,96,106,106,139,153,200,0,25,25,40,40,40,143,143,161,12,12,26,26,57,57,77,123,123,36,62,62,81,81,181,181,201,201,301,301,301,331,331,348,348,373,12,12,12],"floor_reached":46,"language":"ENG","playtime":2064,"items_purged":[],"score":840,"play_id":"2de15069-dd63-40a5-bb4a-b3d2b7a816d8","local_time":"20210217143954","is_ascension_mode":true,"campfire_choices":[{"data":"hermit:LoneWolf","floor":6,"key":"SMITH"},{"floor":12,"key":"REST"},{"data":"hermit:Determination","floor":15,"key":"SMITH"},{"floor":24,"key":"REST"},{"floor":27,"key":"REST"},{"floor":32,"key":"REST"},{"floor":41,"key":"RECALL"}],"circlet_count":0,"master_deck":["hermit:Defend_Hermit","hermit:Defend_Hermit","hermit:Defend_Hermit","hermit:Defend_Hermit","hermit:Snapshot","hermit:Covet","hermit:LoneWolf+1","hermit:GhostlyPresence","Pain","hermit:Desperado+1","hermit:Malice","hermit:SprayPray+1","hermit:ItchyTrigger","hermit:Glare","hermit:Determination+1","hermit:FatalDesire","hermit:Determination","hermit:Desperado","Slimebound:Tackle+1","Slimebound:Tackle+1","Slimebound:Tackle+1","hermit:Manifest","hermit:Brawl+1","Flash of Steel+1","hermit:CalledShot+1","hermit:HoleUp","hermit:Reprieve","Writhe","downfall:Haunted","downfall:Haunted","downfall:Malfunctioning","hermit:FatalDesire","Pain","Injury","Mind Blast+1","Bandage Up","hermit:Brawl+1"],"relics":["reliquary:RedCape","WarpedTongs","reliquary:JackalopeAntler","Anchor","reliquary:RosewoodLute","reliquary:Boomerang","bronze:MakeshiftBattery","Lee\u0027s Waffle","Molten Egg 2","hermit:RyeStalk","Blood Vial","Unceasing Top","Busted Crown","Darkstone Periapt","reliquary:GummyVitamins","Meat on the Bone","Whetstone","Membership Card","reliquary:FerryPass","hermit:Spyglass"],"acts_visited":["TheCity","TheBeyond"],"potions_floor_usage":[16,21,25,29,33,40,42],"damage_taken":[{"damage":7,"enemies":"Small Slimes","floor":1,"turns":4},{"damage":0,"enemies":"Cultist","floor":2,"turns":3},{"damage":1,"enemies":"2 Louse","floor":5,"turns":2},{"damage":36,"enemies":"Lagavulin","floor":7,"turns":6},{"damage":7,"enemies":"Lots of Slimes","floor":8,"turns":2},{"damage":11,"enemies":"3 Sentries","floor":11,"turns":4},{"damage":1,"enemies":"3 Louse","floor":13,"turns":2},{"damage":29,"enemies":"Slime Boss","floor":16,"turns":9},{"damage":7,"enemies":"Chosen","floor":18,"turns":4},{"damage":0,"enemies":"Spheric Guardian","floor":21,"turns":3},{"damage":84,"enemies":"Slavers","floor":23,"turns":6},{"damage":20,"enemies":"Snecko","floor":25,"turns":3},{"damage":34,"enemies":"Gremlin Leader","floor":29,"turns":5},{"damage":9,"enemies":"3 Cultists","floor":31,"turns":4},{"damage":58,"enemies":"Automaton","floor":33,"turns":8},{"damage":33,"enemies":"3 Shapes","floor":35,"turns":6},{"damage":45,"enemies":"Nemesis","floor":40,"turns":5},{"damage":38,"enemies":"3 Darklings","floor":42,"turns":5},{"damage":52,"enemies":"Giant Head","floor":46,"turns":5}],"seed_played":"-6902779885523423594","potions_obtained":[{"floor":2,"key":"Dexterity Potion"},{"floor":5,"key":"AttackPotion"},{"floor":8,"key":"Strength Potion"},{"floor":13,"key":"Block Potion"},{"floor":14,"key":"FairyPotion"},{"floor":18,"key":"Ancient Potion"},{"floor":23,"key":"Regen Potion"},{"floor":25,"key":"Regen Potion"},{"floor":29,"key":"Explosive Potion"},{"floor":33,"key":"Fire Potion"},{"floor":35,"key":"Swift Potion"},{"floor":42,"key":"Slimebound:ThreeZeroPotion"}],"is_trial":false,"path_per_floor":["M","M","?","?","M","R","E","M","T","$","E","R","M","?","R","B",null,"M","$","?","M","?","E","R","M","T","R","$","E","T","M","R","B",null,"M","?","?","?","?","E","R","M","T","T","$","E"],"character_chosen":"HERMIT","items_purchased":["reliquary:RosewoodLute","hermit:ItchyTrigger","Lee\u0027s Waffle","Flash of Steel+1","Membership Card","reliquary:FerryPass","hermit:Spyglass"],"campfire_rested":4,"item_purchase_floors":[10,10,19,28,45,45,45],"current_hp_per_floor":[61,61,75,75,74,74,38,31,31,31,20,42,41,41,41,12,59,52,82,82,82,82,23,47,36,36,60,60,40,40,33,57,1,62,31,52,87,87,87,70,70,38,38,38,38,0,0],"gold":12,"neow_bonus":"BOSS_RELIC","is_daily":false,"chose_seed":false,"campfire_upgraded":2,"win_rate":0.0,"timestamp":1613590794,"path_taken":["M","M","?","?","?","R","E","M","T","?","E","R","M","?","R","BOSS","M","?","?","M","?","E","R","M","T","R","?","E","?","M","R","BOSS","M","?","?","?","?","E","R","M","T","?","$","E"],"items_purchased_type":["Relic","Card","Relic","Card","Relic","Relic","Relic"],"build_version":"2020-12-22","purchased_purges":0,"victory":false,"max_hp_per_floor":[75,75,75,75,75,75,75,75,75,75,75,75,75,75,75,75,75,75,82,82,82,82,82,82,82,82,82,82,82,82,82,82,82,82,82,82,117,117,117,117,117,117,117,117,117,117,117],"card_choices":[{"not_picked":["hermit:TrackingShot","hermit:TakeCover"],"picked":"hermit:LoneWolf","floor":1},{"not_picked":["hermit:Vantage","hermit:Coalescence"],"picked":"hermit:GhostlyPresence","floor":2},{"not_picked":["hermit:Coalescence","hermit:FatalDesire"],"picked":"hermit:Desperado","floor":5},{"not_picked":["hermit:CalledShot","hermit:HighCaliber"],"picked":"hermit:Malice","floor":7},{"not_picked":["hermit:ItchyTrigger","hermit:Roulette"],"picked":"hermit:SprayPray","floor":8},{"not_picked":["hermit:Showdown","hermit:Ricochet"],"picked":"hermit:Glare","floor":11},{"not_picked":["hermit:Snipe","hermit:Coalescence"],"picked":"hermit:Determination","floor":13},{"not_picked":["hermit:EternalForm","hermit:HeroicBravado"],"picked":"hermit:FatalDesire","floor":16},{"not_picked":["hermit:Misfire","hermit:Showdown"],"picked":"hermit:Determination","floor":18},{"not_picked":["hermit:Feint+1","hermit:Cheat"],"picked":"hermit:Desperado","floor":21},{"not_picked":["hermit:OverwhelmingPower","hermit:BodyArmor"],"picked":"hermit:Manifest","floor":23},{"not_picked":["hermit:Quickdraw+1","hermit:TakeCover"],"picked":"hermit:Brawl+1","floor":25},{"not_picked":["hermit:Glare","hermit:Dive"],"picked":"hermit:CalledShot+1","floor":29},{"not_picked":["hermit:Dive","hermit:GoldenBullet+1"],"picked":"hermit:HoleUp","floor":31},{"not_picked":["hermit:HighNoon","hermit:FromBeyond"],"picked":"hermit:Reprieve","floor":33},{"not_picked":["hermit:Vantage"],"picked":"SKIP","floor":35},{"not_picked":[],"picked":"Mind Blast+1","floor":38},{"not_picked":[],"picked":"Bandage Up","floor":38},{"not_picked":["hermit:HighCaliber+1"],"picked":"SKIP","floor":40},{"not_picked":[],"picked":"hermit:Brawl+1","floor":42}],"player_experience":1409578,"relics_obtained":[{"floor":7,"key":"reliquary:JackalopeAntler"},{"floor":9,"key":"Anchor"},{"floor":11,"key":"reliquary:Boomerang"},{"floor":23,"key":"Molten Egg 2"},{"floor":26,"key":"hermit:RyeStalk"},{"floor":29,"key":"Blood Vial"},{"floor":30,"key":"Unceasing Top"},{"floor":40,"key":"reliquary:GummyVitamins"},{"floor":43,"key":"Meat on the Bone"},{"floor":44,"key":"Whetstone"}],"event_choices":[{"damage_healed":18,"gold_gain":0,"player_choice":"Healed","damage_taken":0,"max_hp_gain":0,"max_hp_loss":0,"event_name":"The Cleric","floor":3,"gold_loss":35},{"damage_healed":0,"gold_gain":0,"player_choice":"Rummage","damage_taken":0,"relics_obtained":["WarpedTongs"],"max_hp_gain":0,"max_hp_loss":0,"event_name":"Accursed Blacksmith","floor":4,"gold_loss":0,"cards_obtained":["Pain"]},{"damage_healed":0,"gold_gain":0,"player_choice":"Got Potions","damage_taken":0,"max_hp_gain":0,"max_hp_loss":0,"event_name":"Lab","floor":14,"gold_loss":0},{"damage_healed":0,"gold_gain":0,"player_choice":"Ignored","damage_taken":0,"max_hp_gain":0,"max_hp_loss":0,"event_name":"betterNote:BetterNote","floor":20,"gold_loss":0,"cards_obtained":["hermit:Ricochet"]},{"damage_healed":21,"gold_gain":0,"player_choice":"Writhe","damage_taken":0,"max_hp_gain":0,"max_hp_loss":0,"event_name":"Winding Halls","floor":36,"gold_loss":0,"cards_obtained":["Writhe"]},{"damage_healed":0,"gold_gain":3,"player_choice":"1","damage_taken":0,"max_hp_gain":0,"max_hp_loss":0,"event_name":"betterStone:BetterStone","floor":38,"gold_loss":0}],"is_beta":false,"boss_relics":[{"not_picked":["Snecko Eye","SacredBark"],"picked":"bronze:MakeshiftBattery"},{"not_picked":["Pandora\u0027s Box","Runic Dome"],"picked":"Busted Crown"}],"items_purged_floors":[],"is_endless":false,"potions_floor_spawned":[2,5,8,13,18,23,25,29,33,35,42],"killed_by":"Giant Head","ascension_level":6}}