{"host":"o43njuct9nttyauw","time":1613536852,"event":{"mods":["BaseMod","Colored Powertips","Minty Spire (QoL Compilation)","Quick Restart","Rare Cards Sparkle","Relic Stats","StSLib"],"gold_per_floor":[117,192,21,41,53,88,88,98,98,98,111,136,152,169,169,267,267,279,41,60,60,60,92,104,123,123,123,139,139,155,155,155],"floor_reached":31,"language":"ENG","playtime":5402,"items_purged":["Strike_R","Strike_R"],"score":271,"play_id":"9bc026bd-56bd-4a92-88e9-4fc13a0dce86","local_time":"20210216224052","is_ascension_mode":false,"campfire_choices":[{"data":"Armaments","floor":7,"key":"SMITH"},{"data":"True Grit","floor":15,"key":"SMITH"},{"data":"Whirlwind","floor":27,"key":"SMITH"}],"circlet_count":0,"master_deck":["Strike_R+1","Strike_R+1","Defend_R+1","Defend_R+1","Defend_R+1","Defend_R+1","Bash","Pommel Strike","True Grit+1","Armaments+1","Pommel Strike","Iron Wave","Whirlwind+1","Berserk+1","Iron Wave","Demon Form+1","Impervious","Dual Wield+1","Rampage","Double Tap","Shrug It Off","Clothesline+1","Metallicize+1","Seeing Red"],"relics":["Burning Blood","Dream Catcher","Kunai","Frozen Egg 2","Mark of Pain","Vajra","Self Forming Clay"],"acts_visited":["Exordium","TheCity"],"potions_floor_usage":[6,6,11,12,12,16,16,16,23,25,28,30],"damage_taken":[{"damage":0,"enemies":"2 Louse","floor":1,"turns":3},{"damage":1,"enemies":"Cultist","floor":4,"turns":3},{"damage":0,"enemies":"Small Slimes","floor":5,"turns":3},{"damage":12,"enemies":"3 Sentries","floor":6,"turns":10},{"damage":11,"enemies":"3 Louse","floor":8,"turns":4},{"damage":2,"enemies":"Exordium Wildlife","floor":11,"turns":3},{"damage":10,"enemies":"Lagavulin","floor":12,"turns":7},{"damage":8,"enemies":"Lots of Slimes","floor":13,"turns":3},{"damage":1,"enemies":"Red Slaver","floor":14,"turns":5},{"damage":9,"enemies":"The Guardian","floor":16,"turns":9},{"damage":23,"enemies":"Shell Parasite","floor":18,"turns":6},{"damage":5,"enemies":"Chosen","floor":20,"turns":3},{"damage":50,"enemies":"Book of Stabbing","floor":23,"turns":6},{"damage":0,"enemies":"Shelled Parasite and Fungi","floor":24,"turns":7},{"damage":11,"enemies":"Centurion and Healer","floor":25,"turns":5},{"damage":7,"enemies":"Cultist and Chosen","floor":28,"turns":4},{"damage":7,"enemies":"Snake Plant","floor":30,"turns":5},{"damage":34,"enemies":"3 Cultists","floor":31,"turns":3}],"seed_played":"9181276310308319241","potions_obtained":[{"floor":1,"key":"SkillPotion"},{"floor":5,"key":"EntropicBrew"},{"floor":11,"key":"Strength Potion"},{"floor":13,"key":"PowerPotion"},{"floor":14,"key":"LiquidMemories"},{"floor":18,"key":"ElixirPotion"},{"floor":24,"key":"EssenceOfSteel"},{"floor":25,"key":"Energy Potion"},{"floor":28,"key":"ColorlessPotion"}],"is_trial":false,"path_per_floor":["M","?","$","M","M","E","R","M","T","?","M","E","M","M","R","B",null,"M","$","M","?","?","E","M","M","T","R","M","?","M","M"],"character_chosen":"IRONCLAD","items_purchased":["Pommel Strike","True Grit","Impervious"],"campfire_rested":0,"item_purchase_floors":[3,3,19],"current_hp_per_floor":[80,72,72,77,80,74,74,69,69,74,78,74,72,77,77,74,85,68,68,69,69,69,25,31,26,26,26,25,25,24,0,0],"gold":155,"neow_bonus":"","is_daily":false,"chose_seed":false,"campfire_upgraded":3,"win_rate":0.0,"timestamp":1613536852,"path_taken":["M","?","$","?","M","E","R","M","T","?","M","E","M","M","R","BOSS","M","$","M","?","?","E","M","M","T","R","M","?","M","M"],"items_purchased_type":["Card","Card","Card"],"build_version":"2020-12-22","purchased_purges":2,"victory":false,"max_hp_per_floor":[80,80,80,80,80,80,80,80,80,85,85,85,85,85,85,85,85,85,85,85,85,85,85,85,85,85,85,85,85,85,85,85],"relic_stats":{"Dream Catcher":0,"counters":[18,89],"Self Forming Clay":[12],"Kunai":[15],"obtain_stats":[{"Dream Catcher":6,"Self Forming Clay":26,"Vajra":23,"Mark of Pain":17,"Kunai":9,"Frozen Egg 2":12,"Burning Blood":0},{"Dream Catcher":4,"Self Forming Clay":15,"Vajra":13,"Mark of Pain":10,"Kunai":5,"Frozen Egg 2":7,"Burning Blood":0},{"Dream Catcher":19,"Self Forming Clay":77,"Vajra":65,"Mark of Pain":50,"Kunai":23,"Frozen Egg 2":33,"Burning Blood":0}],"Burning Blood":93},"card_choices":[{"not_picked":["Rage","Power Through"],"picked":"Thunderclap","floor":1},{"not_picked":["Warcry","Clash"],"picked":"Armaments","floor":4},{"not_picked":["Armaments","Cleave"],"picked":"Pommel Strike","floor":5},{"not_picked":["Carnage","Rupture"],"picked":"Iron Wave","floor":6},{"not_picked":["Flex","Second Wind","Cleave"],"picked":"SKIP","floor":8},{"not_picked":["Sword Boomerang","Headbutt"],"picked":"Whirlwind","floor":11},{"not_picked":["Power Through","Thunderclap"],"picked":"Berserk+1","floor":12},{"not_picked":["Dropkick","Warcry"],"picked":"Iron Wave","floor":13},{"not_picked":["Clash","Body Slam","True Grit"],"picked":"SKIP","floor":14},{"not_picked":["Reaper","Offering"],"picked":"Demon Form+1","floor":16},{"not_picked":["Iron Wave","Anger","Rupture+1"],"picked":"SKIP","floor":18},{"not_picked":["Blood for Blood","Cleave"],"picked":"Dual Wield+1","floor":20},{"not_picked":["Intimidate+1","Rage"],"picked":"Shrug It Off","floor":23},{"not_picked":["Anger","Armaments"],"picked":"Clothesline+1","floor":24},{"not_picked":["Anger","Shrug It Off"],"picked":"Metallicize+1","floor":25},{"not_picked":["Twin Strike","Perfected Strike+1","Anger+1"],"picked":"SKIP","floor":28},{"not_picked":["Clothesline+1","Pommel Strike"],"picked":"Seeing Red","floor":30}],"player_experience":0,"relics_obtained":[{"floor":6,"key":"Dream Catcher"},{"floor":9,"key":"Kunai"},{"floor":12,"key":"Frozen Egg 2"},{"floor":23,"key":"Vajra"},{"floor":26,"key":"Self Forming Clay"}],"event_choices":[{"damage_healed":0,"gold_gain":75,"player_choice":"Touch","damage_taken":8,"max_hp_gain":0,"max_hp_loss":0,"event_name":"FaceTrader","floor":2,"gold_loss":0},{"damage_healed":0,"gold_gain":0,"player_choice":"Donut","damage_taken":0,"max_hp_gain":5,"max_hp_loss":0,"event_name":"Big Fish","floor":10,"gold_loss":0},{"damage_healed":0,"gold_gain":0,"player_choice":"Simplicity","damage_taken":0,"max_hp_gain":0,"max_hp_loss":0,"event_name":"Back to Basics","floor":21,"gold_loss":0,"cards_upgraded":["Strike_R","Strike_R","Strike_R","Defend_R","Defend_R","Defend_R","Defend_R"]},{"damage_healed":0,"gold_gain":0,"cards_transformed":["Strike_R","Thunderclap"],"player_choice":"Became Test Subject","damage_taken":0,"max_hp_gain":0,"max_hp_loss":0,"event_name":"Drug Dealer","floor":22,"gold_loss":0,"cards_obtained":["Rampage","Double Tap"]},{"damage_healed":0,"gold_gain":0,"player_choice":"Ignored","damage_taken":0,"max_hp_gain":0,"max_hp_loss":0,"event_name":"Cursed Tome","floor":29,"gold_loss":0}],"is_beta":false,"boss_relics":[{"not_picked":["Tiny House","Astrolabe"],"picked":"Mark of Pain"}],"items_purged_floors":[3,19],"is_endless":false,"potions_floor_spawned":[1,5,11,13,14,18,24,25,28],"killed_by":"3 Cultists","ascension_level":0}}