{"host":"o7j6aatxjwpw1421","time":1613571588,"event":{"mods":["2.2 Compatiblity","AchievementEnabler","BaseMod","Colored Map","DeckTracker","Highlight Path","Keyboard Shortcuts","Minty Spire (QoL Compilation)","Permanent Neow","Quick Restart","StSLib","SuperFastMode","everything is the same but u backflip on backflip"],"gold_per_floor":[109,127,127,138,213,213,242,242,242,242,259,273,273,54,54,151,151,166,91,111,111,123,152,152,152,152,179,79,79,79],"floor_reached":29,"language":"KOR","playtime":773,"items_purged":["Strike_P","Strike_P"],"score":286,"play_id":"e20e38af-a394-422e-bbfe-ac1116ad590e","local_time":"20210217231948","is_ascension_mode":false,"campfire_choices":[{"data":"Eruption","floor":6,"key":"SMITH"},{"data":"FearNoEvil","floor":8,"key":"SMITH"},{"data":"MentalFortress","floor":13,"key":"SMITH"},{"data":"Vigilance","floor":15,"key":"SMITH"},{"data":"Vault","floor":24,"key":"SMITH"}],"circlet_count":0,"master_deck":["Strike_P","Strike_P","Defend_P","Defend_P","Defend_P","Eruption+1","Vigilance+1","CrushJoints","BattleHymn","FearNoEvil+1","MentalFortress+1","Vault+1"],"relics":["Sozu","Nunchaku","Blood Vial","TeardropLocket","TheAbacus","Runic Pyramid","Eternal Feather","Meat on the Bone"],"acts_visited":["Exordium","TheCity"],"potions_floor_usage":[],"damage_taken":[{"damage":0,"enemies":"Jaw Worm","floor":1,"turns":4},{"damage":0,"enemies":"2 Louse","floor":2,"turns":1},{"damage":0,"enemies":"Cultist","floor":4,"turns":2},{"damage":8,"enemies":"Gremlin Nob","floor":7,"turns":3},{"damage":17,"enemies":"Exordium Thugs","floor":11,"turns":5},{"damage":0,"enemies":"2 Fungi Beasts","floor":12,"turns":3},{"damage":19,"enemies":"Hexaghost","floor":16,"turns":7},{"damage":0,"enemies":"Chosen","floor":18,"turns":3},{"damage":0,"enemies":"Spheric Guardian","floor":20,"turns":3},{"damage":25,"enemies":"Snake Plant","floor":22,"turns":3},{"damage":0,"enemies":"Book of Stabbing","floor":23,"turns":4},{"damage":21,"enemies":"Gremlin Leader","floor":27,"turns":5},{"damage":0,"enemies":"Book of Stabbing","floor":29,"turns":1}],"seed_played":"3558186410272913144","potions_obtained":[],"is_trial":false,"path_per_floor":["M","M","?","M","?","R","E","R","T","?","M","M","R","$","R","B",null,"M","?","M","?","M","E","R","?","T","E","$","E"],"character_chosen":"WATCHER","items_purchased":["TheAbacus"],"campfire_rested":0,"item_purchase_floors":[14],"current_hp_per_floor":[72,72,69,69,58,58,50,50,50,50,35,37,37,37,37,20,72,72,72,72,59,36,38,44,44,44,25,25,27,27],"gold":79,"neow_bonus":"BOSS_RELIC","is_daily":false,"chose_seed":false,"campfire_upgraded":5,"win_rate":0.0,"timestamp":1613571588,"path_taken":["M","M","?","M","?","R","E","R","T","?","?","M","R","$","R","BOSS","M","?","M","?","M","E","R","?","T","E","$","E"],"items_purchased_type":["Relic"],"build_version":"2020-12-22","purchased_purges":2,"victory":false,"max_hp_per_floor":[72,72,72,72,72,72,72,72,72,72,72,72,72,72,72,72,72,72,72,72,77,77,77,77,77,77,77,77,77,77],"card_choices":[{"not_picked":["Crescendo","ClearTheMind"],"picked":"CrushJoints","floor":1},{"not_picked":["WreathOfFlame","LikeWater","CutThroughFate"],"picked":"SKIP","floor":2},{"not_picked":["Wireheading","SashWhip"],"picked":"BattleHymn","floor":4},{"not_picked":["Perseverance","Evaluate"],"picked":"FearNoEvil","floor":7},{"not_picked":["EmptyFist","CutThroughFate"],"picked":"MentalFortress","floor":11},{"not_picked":["CrushJoints","JustLucky","CutThroughFate"],"picked":"SKIP","floor":12},{"not_picked":["Evaluate","BowlingBash","FlyingSleeves+1"],"picked":"SKIP","floor":18},{"not_picked":["SashWhip","CutThroughFate","BowlingBash"],"picked":"SKIP","floor":20},{"not_picked":["Swivel","CutThroughFate"],"picked":"Vault","floor":22},{"not_picked":["Vengeance+1","LikeWater+1","ThirdEye"],"picked":"SKIP","floor":23},{"not_picked":["LikeWater","SashWhip+1","Collect"],"picked":"SKIP","floor":27}],"player_experience":614923,"relics_obtained":[{"floor":7,"key":"Blood Vial"},{"floor":9,"key":"TeardropLocket"},{"floor":23,"key":"Eternal Feather"},{"floor":27,"key":"Meat on the Bone"}],"event_choices":[{"damage_healed":0,"gold_gain":0,"player_choice":"Success","damage_taken":3,"relics_obtained":["Nunchaku"],"max_hp_gain":0,"max_hp_loss":0,"event_name":"Scrap Ooze","floor":3,"gold_loss":0},{"damage_healed":0,"gold_gain":75,"player_choice":"Gather Gold","damage_taken":11,"max_hp_gain":0,"max_hp_loss":0,"event_name":"World of Goop","floor":5,"gold_loss":0},{"damage_healed":0,"gold_gain":0,"player_choice":"Ignored","damage_taken":0,"max_hp_gain":0,"max_hp_loss":0,"event_name":"NoteForYourself","floor":10,"gold_loss":0},{"cards_removed":["Defend_P"],"damage_healed":0,"gold_gain":0,"player_choice":"Gave Gold","damage_taken":0,"max_hp_gain":0,"max_hp_loss":0,"event_name":"Beggar","floor":19,"gold_loss":75},{"damage_healed":0,"gold_gain":0,"player_choice":"Shed Blood","damage_taken":18,"max_hp_gain":5,"max_hp_loss":0,"event_name":"Forgotten Altar","floor":21,"gold_loss":0},{"damage_healed":0,"gold_gain":0,"player_choice":"Ignored","damage_taken":0,"max_hp_gain":0,"max_hp_loss":0,"event_name":"Vampires","floor":25,"gold_loss":0}],"is_beta":false,"boss_relics":[{"not_picked":["Runic Dome","VioletLotus"],"picked":"Runic Pyramid"}],"items_purged_floors":[14,28],"is_endless":false,"potions_floor_spawned":[1,7,12,16,23,27],"killed_by":"Book of Stabbing","ascension_level":0}}