{"host":"ox77rn1xcurm2t5a","time":1613600784,"event":{"mods":["2.2 Compatiblity","AchievementEnabler","Act Like it!","Aspiration","BaseMod","Best Route Mod","Better Match","Better Note","Better Sensory Stone","Block Reminder","Colored Map","Colored Powertips","Conjunction","Conspire","Custom Start","Energized Spire","GifTheSpireLib","Gold Saver","Gremlin Skip","Halation","Highlight Path","Hubris","Infinite Spire","Minty Spire (QoL Compilation)","Pale of the Ancients","Quick Restart","Replay The Spire","Reworked Bosses","ShortenTheSpire","Spire Exporter","StSLib","Stuff the Spire","Wandering Minibosses"],"gold_per_floor":[264,264,364,52,71,71,97,107,185,200,200,235,249,267,267,370,370,381,395,411,411,411,444,454,454,479,497,322,322,341,366,366,467,467,477,493,503,503,43,43,71,96,96,96,131,131,162,183,183,184,184],"floor_reached":50,"language":"ENG","playtime":1071,"items_purged":["Defend_R"],"score":962,"play_id":"435fb850-681e-450d-b360-194aa2435e9c","local_time":"20210218002624","is_ascension_mode":true,"campfire_choices":[{"floor":6.0,"key":"RECALL"},{"data":"Twin Strike","floor":11.0,"key":"SMITH"},{"data":"Bash","floor":15.0,"key":"SMITH"},{"data":"Limit Break","floor":25.0,"key":"SMITH"},{"data":"Battle Trance","floor":32.0,"key":"SMITH"},{"data":"Flex","floor":40.0,"key":"SMITH"},{"data":"Uppercut","floor":44.0,"key":"SMITH"},{"floor":49,"key":"REST"}],"circlet_count":0,"master_deck":["Thunderclap","Strike_R","Strike_R","Strike_R","Strike_R","Strike_R","Defend_R+1","Defend_R+1","Bash+1","Clash","Clash","Clash","Clash","Twin Strike+1","Battle Trance+1","Clash","Limit Break+1","Perfected Strike+1","Clash","Clash","Perfected Strike","Twin Strike+1","Cleave","Reaper","Clothesline+1","Perfected Strike","Perfected Strike","Flex+1","Cleave","Uppercut+1","Sword Boomerang+1","Anger","Pummel","Cleave+1"],"relics":["Burning Blood","StuffTheSpire:RubySignet","Bag of Marbles","StuffTheSpire:CocoNut","hubris:ChampionShield","StuffTheSpire:Experiment12","Cauldron","War Paint","StuffTheSpire:Mouthbags","Strawberry","halation:IllGainedPizza","StuffTheSpire:Barrel","halation:PromiseList","Ancient Tea Set"],"acts_visited":["Exordium","TheCity","TheBeyond"],"potions_floor_usage":[47,50],"damage_taken":[{"damage":0.0,"enemies":"Cultist","floor":1.0,"turns":3.0},{"damage":2.0,"enemies":"Jaw Worm","floor":5.0,"turns":2.0},{"damage":25.0,"enemies":"3 Sentries","floor":7.0,"turns":8.0},{"damage":0.0,"enemies":"Small Slimes","floor":8.0,"turns":2.0},{"damage":3.0,"enemies":"Exordium Wildlife","floor":10.0,"turns":3.0},{"damage":0.0,"enemies":"Lagavulin","floor":12.0,"turns":2.0},{"damage":0.0,"enemies":"Red Slaver","floor":13.0,"turns":1.0},{"damage":0.0,"enemies":"Large Slime","floor":14.0,"turns":2.0},{"damage":0.0,"enemies":"Slime Boss","floor":16.0,"turns":7.0},{"damage":9.0,"enemies":"Shell Parasite","floor":18.0,"turns":2.0},{"damage":0.0,"enemies":"Spheric Guardian","floor":19.0,"turns":1.0},{"damage":7.0,"enemies":"Chosen and Byrds","floor":20.0,"turns":2.0},{"damage":14.0,"enemies":"Slavers","floor":23.0,"turns":4.0},{"damage":24.0,"enemies":"Snake Plant","floor":24.0,"turns":2.0},{"damage":2.0,"enemies":"Centurion and Healer","floor":27.0,"turns":2.0},{"damage":17.0,"enemies":"Chosen and Byrds","floor":30.0,"turns":4.0},{"damage":0.0,"enemies":"Book of Stabbing","floor":31.0,"turns":2.0},{"damage":31.0,"enemies":"hubris:MusketHawk","floor":33.0,"turns":6.0},{"damage":11.0,"enemies":"3 Shapes","floor":35.0,"turns":2.0},{"damage":16.0,"enemies":"Orb Walker","floor":36.0,"turns":3.0},{"damage":8.0,"enemies":"Transient","floor":37.0,"turns":5.0},{"damage":52.0,"enemies":"Nemesis","floor":41.0,"turns":3.0},{"damage":24.0,"enemies":"Reptomancer","floor":45.0,"turns":5.0},{"damage":22,"enemies":"Nemesis","floor":47,"turns":3},{"damage":40,"enemies":"Sphere and 2 Shapes","floor":48,"turns":5},{"damage":70,"enemies":"conspire:OrnateMirror","floor":50,"turns":1}],"seed_played":"-4541483576725038909","potions_obtained":[{"floor":5.0,"key":"Adrenaline Potion"},{"floor":8.0,"key":"DuplicationPotion"},{"floor":14.0,"key":"LiquidMemories"},{"floor":18.0,"key":"DistilledChaos"},{"floor":19.0,"key":"SpeedPotion"},{"floor":20.0,"key":"Fruit Juice"},{"floor":23.0,"key":"Dexterity Potion"},{"floor":27.0,"key":"BlessingOfTheForge"},{"floor":28.0,"key":"DuplicationPotion"},{"floor":35.0,"key":"SkillPotion"},{"floor":37.0,"key":"Dexterity Potion"},{"floor":45.0,"key":"ColorlessPotion"},{"floor":48,"key":"SteroidPotion"}],"is_trial":false,"path_per_floor":["M","$","?","$","M","R","E","M","T","M","R","E","M","M","R","B",null,"M","M","M","?","?","E","M","R","T","M","$","?","M","E","R","B",null,"M","M","M","?","$","R","E","T","T","R","E","$","E","M","R","B"],"character_chosen":"IRONCLAD","items_purchased":["Clash","StuffTheSpire:RubySignet","Perfected Strike","Cauldron","Perfected Strike","Flex","Cleave","StuffTheSpire:Mouthbags","Toxic Potion"],"campfire_rested":1,"item_purchase_floors":[4,4,28,28,39,39,39,39,39],"current_hp_per_floor":[86,86,86,86,88,88,69,75,75,78,78,91,95,95,95,95,95,92,95,99,99,99,91,73,73,73,77,77,77,68,74,74,49,87,82,72,76,76,76,76,37,37,37,37,29,29,23,9,41,0,0],"gold":184,"neow_bonus":"TEN_PERCENT_HP_BONUS","is_daily":false,"chose_seed":false,"campfire_upgraded":6,"win_rate":0.0,"timestamp":1613600784,"path_taken":["M","$","?","$","M","R","E","M","T","M","R","E","?","M","R","BOSS","M","M","M","?","?","E","M","R","T","M","$","?","M","E","R","BOSS","M","M","?","?","$","R","E","?","T","R","E","?","E","M","R","BOSS"],"items_purchased_type":["Card","Relic","Card","Relic","Card","Card","Card","Relic","Potion"],"build_version":"2020-12-22","purchased_purges":1,"victory":false,"max_hp_per_floor":[88,88,88,88,88,88,88,88,88,88,88,95,95,95,95,95,95,95,95,100,100,100,100,100,100,100,100,100,100,100,100,100,100,100,100,100,100,100,100,100,107,107,107,107,107,107,107,107,107,107,107],"card_choices":[{"not_picked":["Sentinel","Uppercut"],"picked":"Clash","floor":1.0},{"not_picked":["Blood for Blood","Reaper"],"picked":"Clash","floor":5.0},{"not_picked":["Havoc","Whirlwind","Bloodletting"],"picked":"SKIP","floor":7.0},{"not_picked":["Heavy Blade","Wild Strike"],"picked":"Clash","floor":8.0},{"not_picked":["Shockwave","Pommel Strike"],"picked":"Twin Strike","floor":10.0},{"not_picked":["Reaper","hubris:ReadiedAction"],"picked":"Battle Trance","floor":12.0},{"not_picked":["True Grit","Cleave"],"picked":"Clash","floor":13.0},{"not_picked":["Feel No Pain","Fire Breathing","Clothesline"],"picked":"SKIP","floor":14.0},{"not_picked":["Berserk","Hemogenesis"],"picked":"Limit Break","floor":16.0},{"not_picked":["Dropkick","Iron Wave"],"picked":"Anger","floor":18.0},{"not_picked":["hubris:SharpeningStone","ReplayTheSpireMod:Strike From Hell"],"picked":"Perfected Strike+1","floor":19.0},{"not_picked":["Double Tap","Iron Wave","conspire:Charge"],"picked":"SKIP","floor":20.0},{"not_picked":["Massacre+1","Dual Wield","Replay:Undeath\u0027s Touch+1"],"picked":"SKIP","floor":23.0},{"not_picked":["StuffTheSpire:RockThrow","Fire Breathing"],"picked":"Clash","floor":24.0},{"not_picked":["Barricade","Wild Strike"],"picked":"Clash","floor":27.0},{"not_picked":["Second Wind+1","conspire:ExplosiveBarrier+1"],"picked":"Twin Strike+1","floor":30.0},{"not_picked":["Rupture","Body Slam+1"],"picked":"Cleave","floor":31.0},{"not_picked":["Exhume","Fiend Fire"],"picked":"Reaper","floor":33.0},{"not_picked":["Rage","Shrug It Off"],"picked":"Clothesline+1","floor":35.0},{"not_picked":["Disarm","Massacre+1"],"picked":"Perfected Strike","floor":36.0},{"not_picked":["ReplayTheSpireMod:Corrosion Curse","ReplayReversal+1","ReplayTheSpireMod:LeadingStrike+1"],"picked":"SKIP","floor":37.0},{"not_picked":["Ghostly Armor","ReplayTheSpireMod:Corrosion Curse+1"],"picked":"Uppercut","floor":41.0},{"not_picked":["StuffTheSpire:Slingshot","Cleave+1"],"picked":"Sword Boomerang+1","floor":45.0},{"not_picked":["Uppercut","Brutality"],"picked":"Pummel","floor":47},{"not_picked":["Replay:Undeath\u0027s Touch+1","Twin Strike+1"],"picked":"Cleave+1","floor":48}],"player_experience":3138212,"relics_obtained":[{"floor":7.0,"key":"Bag of Marbles"},{"floor":12.0,"key":"StuffTheSpire:CocoNut"},{"floor":23.0,"key":"hubris:ChampionShield"},{"floor":26.0,"key":"StuffTheSpire:Experiment12"},{"floor":31.0,"key":"War Paint"},{"floor":41.0,"key":"Strawberry"},{"floor":42.0,"key":"halation:IllGainedPizza"},{"floor":43.0,"key":"StuffTheSpire:Barrel"},{"floor":45.0,"key":"halation:PromiseList"},{"floor":47,"key":"Ancient Tea Set"}],"event_choices":[{"damage_healed":0.0,"max_hp_gain":0.0,"max_hp_loss":0.0,"gold_gain":100.0,"event_name":"Golden Shrine","player_choice":"Pray","floor":3.0,"gold_loss":0.0,"damage_taken":0.0},{"damage_healed":0.0,"max_hp_gain":0.0,"max_hp_loss":0.0,"gold_gain":0.0,"event_name":"N\u0027loth","player_choice":"Ignored","floor":21.0,"gold_loss":0.0,"damage_taken":0.0},{"damage_healed":0.0,"max_hp_gain":0.0,"max_hp_loss":0.0,"gold_gain":0.0,"event_name":"betterNote:BetterNote","player_choice":"Ignored","floor":22.0,"gold_loss":0.0,"damage_taken":0.0,"cards_obtained":["Strike_P"]},{"cards_removed":["Defend_R"],"damage_healed":0.0,"max_hp_gain":0.0,"max_hp_loss":0.0,"gold_gain":0.0,"event_name":"Wheel of Change","player_choice":"Card Removal","floor":29.0,"gold_loss":0.0,"damage_taken":0.0}],"is_beta":false,"boss_relics":[{"not_picked":["Replay:Wanted Poster","conspire:RunicOctahedron","Cursed Key"]},{"not_picked":["halation:PinkAlligatorPlush","halation:CatFaceCupcake","aspiration:DefectSkillbook"]}],"items_purged_floors":[39],"is_endless":false,"potions_floor_spawned":[5,8,14,18,19,20,23,27,35,37,45,48],"killed_by":"conspire:OrnateMirror","ascension_level":6}}