{"host":"d02vqrhhew441p6s","time":1613594202,"event":{"mods":["BaseMod","Duelist Mod","Halation","Hubris","Infinite Spire","Minty Spire (QoL Compilation)","StSLib","The Jungle"],"gold_per_floor":[150,172,184,214,226,266,278,315,327,339,77,77,77,105,105,207,207,226,226,239,239,250,250,276,276,276,292,311,330,330,37,37,133,133,151,151,151,168,21,21,40,40,40,40,56,33,53,53,53,53,53],"floor_reached":50,"language":"ENG","playtime":2949,"items_purged":["theDuelist:CurseDarkness"],"score":650,"play_id":"0f53a39a-7345-4f7c-9ede-d7b3054273ff","local_time":"20210217213642","is_ascension_mode":true,"campfire_choices":[{"data":"theDuelist:MagiciansRod","floor":7.0,"key":"SMITH"},{"data":"theDuelist:ExodiaNecross","floor":7.0,"key":"SMITH"},{"data":"theDuelist:InjectionFairy","floor":13.0,"key":"SMITH"},{"data":"theDuelist:FuryFire","floor":13.0,"key":"SMITH"},{"floor":15.0,"key":"REST"},{"data":"theDuelist:GrandSpellbookTower","floor":23.0,"key":"SMITH"},{"data":"theDuelist:FuryFire+1","floor":23.0,"key":"SMITH"},{"data":"theDuelist:Yami","floor":25.0,"key":"SMITH"},{"data":"theDuelist:FuryFire+2","floor":25.0,"key":"SMITH"},{"floor":30.0,"key":"REST"},{"floor":32.0,"key":"RECALL"},{"data":"theDuelist:SwordsBurning","floor":40.0,"key":"SMITH"},{"data":"theDuelist:FuryFire+3","floor":40.0,"key":"SMITH"},{"data":"theDuelist:VoidExpansion","floor":42.0,"key":"SMITH"},{"data":"theDuelist:InvitationDarkSleep","floor":42.0,"key":"SMITH"},{"floor":49.0,"key":"REST"}],"circlet_count":0,"master_deck":["AscendersBane","theDuelist:CastleWalls","theDuelist:CastleWalls","theDuelist:DarkMagician","theDuelist:MysticalElf","theDuelist:MysticalElf","theDuelist:NeoMagic","theDuelist:NeoMagic","theDuelist:Sparks","theDuelist:Sparks","theDuelist:ExodiaNecross+1","theDuelist:WhiteMagicalHat","theDuelist:MagiciansRod+1","theDuelist:InjectionFairy+1","theDuelist:FuryFire+4","theDuelist:SpiritHarp","theDuelist:SangaEarth","theDuelist:DarkMagicianGirl","theDuelist:GrandSpellbookTower+1","theDuelist:InvitationDarkSleep+1","theDuelist:DarkHorizon","theDuelist:ThousandEyesRestrict+1","theDuelist:Yami+1","theDuelist:SwordsBurning+1","theDuelist:BlueBloodedOni","theDuelist:RainbowMagician","theDuelist:VoidVanishment","theDuelist:QueenDragunDjinn","theDuelist:BadReaction+1","theDuelist:VoidExpansion+1","theDuelist:Illusionist+1","theDuelist:CurseAging","Madness","Madness","theDuelist:LegendaryFlameLord","theDuelist:Illusionist","Enlightenment+1"],"relics":["theDuelist:MillenniumPuzzle","theDuelist:CardPoolRelic","theDuelist:CardPoolBasicRelic","theDuelist:BoosterPackPoolRelic","theDuelist:CardPoolAddRelic","theDuelist:CardPoolMinusRelic","theDuelist:CardPoolSaveRelic","theDuelist:CardPoolOptionsRelic","MawBank","halation:StarCompass","halation:PenCase","infinitespire:CursedDice","hubris:Towel","theDuelist:StoneExxod","Happy Flower","hubris:Stopwatch","hubris:BottledRain","Cursed Key","Bag of Preparation","Matryoshka","Ginger","Sozu","infinitespire:SolderingIron","halation:PromiseList"],"acts_visited":["Exordium","TheCity","TheBeyond"],"potions_floor_usage":[],"damage_taken":[{"damage":0.0,"enemies":"2 Louse","floor":1.0,"turns":2.0},{"damage":1.0,"enemies":"Jaw Worm","floor":2.0,"turns":3.0},{"damage":0.0,"enemies":"Cultist","floor":4.0,"turns":4.0},{"damage":25.0,"enemies":"Gremlin Nob","floor":6.0,"turns":7.0},{"damage":15.0,"enemies":"Lagavulin","floor":8.0,"turns":8.0},{"damage":2.0,"enemies":"3 Sentries","floor":14.0,"turns":5.0},{"damage":31.0,"enemies":"The Guardian","floor":16.0,"turns":11.0},{"damage":7.0,"enemies":"Shell Parasite","floor":18.0,"turns":7.0},{"damage":1.0,"enemies":"Spheric Guardian","floor":20.0,"turns":4.0},{"damage":6.0,"enemies":"Centurion and Healer","floor":22.0,"turns":7.0},{"damage":32.0,"enemies":"Book of Stabbing","floor":24.0,"turns":6.0},{"damage":8.0,"enemies":"Cultist and Chosen","floor":27.0,"turns":7.0},{"damage":22.0,"enemies":"Snecko","floor":28.0,"turns":7.0},{"damage":8.0,"enemies":"Snake Plant","floor":29.0,"turns":5.0},{"damage":24.0,"enemies":"Collector","floor":33.0,"turns":6.0},{"damage":34.0,"enemies":"3 Darklings","floor":35.0,"turns":5.0},{"damage":5.0,"enemies":"3 Shapes","floor":38.0,"turns":3.0},{"damage":0.0,"enemies":"Sphere and 2 Shapes","floor":41.0,"turns":3.0},{"damage":63.0,"enemies":"Transient","floor":45.0,"turns":5.0},{"damage":23.0,"enemies":"Jaw Worm Horde","floor":47.0,"turns":3.0},{"damage":0,"enemies":"hubris:GrandSnecko","floor":50,"turns":2}],"seed_played":"8043410152391678959","potions_obtained":[{"floor":6.0,"key":"Strength Potion"},{"floor":12.0,"key":"Energy Potion"},{"floor":12.0,"key":"theDuelist:MillenniumElixir"},{"floor":14.0,"key":"theDuelist:SummonerBottle"},{"floor":18.0,"key":"LiquidBronze"},{"floor":27.0,"key":"theDuelist:ElectricPotion"},{"floor":28.0,"key":"theDuelist:VampireVial"}],"is_trial":false,"path_per_floor":["M","M","?","M","?","E","R","E","T","?","$","?","R","E","R","B",null,"M","AVR","M","?","M","R","E","R","T","M","M","M","R","$","R","B",null,"M","?","?","M","$","R","M","R","T","?","M","$","M","?","R","B"],"character_chosen":"THE_DUELIST","items_purchased":["theDuelist:StoneExxod","theDuelist:SpiritHarp","theDuelist:SangaEarth","Ginger","theDuelist:VoidExpansion","theDuelist:Illusionist"],"campfire_rested":3,"item_purchase_floors":[11,11,11,31,39,46],"current_hp_per_floor":[72,71,71,71,71,46,46,39,39,39,39,39,39,42,66,50,73,71,71,75,75,70,70,48,48,48,50,38,35,56,56,56,36,63,29,29,63,63,63,63,63,63,63,55,38,38,29,29,47,47,47],"gold":53,"neow_bonus":"RANDOM_COMMON_RELIC","is_daily":false,"chose_seed":false,"campfire_upgraded":12,"win_rate":0.0,"timestamp":1613594202,"path_taken":["M","M","?","M","?","E","R","E","T","?","$","?","R","E","R","BOSS","M","AVR","M","?","M","R","E","R","T","M","M","?","R","$","R","BOSS","M","?","?","M","$","R","M","R","T","?","?","?","M","?","R","BOSS"],"items_purchased_type":["Relic","Card","Card","Relic","Card","Card"],"build_version":"2020-12-22","purchased_purges":1,"victory":false,"max_hp_per_floor":[80,80,80,80,80,80,80,80,80,80,80,80,80,80,80,80,80,80,80,80,76,76,76,76,76,76,74,72,72,72,72,72,72,72,72,72,63,63,63,63,63,63,63,63,63,63,63,63,63,63,63],"card_choices":[{"not_picked":["theDuelist:SkilledDarkMagician","theDuelist:GateGuardian"],"picked":"theDuelist:ExodiaNecross","floor":1.0},{"not_picked":["theDuelist:EarthquakeGiant","theDuelist:Cloning","theDuelist:FlameTiger","theDuelist:Reload","theDuelist:GaiaMidNightSun"],"picked":"SKIP","floor":2.0},{"not_picked":["theDuelist:SangaThunder","theDuelist:Illusionist","theDuelist:FairyBox","theDuelist:MagiciansRobe"],"picked":"theDuelist:WhiteMagicalHat","floor":4.0},{"not_picked":["theDuelist:BlizzardWarrior","theDuelist:SangaThunder","theDuelist:NeoMagic","theDuelist:SangaEarth"],"picked":"theDuelist:InjectionFairy","floor":6.0},{"not_picked":["theDuelist:BattleguardKing","theDuelist:GaiaMidNightSun","theDuelist:GauntletWarrior","theDuelist:GraniteLoyalist"],"picked":"theDuelist:FuryFire","floor":8.0},{"not_picked":["theDuelist:DarkMagician","theDuelist:AncientElf","theDuelist:BlueDragonSummoner","theDuelist:SkilledDarkMagician"],"picked":"theDuelist:DarkMagicianGirl","floor":14.0},{"not_picked":["theDuelist:ExodiaNecross","theDuelist:SwordsRevealing","theDuelist:GateGuardian","theDuelist:SangaWater"],"picked":"theDuelist:GrandSpellbookTower","floor":16.0},{"not_picked":["theDuelist:ExodiaRA","theDuelist:FrontierWiseman","theDuelist:NeoMagic","theDuelist:DarkMagician+1"],"picked":"theDuelist:InvitationDarkSleep","floor":18.0},{"not_picked":["theDuelist:GuardianAngel","theDuelist:DarkMagician","theDuelist:ContractExodia","theDuelist:DoomShaman"],"picked":"theDuelist:DarkHorizon","floor":20.0},{"not_picked":["theDuelist:ExodiaHead+1","theDuelist:SwordsBurning"],"picked":"theDuelist:ThousandEyesRestrict+1","floor":22.0},{"not_picked":["theDuelist:MagiciansRobe","theDuelist:GoblinSecret+1","theDuelist:TimeWizard","theDuelist:InariFire"],"picked":"theDuelist:Yami","floor":24.0},{"not_picked":["theDuelist:ThousandEyesRestrict","theDuelist:SangaWater+1"],"picked":"theDuelist:SwordsBurning","floor":27.0},{"not_picked":["theDuelist:CrystalWingDragon","theDuelist:GreenGraveOni","theDuelist:PurplePainOni","theDuelist:RainbowOverdragon"],"picked":"theDuelist:BlueBloodedOni","floor":28.0},{"not_picked":["theDuelist:RainbowDarkDragon","theDuelist:IrisEarthMother","theDuelist:RainbowKuriboh","theDuelist:RainbowOverdragon"],"picked":"theDuelist:RainbowMagician","floor":29.0},{"not_picked":["theDuelist:Wildfire","theDuelist:IrisEarthMother","theDuelist:GrandSpellbookTower","theDuelist:GateGuardian+1"],"picked":"theDuelist:VoidVanishment","floor":33.0},{"not_picked":["theDuelist:Wildfire","theDuelist:VoidVanishment+1"],"picked":"theDuelist:QueenDragunDjinn","floor":35.0},{"not_picked":["theDuelist:LegendaryFlameLord+1","theDuelist:AlienTelepath+1","theDuelist:BlueDragonSummoner","theDuelist:CosmicHorrorGangiel+1"],"picked":"theDuelist:BadReaction+1","floor":38.0},{"not_picked":["theDuelist:SangaThunder","theDuelist:InjectionFairy","theDuelist:SpiritHarp+1","theDuelist:Relinquished+1"],"picked":"theDuelist:Illusionist+1","floor":41.0},{"not_picked":["theDuelist:BlizzardWarrior+1","theDuelist:AltarTribute+1","theDuelist:FairyBox","theDuelist:AlienTelepath+1"],"picked":"theDuelist:LegendaryFlameLord","floor":45.0},{"not_picked":["Dark Shackles+1","Deep Breath+1","Mind Blast"],"picked":"Enlightenment+1","floor":47.0}],"player_experience":563320,"relics_obtained":[{"floor":6.0,"key":"halation:PenCase"},{"floor":8.0,"key":"infinitespire:CursedDice"},{"floor":14.0,"key":"Happy Flower"},{"floor":24.0,"key":"Bag of Preparation"},{"floor":26.0,"key":"Matryoshka"},{"floor":43.0,"key":"infinitespire:SolderingIron"},{"floor":43.0,"key":"halation:PromiseList"}],"event_choices":[{"damage_healed":0.0,"max_hp_gain":0.0,"max_hp_loss":0.0,"gold_gain":0.0,"cards_transformed":["theDuelist:Sparks"],"event_name":"Living Wall","player_choice":"Change","floor":5.0,"gold_loss":0.0,"damage_taken":0.0,"cards_obtained":["theDuelist:MagiciansRod"]},{"damage_healed":0.0,"max_hp_gain":0.0,"max_hp_loss":0.0,"gold_gain":0.0,"event_name":"Lab","player_choice":"Got Potions","floor":12.0,"gold_loss":0.0,"damage_taken":0.0},{"damage_healed":0.0,"max_hp_gain":0.0,"max_hp_loss":0.0,"gold_gain":0.0,"event_name":"Aknamkanon\u0027s Tomb","player_choice":"Brew - 2x Potion Slots","duelist":true,"floor":21.0,"gold_loss":0.0,"damage_taken":0.0},{"damage_healed":0.0,"max_hp_gain":0.0,"max_hp_loss":0.0,"gold_gain":0.0,"event_name":"Tomb of the Nameless","player_choice":"Leave","duelist":true,"floor":36.0,"gold_loss":0.0,"damage_taken":0.0},{"damage_healed":63.0,"max_hp_gain":0.0,"max_hp_loss":9.0,"gold_gain":0.0,"event_name":"The Moai Head","player_choice":"Heal","floor":37.0,"gold_loss":0.0,"damage_taken":0.0},{"damage_healed":0.0,"max_hp_gain":0.0,"max_hp_loss":0.0,"gold_gain":0.0,"event_name":"Winding Halls","player_choice":"Embrace Madness","floor":44.0,"gold_loss":0.0,"damage_taken":8.0,"cards_obtained":["Madness","Madness"]},{"damage_healed":0.0,"max_hp_gain":0.0,"max_hp_loss":0.0,"gold_gain":0.0,"event_name":"Relic Duplicator","player_choice":"Leave","duelist":true,"floor":48.0,"gold_loss":0.0,"damage_taken":0.0}],"is_beta":false,"boss_relics":[{"not_picked":["halation:PlatinumPhoenix","infinitespire:Cupcake"],"picked":"hubris:Stopwatch"},{"not_picked":["Philosopher\u0027s Stone","HoveringKite"],"picked":"Sozu"}],"items_purged_floors":[39],"is_endless":false,"potions_floor_spawned":[6,14,16,18,27,28,41],"killed_by":"hubris:GrandSnecko","ascension_level":11}}