{"host":"pj05r22d3fegil3v","time":1613549260,"event":{"mods":["BaseMod","Better Altar","Better Match","Better Note","Better Sensory Stone","Better Skull","Better Third Choice","BetterRewards","Card Filter","Colored Powertips","Curses Come First","Custom Start","DeckTracker","Displayed Cursed Tome","Evolution","Minty Spire (QoL Compilation)","Quick Restart","Rare Cards Sparkle","Relic Filter Mod","Smile Girya","StSLib","Weighted Paths","everything is the same but u backflip on backflip","slay the spire mod where everything is the same but ironclad has a cowboy hat"],"gold_per_floor":[117,42,56,68,68,99,99,127,127,158,108,128,128,160,160,259,259,199,216,216,216,43,43,58,58,58,0,15,40,40,70,70,70,70],"floor_reached":33,"language":"ENG","playtime":1796,"items_purged":["Bludgeon"],"score":428,"play_id":"8e20b8da-5110-4a92-90f0-bb49d92eef02","local_time":"20210217030740","daily_mods":["Elite Swarm"],"is_ascension_mode":true,"campfire_choices":[{"data":"Defragment","floor":7,"key":"SMITH"},{"data":"Barricade","floor":13,"key":"SMITH"},{"data":"Defragment","floor":15,"key":"SMITH"},{"data":"Coolheaded","floor":23,"key":"SMITH"},{"data":"Coolheaded","floor":25,"key":"SMITH"},{"data":"Capacitor","floor":32,"key":"SMITH"}],"circlet_count":0,"master_deck":["Entrench","Evolve","Shockwave","Entrench","Body Slam","Body Slam","Body Slam","Metallicize","Juggernaut","Barricade+1","Defragment+1","Defragment+1","Capacitor+1","Capacitor","Capacitor","Coolheaded+1","Coolheaded+1","Coolheaded","Coolheaded","Juggernaut","Juggernaut","Berserk","Berserk","Seeing Red+1"],"relics":["Burning Blood","EVO:Axolotl","Smiling Mask","InkBottle","Potion Belt","The Courier","Thread and Needle","Black Star","Membership Card","Omamori","Shuriken","Blood Vial","Singing Bowl","Red Skull","Torii","Darkstone Periapt"],"acts_visited":["Exordium","TheCity"],"potions_floor_usage":[10,12,14,18,31,33,33,33],"damage_taken":[{"damage":2,"enemies":"Small Slimes","floor":1,"turns":6},{"damage":0,"enemies":"Cultist","floor":3,"turns":4},{"damage":12,"enemies":"Jaw Worm","floor":4,"turns":5},{"damage":0,"enemies":"Lagavulin","floor":6,"turns":7},{"damage":9,"enemies":"Gremlin Nob","floor":8,"turns":6},{"damage":0,"enemies":"Lagavulin","floor":10,"turns":7},{"damage":18,"enemies":"Lots of Slimes","floor":12,"turns":3},{"damage":40,"enemies":"Gremlin Nob","floor":14,"turns":5},{"damage":11,"enemies":"Slime Boss","floor":16,"turns":7},{"damage":13,"enemies":"2 Thieves","floor":18,"turns":4},{"damage":43,"enemies":"3 Byrds","floor":19,"turns":5},{"damage":4,"enemies":"Cultist and Chosen","floor":24,"turns":10},{"damage":11,"enemies":"Snecko","floor":28,"turns":7},{"damage":8,"enemies":"Book of Stabbing","floor":29,"turns":7},{"damage":58,"enemies":"Slavers","floor":31,"turns":7},{"damage":23,"enemies":"Collector","floor":33,"turns":3}],"seed_played":"749579382916581715","potions_obtained":[{"floor":3,"key":"Energy Potion"},{"floor":6,"key":"DuplicationPotion"},{"floor":10,"key":"DistilledChaos"},{"floor":12,"key":"Explosive Potion"},{"floor":29,"key":"AttackPotion"},{"floor":30,"key":"Regen Potion"},{"floor":30,"key":"BlessingOfTheForge"},{"floor":30,"key":"Dexterity Potion"}],"is_trial":true,"path_per_floor":["M","?","M","M","?","E","R","E","T","E","$","M","R","E","R","B",null,"M","M","?","?","$","R","M","R","T","$","M","E","?","E","R","B"],"character_chosen":"IRONCLAD","items_purchased":["Membership Card","Omamori","Blood Vial"],"campfire_rested":0,"item_purchase_floors":[22,22,27],"current_hp_per_floor":[80,80,80,74,74,80,80,77,77,80,80,68,68,34,34,29,80,73,36,36,62,62,62,64,64,64,64,61,63,63,15,15,0,0],"gold":70,"neow_bonus":"","is_daily":false,"chose_seed":false,"campfire_upgraded":6,"win_rate":0.0,"timestamp":1613549260,"path_taken":["M","?","M","M","?","E","R","E","T","E","$","?","R","E","R","BOSS","M","?","?","?","$","R","M","R","T","$","M","E","?","E","R","BOSS"],"items_purchased_type":["Relic","Relic","Relic"],"build_version":"2020-12-22","purchased_purges":1,"victory":false,"max_hp_per_floor":[80,80,80,80,80,80,80,80,80,80,80,80,80,80,80,80,80,80,80,80,80,80,80,80,80,80,80,80,82,82,84,84,84,84],"card_choices":[{"not_picked":["Flex","Reckless Charge","Thunderclap"],"picked":"SKIP","floor":1},{"not_picked":["Inflame","Flex","Heavy Blade"],"picked":"SKIP","floor":3},{"not_picked":["Feed","Iron Wave","Anger"],"picked":"SKIP","floor":4},{"not_picked":["Feed","Exhume"],"picked":"Juggernaut","floor":6},{"not_picked":["Feed","Barricade"],"picked":"Juggernaut","floor":8},{"not_picked":["Brutality","Exhume","Barricade"],"picked":"SKIP","floor":10},{"not_picked":["Seeing Red","Cleave","Warcry"],"picked":"SKIP","floor":12},{"not_picked":["Immolate","Reaper"],"picked":"Berserk","floor":14},{"not_picked":["Brutality","Barricade"],"picked":"Berserk","floor":16},{"not_picked":["Wild Strike","Flex","Searing Blow"],"picked":"SKIP","floor":18},{"not_picked":["Shrug It Off","Uppercut"],"picked":"Seeing Red+1","floor":19},{"not_picked":["Rampage+1","Clash","Evolve"],"picked":"SKIP","floor":24},{"not_picked":["Pommel Strike","Headbutt","Anger"],"picked":"SKIP","floor":28},{"not_picked":["Reaper","Limit Break","Barricade"],"picked":"Singing Bowl","floor":29},{"not_picked":["Impervious","Brutality","Fiend Fire"],"picked":"Singing Bowl","floor":31}],"player_experience":141378,"relics_obtained":[{"floor":6,"key":"Smiling Mask"},{"floor":8,"key":"InkBottle"},{"floor":9,"key":"Potion Belt"},{"floor":10,"key":"The Courier"},{"floor":14,"key":"Thread and Needle"},{"floor":26,"key":"Shuriken"},{"floor":29,"key":"Singing Bowl"},{"floor":29,"key":"Red Skull"},{"floor":31,"key":"Torii"},{"floor":31,"key":"Darkstone Periapt"}],"event_choices":[{"damage_healed":0,"gold_gain":0,"player_choice":"1","damage_taken":0,"max_hp_gain":0,"max_hp_loss":0,"event_name":"betterMatch:BetterMatch","floor":2,"gold_loss":0,"cards_obtained":["betterMatch:CommonCard","betterMatch:UncommonCard"]},{"damage_healed":0,"gold_gain":0,"cards_transformed":["Body Slam"],"player_choice":"Transformed","damage_taken":0,"max_hp_gain":0,"max_hp_loss":0,"event_name":"Transmorgrifier","floor":5,"gold_loss":0,"cards_obtained":["Bludgeon"]},{"damage_healed":0,"gold_gain":0,"player_choice":"Ignored","damage_taken":0,"max_hp_gain":0,"max_hp_loss":0,"event_name":"betterNote:BetterNote","floor":20,"gold_loss":0,"cards_obtained":["Footwork"]},{"damage_healed":26,"gold_gain":0,"player_choice":"Heal","damage_taken":0,"max_hp_gain":0,"max_hp_loss":0,"event_name":"The Library","floor":21,"gold_loss":0},{"damage_healed":0,"gold_gain":0,"player_choice":"Got Potions","damage_taken":0,"max_hp_gain":0,"max_hp_loss":0,"event_name":"Lab","floor":30,"gold_loss":0}],"is_beta":false,"boss_relics":[{"not_picked":["Calling Bell","SacredBark"],"picked":"Black Star"}],"items_purged_floors":[11],"is_endless":false,"potions_floor_spawned":[3,6,10,12,29],"killed_by":"Collector","ascension_level":1}}