{"host":"q9718omregw4er46","time":1613524812,"event":{"mods":["BaseMod","Bestiary","Colored Powertips","Custom Start","Minty Spire (QoL Compilation)","Quick Restart","Relic Stats"],"gold_per_floor":[113,113,133,147,147,173,173,204,204,220,220,237,250,262,262,335,335,345,19,34,34,34,65,65,92,164,164,198,37,87,100,100,176,176,212,212,21,65,65,109,109,151,177,177,177,233,281,136,136,136,166,166,166,7,7,7],"floor_reached":55,"language":"ENG","playtime":2951,"items_purged":["Strike_P","Strike_P+1","Defend_P"],"score":2005,"play_id":"09b76b6e-3612-4bbf-afbb-82d70eee9f04","local_time":"20210217062012","is_ascension_mode":true,"campfire_choices":[{"data":"TalkToTheHand","floor":7.0,"key":"SMITH"},{"data":"Meditate","floor":11.0,"key":"SMITH"},{"data":"Vengeance","floor":15.0,"key":"SMITH"},{"data":"Blasphemy","floor":24.0,"key":"SMITH"},{"data":"Ghostly","floor":27.0,"key":"SMITH"},{"data":"CutThroughFate","floor":32.0,"key":"SMITH"},{"floor":41.0,"key":"REST"},{"floor":49.0,"key":"RECALL"},{"data":"Wireheading","floor":53,"key":"SMITH"}],"circlet_count":0,"master_deck":["AscendersBane","Strike_P+1","Defend_P+1","Defend_P+1","Defend_P","Eruption+1","Vigilance+1","TalkToTheHand+1","ReachHeaven+1","Meditate+1","LessonLearned","Vengeance+1","FearNoEvil+1","Consecrate","Blasphemy+1","LikeWater","Wireheading+1","Ghostly+1","Ghostly+1","Ghostly+1","DevaForm+1","Tantrum","WheelKick","CutThroughFate+1","Wish+1","Omniscience+1","Wireheading+1"],"relics":["HolyWater","NeowsBlessing","Vajra","Lizard Tail","Pantograph","SlaversCollar","Membership Card","Happy Flower","Letter Opener","Omamori","Question Card","Frozen Egg 2","Centennial Puzzle","InkBottle","Mummified Hand","Gambling Chip"],"acts_visited":["TheEnding"],"potions_floor_usage":[],"damage_taken":[{"damage":0.0,"enemies":"Jaw Worm","floor":1.0,"turns":1.0},{"damage":0.0,"enemies":"Cultist","floor":3.0,"turns":1.0},{"damage":0.0,"enemies":"Small Slimes","floor":4.0,"turns":1.0},{"damage":17.0,"enemies":"Gremlin Nob","floor":6.0,"turns":3.0},{"damage":13.0,"enemies":"3 Sentries","floor":8.0,"turns":5.0},{"damage":4.0,"enemies":"Looter","floor":10.0,"turns":3.0},{"damage":2.0,"enemies":"2 Fungi Beasts","floor":12.0,"turns":3.0},{"damage":6.0,"enemies":"Exordium Wildlife","floor":13.0,"turns":2.0},{"damage":12.0,"enemies":"Looter","floor":14.0,"turns":4.0},{"damage":0.0,"enemies":"Slime Boss","floor":16.0,"turns":3.0},{"damage":28.0,"enemies":"2 Thieves","floor":18.0,"turns":4.0},{"damage":0.0,"enemies":"Spheric Guardian","floor":20.0,"turns":1.0},{"damage":1.0,"enemies":"Book of Stabbing","floor":23.0,"turns":4.0},{"damage":4.0,"enemies":"Gremlin Leader","floor":25.0,"turns":5.0},{"damage":13.0,"enemies":"Slavers","floor":28.0,"turns":5.0},{"damage":1.0,"enemies":"Chosen and Byrds","floor":31.0,"turns":5.0},{"damage":30.0,"enemies":"Collector","floor":33.0,"turns":8.0},{"damage":14.0,"enemies":"3 Darklings","floor":35.0,"turns":8.0},{"damage":1.0,"enemies":"3 Shapes","floor":38.0,"turns":5.0},{"damage":1.0,"enemies":"Jaw Worm Horde","floor":40.0,"turns":5.0},{"damage":2.0,"enemies":"Spire Growth","floor":42.0,"turns":5.0},{"damage":0.0,"enemies":"Nemesis","floor":46.0,"turns":5.0},{"damage":2.0,"enemies":"Transient","floor":47.0,"turns":6.0},{"damage":13.0,"enemies":"Time Eater","floor":50.0,"turns":8.0},{"damage":63.0,"enemies":"Awakened One","floor":51.0,"turns":8.0},{"damage":48,"enemies":"Shield and Spear","floor":55,"turns":2}],"seed_played":"7017654820847958749","potions_obtained":[{"floor":1.0,"key":"ColorlessPotion"},{"floor":2.0,"key":"EssenceOfSteel"},{"floor":3.0,"key":"Fruit Juice"},{"floor":4.0,"key":"BottledMiracle"},{"floor":10.0,"key":"SmokeBomb"},{"floor":12.0,"key":"LiquidMemories"},{"floor":13.0,"key":"AttackPotion"},{"floor":28.0,"key":"AttackPotion"},{"floor":31.0,"key":"Energy Potion"},{"floor":38.0,"key":"AttackPotion"},{"floor":40.0,"key":"AttackPotion"},{"floor":46.0,"key":"Explosive Potion"}],"is_trial":false,"path_per_floor":["M","?","M","M","?","E","R","E","T","M","R","M","M","M","R","B",null,"M","$","M","?","?","E","R","E","T","R","E","$","?","M","R","B",null,"M","?","$","M","?","M","R","M","T","?","?","E","M","$","R","B","B",null,"R","$","E"],"character_chosen":"WATCHER","items_purchased":["Membership Card","Happy Flower","LikeWater","Weak Potion","WheelKick","Regen Potion","Centennial Puzzle","InkBottle","Wireheading+1","StancePotion","Gambling Chip"],"campfire_rested":1,"item_purchase_floors":[19,19,19,19,29,29,29,37,48,48,54],"current_hp_per_floor":[61,61,61,66,59,42,42,29,29,25,25,23,17,5,5,30,62,34,34,34,34,26,25,25,21,21,21,8,8,8,21,21,11,34,20,20,20,19,19,18,29,27,27,27,49,49,47,47,47,36,12,40,40,40,0,0],"gold":7,"neow_bonus":"THREE_ENEMY_KILL","is_daily":false,"chose_seed":false,"campfire_upgraded":7,"win_rate":0.0,"timestamp":1613524812,"path_taken":["M","?","?","?","?","E","R","E","T","M","R","M","M","M","R","BOSS","M","$","M","?","?","E","R","E","T","R","E","$","?","M","R","BOSS","M","?","$","M","?","?","R","M","T","?","?","E","?","?","R","BOSS","BOSS","R","$","E"],"items_purchased_type":["Relic","Relic","Card","Potion","Card","Potion","Relic","Relic","Card","Potion","Relic"],"build_version":"2020-12-22","purchased_purges":3,"victory":false,"max_hp_per_floor":[68,68,68,73,73,73,73,73,73,73,73,73,73,73,73,73,73,73,73,73,36,41,41,41,41,41,41,41,41,41,41,41,41,41,41,41,41,41,39,39,39,39,39,39,49,49,49,49,49,49,49,49,49,49,49,49],"relic_stats":{"Lizard Tail":24,"Centennial Puzzle":[9],"Happy Flower":[6],"counters":[3,18],"Mummified Hand":[15],"Pantograph":15,"Gambling Chip":[5],"Letter Opener":[70],"Question Card":0,"obtain_stats":[{"NeowsBlessing":0,"Happy Flower":0,"Vajra":0,"Omamori":0,"Letter Opener":0,"Frozen Egg 2":0,"Question Card":0,"SlaversCollar":0,"Lizard Tail":0,"Centennial Puzzle":0,"Mummified Hand":0,"Pantograph":0,"Gambling Chip":54,"HolyWater":0,"Membership Card":0,"InkBottle":0},{"NeowsBlessing":0,"Happy Flower":0,"Vajra":0,"Omamori":0,"Letter Opener":0,"Frozen Egg 2":0,"Question Card":0,"SlaversCollar":0,"Lizard Tail":0,"Centennial Puzzle":0,"Mummified Hand":0,"Pantograph":0,"Gambling Chip":2,"HolyWater":0,"Membership Card":0,"InkBottle":0},{"NeowsBlessing":0,"Happy Flower":0,"Vajra":0,"Omamori":0,"Letter Opener":0,"Frozen Egg 2":0,"Question Card":0,"SlaversCollar":0,"Lizard Tail":0,"Centennial Puzzle":0,"Mummified Hand":0,"Pantograph":0,"Gambling Chip":16,"HolyWater":0,"Membership Card":0,"InkBottle":0}],"InkBottle":[10]},"card_choices":[{"not_picked":["Fasting2","CarveReality"],"picked":"TalkToTheHand","floor":1.0},{"not_picked":["JustLucky","LikeWater"],"picked":"ReachHeaven","floor":3.0},{"not_picked":["Nirvana","WindmillStrike"],"picked":"Meditate","floor":4.0},{"not_picked":["Collect","SignatureMove","Nirvana"],"picked":"SKIP","floor":6.0},{"not_picked":["EmptyFist","Vengeance"],"picked":"LessonLearned","floor":8.0},{"not_picked":["WaveOfTheHand","ThirdEye"],"picked":"Vengeance","floor":10.0},{"not_picked":["Halt","Prostrate"],"picked":"FearNoEvil","floor":12.0},{"not_picked":["LessonLearned","ForeignInfluence"],"picked":"Consecrate","floor":13.0},{"not_picked":["Study","Prostrate","JustLucky"],"picked":"SKIP","floor":14.0},{"not_picked":["Judgement","Alpha"],"picked":"Blasphemy","floor":16.0},{"not_picked":["Study","Consecrate","Collect"],"picked":"SKIP","floor":18.0},{"not_picked":["Halt","BowlingBash+1"],"picked":"Wireheading","floor":20.0},{"not_picked":["Wireheading","Conclude","Prostrate"],"picked":"SKIP","floor":23.0},{"not_picked":["Evaluate","WindmillStrike"],"picked":"DevaForm","floor":25.0},{"not_picked":["Halt+1","Brilliance","EmptyFist"],"picked":"Tantrum","floor":28.0},{"not_picked":["FollowUp","WheelKick","Crescendo"],"picked":"CutThroughFate","floor":31.0},{"not_picked":["SpiritShield","Ragnarok","Establishment+1"],"picked":"Wish","floor":33.0},{"not_picked":["Evaluate","WindmillStrike","CrushJoints","EmptyFist+1"],"picked":"SKIP","floor":35.0},{"not_picked":["CutThroughFate","EmptyFist","Vengeance","Pray"],"picked":"SKIP","floor":38.0},{"not_picked":["WaveOfTheHand","CrushJoints+1","JustLucky"],"picked":"SpiritShield","floor":40.0},{"not_picked":["Protect","CutThroughFate+1","CarveReality+1","ClearTheMind+1"],"picked":"SKIP","floor":42.0},{"not_picked":["WaveOfTheHand","Halt","EmptyMind"],"picked":"Omniscience","floor":46.0},{"not_picked":["EmptyFist+1","Tantrum","CarveReality","SashWhip"],"picked":"SKIP","floor":47.0}],"player_experience":809513,"relics_obtained":[{"floor":6.0,"key":"Vajra"},{"floor":8.0,"key":"Lizard Tail"},{"floor":9.0,"key":"Pantograph"},{"floor":23.0,"key":"Letter Opener"},{"floor":25.0,"key":"Omamori"},{"floor":26.0,"key":"Question Card"},{"floor":28.0,"key":"Frozen Egg 2"},{"floor":46.0,"key":"Mummified Hand"}],"event_choices":[{"damage_healed":0.0,"max_hp_gain":0.0,"max_hp_loss":0.0,"gold_gain":0.0,"event_name":"Lab","player_choice":"Got Potions","floor":2.0,"gold_loss":0.0,"damage_taken":0.0},{"cards_removed":["Strike_P"],"damage_healed":0.0,"max_hp_gain":0.0,"max_hp_loss":0.0,"gold_gain":0.0,"event_name":"Golden Wing","player_choice":"Card Removal","floor":5.0,"gold_loss":0.0,"damage_taken":7.0},{"damage_healed":0.0,"max_hp_gain":0.0,"max_hp_loss":37.0,"gold_gain":0.0,"event_name":"Ghosts","player_choice":"Became a Ghost","floor":21.0,"gold_loss":0.0,"damage_taken":0.0,"cards_obtained":["Ghostly","Ghostly","Ghostly"]},{"damage_healed":0.0,"max_hp_gain":5.0,"max_hp_loss":0.0,"gold_gain":0.0,"event_name":"Forgotten Altar","player_choice":"Shed Blood","floor":22.0,"gold_loss":0.0,"damage_taken":13.0},{"damage_healed":0.0,"max_hp_gain":0.0,"max_hp_loss":0.0,"gold_gain":50.0,"event_name":"Nest","player_choice":"Stole From Cult","floor":30.0,"gold_loss":0.0,"damage_taken":0.0},{"damage_healed":0.0,"max_hp_gain":0.0,"max_hp_loss":0.0,"gold_gain":0.0,"event_name":"The Moai Head","player_choice":"Ignored","floor":36.0,"gold_loss":0.0,"damage_taken":0.0},{"damage_healed":0.0,"max_hp_gain":0.0,"max_hp_loss":2.0,"gold_gain":0.0,"event_name":"Winding Halls","player_choice":"Max HP","floor":39.0,"gold_loss":0.0,"damage_taken":0.0},{"damage_healed":0.0,"max_hp_gain":0.0,"max_hp_loss":0.0,"gold_gain":0.0,"event_name":"Tomb of Lord Red Mask","player_choice":"Ignored","floor":44.0,"gold_loss":0.0,"damage_taken":0.0},{"cards_removed":["SpiritShield"],"damage_healed":12.0,"max_hp_gain":10.0,"max_hp_loss":0.0,"gold_gain":0.0,"event_name":"Bonfire Elementals","player_choice":"Offered Rare","floor":45.0,"gold_loss":0.0,"damage_taken":0.0}],"is_beta":false,"boss_relics":[{"not_picked":["Astrolabe","Coffee Dripper"],"picked":"SlaversCollar"},{"not_picked":["VioletLotus","Sozu"],"picked":"HolyWater"}],"items_purged_floors":[19,37,48],"is_endless":false,"potions_floor_spawned":[1,3,4,10,12,13,20,28,31,38,40,46],"killed_by":"Shield and Spear","ascension_level":20}}