{"host":"Koishi","time":1613597831,"event":{"mods":["2.2 Compatiblity","AchievementEnabler","Act Like it!","BaseMod","Better Match","Better Note","Better Sensory Stone","Better Third Choice","Colored Powertips","Gensokyo","Good Game Mod","Hermit","Koishi","Lobotomy","LobotomyExtend","Marisa（霧雨　魔理沙）","Minty Spire (QoL Compilation)","Monster B Gone","Quick Restart","Rare Cards Sparkle","Reimu（博??梦）","Relic Filter Mod","Relic Stats","Ruina","Spicy Shops","StSLib","The Construct"],"gold_per_floor":[116,116,116,116,133,164,164,199,199,199,225,225,41,54,54,54,54],"floor_reached":16,"language":"ENG","playtime":579,"items_purged":[],"score":150,"play_id":"eb2b7fee-3596-4b9d-bf79-6910c05e1789","local_time":"20210217163711","is_ascension_mode":true,"campfire_choices":[],"circlet_count":0,"master_deck":["SpecialBullet","SpecialBullet","SpecialBullet","SpecialBullet","SpecialBullet","SpecialBullet","SpecialBullet","SpecialBullet","ControlCode","WelfareCode","CentralCode","Twilight+1","Adoration","Soda","LittlePrince","GreenStem","BlackSwan_ego","Scorched","OSAHOGD","Logging","TT2Protocol","RecordCode","Gensokyo:DepletedGenerator","Twilight+1","SummonCall"],"relics":["CogitoBucket","REME:ComplimentaryCards","LetterFromLob","Potion Belt","Torii","construct:FoamFinger","HornCleat","DollysMirror","LuminousBracelet"],"acts_visited":["Gensokyo:Gensokyo"],"potions_floor_usage":[],"damage_taken":[{"damage":0,"enemies":"Gensokyo:3_Fairies","floor":1,"turns":2},{"damage":0,"enemies":"Gensokyo:2_Kodama","floor":5,"turns":2},{"damage":5,"enemies":"Gensokyo:Cirno","floor":6,"turns":5},{"damage":5,"enemies":"Gensokyo:Mamizou","floor":8,"turns":5},{"damage":27,"enemies":"Gensokyo:Aya","floor":11,"turns":4},{"damage":28,"enemies":"Gensokyo:Python","floor":14,"turns":8},{"damage":46,"enemies":"Gensokyo:Reimu","floor":16,"turns":5}],"seed_played":"-1427070051254208007","potions_obtained":[{"floor":1,"key":"GrandPatriotsElixir:ReiMu"},{"floor":5,"key":"DuplicationPotion"},{"floor":14,"key":"Explosive Potion"}],"is_trial":false,"path_per_floor":["M","?","?","$","M","E","?","E","T","R","E","R","COS","M","R","B"],"character_chosen":"Angela","items_purchased":[],"campfire_rested":0,"item_purchase_floors":[],"current_hp_per_floor":[70,70,77,77,77,75,75,73,73,73,46,46,46,33,33,0,0],"gold":54,"neow_bonus":"ONE_RANDOM_RARE_CARD","is_daily":false,"chose_seed":false,"campfire_upgraded":0,"win_rate":0.0,"timestamp":1613597831,"path_taken":["M","?","?","$","M","E","?","E","T","R","E","R","COS","?","R","BOSS"],"items_purchased_type":[],"build_version":"2020-12-18","purchased_purges":0,"victory":false,"max_hp_per_floor":[70,70,77,77,77,77,77,77,77,77,77,77,77,92,92,92,92],"relic_stats":{"Torii":12,"counters":[8,32],"obtain_stats":[{"Potion Belt":6,"CogitoBucket":0,"REME:ComplimentaryCards":0,"construct:FoamFinger":9,"HornCleat":11,"Torii":8,"DollysMirror":13,"LuminousBracelet":14,"LetterFromLob":1},{"Potion Belt":3,"CogitoBucket":0,"REME:ComplimentaryCards":0,"construct:FoamFinger":4,"HornCleat":5,"Torii":4,"DollysMirror":5,"LuminousBracelet":7,"LetterFromLob":1},{"Potion Belt":9,"CogitoBucket":0,"REME:ComplimentaryCards":0,"construct:FoamFinger":14,"HornCleat":18,"Torii":14,"DollysMirror":18,"LuminousBracelet":27,"LetterFromLob":2}]},"card_choices":[{"not_picked":["FrostShard"],"picked":"Soda","floor":1},{"not_picked":["Yin","BigBird"],"picked":"LittlePrince","floor":1},{"not_picked":["SomewhereSpear"],"picked":"GreenStem","floor":2},{"not_picked":["TodaysExpression"],"picked":"BlackSwan_ego","floor":2},{"not_picked":["BigBird","FairyFestival"],"picked":"Scorched","floor":5},{"not_picked":["WristCuter","LifeForTheDareDevil"],"picked":"SKIP","floor":5},{"not_picked":["RedShoes","WallGazer"],"picked":"OSAHOGD","floor":6},{"not_picked":["BlackSwan_ego","Reverberation"],"picked":"SKIP","floor":6},{"not_picked":["Galaxy"],"picked":"Logging","floor":8},{"not_picked":["TodaysExpression","Regret_ego"],"picked":"SKIP","floor":11},{"not_picked":["FourthMatchFlame","GreenStem"],"picked":"SKIP","floor":14}],"player_experience":231200,"relics_obtained":[{"floor":1,"key":"LetterFromLob"},{"floor":6,"key":"Potion Belt"},{"floor":8,"key":"Torii"},{"floor":9,"key":"construct:FoamFinger"},{"floor":11,"key":"HornCleat"}],"event_choices":[],"is_beta":true,"boss_relics":[],"items_purged_floors":[],"is_endless":false,"potions_floor_spawned":[1,5,14],"killed_by":"Gensokyo:Reimu","ascension_level":2}}