{"host":"ymw71f7rc9ndansy","time":1613533318,"event":{"mods":["ATMod(阿瑾Mod)","Act Like it!","Arknights","Aspiration","BaseMod","DeckTracker","Hubris","Library of Ruina","Library of Ruina Extra","Minty Spire (QoL Compilation)","MostiFishMod","NanayaShiki（七夜志贵）","Relic Filter Mod","Remove Card Discount Mod","Replay The Spire","RumiaBox-露米娅的神秘盒子","StSLib","TestMod","【功能Mod】精心准备","【遗物卡牌】REMEMod"],"gold_per_floor":[17,32,32,22,47,90,102,148,184,219,262,298,310,365,377,485,497,536,538,568,568,618,966,966,1012,1012,1027,1167,1284,1220,1252,1252,1453,1453,1470,1470,1470,1470,1470],"floor_reached":38,"language":"ZHS","playtime":965,"items_purged":["LightAttack","LightAttack","LightAttack","Dodge","ChargeAndCover","LightDefense","LightDefense","FocusedStrikes+1","LightDefense","BackAttack","CombatPreparation+1","SturdyDefense+1","Rewind+1"],"score":1624,"play_id":"7a2e53b4-3509-4a8d-b71a-754ce42fde88","local_time":"20210217114158","is_ascension_mode":true,"campfire_choices":[{"data":"Rewind","floor":7,"key":"SMITH"},{"data":"AlloutWar","floor":15,"key":"SMITH"},{"data":"FrontalAssault","floor":24,"key":"SMITH"},{"floor":32,"key":"RECALL"}],"circlet_count":0,"master_deck":["AscendersBane","AT_KingSlayer+1","GrazeTheGrass","AlloutWar+1","LeRegole+1","FrontalAssault+1","BiAn+1","Reload+1","FrontalAssault","LoosenUp","Faith","QuickSuppression","ChargeUp","Pound"],"relics":["PageOfLibrarian","testmod-TestBox","REME_ComplimentaryCards","AT_ATBox","FeatherPendant","testmod-BloodSacrificeSpiritualization","testmod-RealStoneCalender","SynthV:TestCard","Golden Idol","MawBank","ReplayTheSpireMod:Ninjato","testmod-BlackFramedGlasses","testmod-DeterminationOfClimber","DaveBox","BirthdayGift-Icosahedron","AT_SpeedBoots","Old Coin","hubris:CrystalStatue","AT_TheCollector","Iron Hammer","Empty Cage","hubris:Towel"],"acts_visited":["Exordium","TheCity","TheBeyond"],"potions_floor_usage":[],"damage_taken":[{"damage":0.0,"enemies":"Jaw Worm","floor":1.0,"turns":1.0},{"damage":6,"enemies":"ats:Genji","floor":2,"turns":1},{"damage":6,"enemies":"Cultist","floor":5,"turns":1},{"damage":6,"enemies":"Lagavulin","floor":6,"turns":3},{"damage":6,"enemies":"3 Sentries","floor":8,"turns":2},{"damage":6,"enemies":"Exordium Wildlife","floor":10,"turns":1},{"damage":0,"enemies":"Lagavulin","floor":11,"turns":3},{"damage":8,"enemies":"2 Fungi Beasts","floor":12,"turns":1},{"damage":8,"enemies":"Gremlin Nob","floor":14,"turns":2},{"damage":8,"enemies":"Hexaghost","floor":16,"turns":6},{"damage":8,"enemies":"2 Thieves","floor":18,"turns":1},{"damage":0,"enemies":"Chosen","floor":20,"turns":1},{"damage":0,"enemies":"Book of Stabbing","floor":23,"turns":2},{"damage":0,"enemies":"Replay:Snechameleon","floor":25,"turns":1},{"damage":0,"enemies":"Snake Plant","floor":27,"turns":1},{"damage":0,"enemies":"Gremlin Leader","floor":28,"turns":1},{"damage":0,"enemies":"Sentry and Sphere","floor":29,"turns":1},{"damage":0,"enemies":"3 Cultists","floor":31,"turns":1},{"damage":0,"enemies":"Collector","floor":33,"turns":1},{"damage":21,"enemies":"3 Shapes","floor":35,"turns":1}],"seed_played":"1626910703321290840","potions_obtained":[{"floor":1.0,"key":"AttackPotion"},{"floor":2,"key":"Dexterity Potion"},{"floor":29,"key":"Swift Potion"},{"floor":33,"key":"testmod-TimePotion"}],"is_trial":false,"path_per_floor":["M","M","?","$","M","E","R","E","T","M","E","M","?","E","R","B",null,"M","$","M","?","?","E","R","E","T","M","E","M","$","M","R","B",null,"M","?","?","?"],"character_chosen":"Librarian","items_purchased":["Faith"],"campfire_rested":0,"item_purchase_floors":[30],"current_hp_per_floor":[54,60,39,39,47,55,55,60,60,60,60,53,53,68,68,82,82,82,82,82,82,55,62,62,69,69,71,82,82,82,82,82,82,82,65,65,65,65,65],"gold":1470,"neow_bonus":"ONE_RARE_RELIC","is_daily":false,"chose_seed":false,"campfire_upgraded":3,"win_rate":0.0,"timestamp":1613533318,"path_taken":["M","M","?","$","M","E","R","E","T","M","E","M","?","E","R","BOSS","M","$","?","?","?","E","R","E","T","M","E","?","$","M","R","BOSS","M","?","?","?"],"items_purchased_type":["Card"],"build_version":"2020-12-22","purchased_purges":13,"victory":false,"max_hp_per_floor":[60,60,60,60,60,60,60,60,60,60,82,82,82,82,82,82,82,82,82,82,82,82,82,82,82,82,82,82,82,82,82,82,82,82,82,82,82,82,82],"card_choices":[{"not_picked":["TrimTheIngredients","SerpentSwordTechnique","HiddenBlade","DarkCloud","HeavyPeaks","AsThePrescriptOrders","QuickAttack","PreemptiveStrike"],"picked":"SharpNails","floor":1.0},{"not_picked":["LoosenUp","Ripple","ClassAndRespect","BackstreetsDash","DarkCloud","WillOfThePrescript","SerpentineBarrier","DevastatingThrash","BurningFlash","RatsGuideToSurvival"],"picked":"GrazeTheGrass","floor":2},{"not_picked":["TraceOfFumes","SuppressingShot","WildCard","EnergyStrike","Mutilate","YourShield","SummaryJudgment","DestructiveImpact","NightInTheBackstreets","CoordinatedAssault"],"picked":"Rewind","floor":6},{"not_picked":["FierceCharge","ViolentFlame","Tailoring","Standoff","Juggling","GreatSerpentsImpact","UndertakePrescript","BindingChains","SerpentSwordTechnique","MultiHit"],"picked":"AlloutWar","floor":8},{"not_picked":["Leap_lor","FierceCharge","SharpSwipe","FlyingSword","EnergyConversion","Struggle","SunsetBlade","SnakesPrey","RatsGuideToSurvival","Parry2"],"picked":"CombatPreparation","floor":11},{"not_picked":["ReadyUp","IronWall","Preparation","StayCalm","Outburst","EnergyShield","DefenseOrder","UpbeatPerformance","Guardian_lor","WillProduceFineSilk"],"picked":"SturdyDefense","floor":12},{"not_picked":["GoinFirst","Suppress","WillProduceFineSilk","MindCrush"],"picked":"LeRegole","floor":16},{"not_picked":["SerpentineBarrier","Mutilate","SharpSwipe","DesperateStruggle","ScatteringSlash","DefenseOrder+1","AlloutWar","AutomatedMovement","DirtyBlow","OpportunitySpotted"],"picked":"FrontalAssault","floor":18},{"not_picked":["HighKick","EnergyCycle","WillOfThePrescript","GuardingStance+1","GuidanceOfTheGears","AutonomousRush+1","DefenseOrder","SunsetBlade","GreatSerpentsImpact","RhinoRam"],"picked":"BiAn+1","floor":22},{"not_picked":["FleetEdge","Outburst","Eject","Mutilate","GreatSerpentsImpact","StayCalm","Preparation+1","UnavoidableGaze","QuickSuppression","MultiHit"],"picked":"Reload","floor":22},{"not_picked":["EnergyStrike","Unlock1","FlyingSword","Parry2","Standoff","GuidanceOfTheGears","CrackOfDawn","SerpentSwordTechnique","FleetEdge","FeatherShield+1"],"picked":"FrontalAssault","floor":28},{"not_picked":["SuppressingShot","TendonChords","FeatherShield","Parry","FierceOnslaught","Parry2","GrazeTheGrass","Eradication","Outburst","Leap_lor"],"picked":"LoosenUp","floor":29},{"not_picked":["MultiHit","MindPrepared","JiaoTu","SinglePointStab","HiddenBlade","Wallop_lor","DesperateStruggle","SunsetBlade","Duel_lor","UpbeatPerformance"],"picked":"QuickSuppression","floor":31},{"not_picked":["WillProduceFineSilk","Deflect_lor","Tttonst","GroundSmash"],"picked":"ChargeUp","floor":33}],"player_experience":1085728,"relics_obtained":[{"floor":1.0,"key":"SynthV:TestCard"},{"floor":6,"key":"MawBank"},{"floor":8,"key":"ReplayTheSpireMod:Ninjato"},{"floor":11,"key":"testmod-BlackFramedGlasses"},{"floor":22,"key":"AT_SpeedBoots"},{"floor":23,"key":"Old Coin"},{"floor":25,"key":"hubris:CrystalStatue"},{"floor":26,"key":"AT_TheCollector"},{"floor":28,"key":"Iron Hammer"}],"event_choices":[{"damage_healed":0,"gold_gain":0,"player_choice":"Take Damage","damage_taken":21,"relics_obtained":["Golden Idol"],"max_hp_gain":0,"max_hp_loss":0,"event_name":"Golden Idol","floor":3,"gold_loss":0},{"damage_healed":0,"gold_gain":0,"cards_transformed":["LightDefense"],"player_choice":"Transformed","damage_taken":0,"max_hp_gain":0,"max_hp_loss":0,"event_name":"Transmorgrifier","floor":13,"gold_loss":0,"cards_obtained":["BackAttack"]},{"damage_healed":0,"gold_gain":0,"player_choice":"Swap Relic","damage_taken":0,"relics_obtained":["DaveBox"],"max_hp_gain":0,"max_hp_loss":0,"event_name":"给自己的盒子","floor":21,"relics_lost":["DaveBox"],"gold_loss":0}],"is_beta":false,"boss_relics":[{"not_picked":["Coffee Dripper","REME_DuelDisc"],"picked":"testmod-DeterminationOfClimber"},{"not_picked":["ExusiaiGun","Honey Jar"],"picked":"Empty Cage"}],"items_purged_floors":[4,4,4,4,4,19,19,19,19,19,30,30,30],"is_endless":false,"potions_floor_spawned":[1,2,8,23,28,29,31,33,35],"ascension_level":20}}