{"host":"ln8zowmpyx5bxamj","time":1613546013,"event":{"mods":["Act Like it!","BaseMod","Colored Map","Conspire","Gensokyo","GifTheSpireLib","Hallownest","Hubris","Minty Spire (QoL Compilation)","Permanent Neow","Prisma Mod","Replay The Spire","StSLib","Yuyuko"],"gold_per_floor":[119,119,119,129,5,5,5,21,21,21,34,49,61,94,94,197,197,207,9,24,24,24,24,24,24,24],"floor_reached":25,"language":"ENG","playtime":6828,"items_purged":[],"score":220,"play_id":"c465cbfb-640b-434a-9d9f-325c5d7c2a2c","local_time":"20210217011333","is_ascension_mode":true,"campfire_choices":[{"data":"Gone","floor":6,"key":"SMITH"},{"data":"Faramita\u0027s Temptation","floor":10,"key":"SMITH"},{"data":"Showy Withering","floor":15,"key":"SMITH"},{"data":"The Forgotten Winter","floor":23,"key":"SMITH"}],"circlet_count":0,"master_deck":["Fantasy Butterflies","Fantasy Butterflies","Fantasy Butterflies","Fantasy Butterflies","Fantasy Butterflies","Dreamy Sakura","Dreamy Sakura","Dreamy Sakura","Dreamy Sakura","Dreamy Sakura+1","Deathly Ground","Faramita\u0027s Temptation+1","Elegance+1","Elegance","Gone+1","Bomb","Serene Spring","The Forgotten Winter+1","End of Faramita","Showy Withering+1","Full Inky Sakura","Redemption of Death+1","Gensokyo:DepletedGenerator","Ghastly Dream"],"relics":["Yuyuko\u0027s fan","conspire:RunicOctahedron","conspire:TopHat","War Paint","Matryoshka","hubris:AstralHammer","Blue Kimono (FullMoon)","Chemical X"],"acts_visited":["Exordium","Gensokyo:Gensokyo"],"potions_floor_usage":[14,18,18,25],"damage_taken":[{"damage":10,"enemies":"Gensokyo:3_Fairies","floor":1,"turns":3},{"damage":11,"enemies":"Gensokyo:2_Kodama","floor":4,"turns":3},{"damage":17,"enemies":"Gensokyo:Python","floor":8,"turns":4},{"damage":36,"enemies":"Gensokyo:Gryphon_and_Rabbit","floor":11,"turns":7},{"damage":23,"enemies":"Gensokyo:CorruptedTreant","floor":12,"turns":4},{"damage":29,"enemies":"Gensokyo:VengefulSpirit","floor":13,"turns":6},{"damage":63,"enemies":"Gensokyo:Aya","floor":14,"turns":10},{"damage":110,"enemies":"Gensokyo:Yukari","floor":16,"turns":22},{"damage":66,"enemies":"Gensokyo:AngelMirror","floor":18,"turns":7},{"damage":40,"enemies":"Gensokyo:2_Gloops","floor":20,"turns":6},{"damage":71,"enemies":"Gensokyo:Reisen","floor":25,"turns":10}],"seed_played":"-4101832147012083846","potions_obtained":[{"floor":8,"key":"SpeedPotion"},{"floor":11,"key":"Dexterity Potion"},{"floor":16,"key":"PowerPotion"},{"floor":18,"key":"Dexterity Potion"}],"is_trial":false,"path_per_floor":["M","?","$","M","COS","R","$","M","T","R","M","M","M","E","R_BF","B",null,"M","COS","M","?","?","R","?","E"],"character_chosen":"YUYOKO","items_purchased":[],"campfire_rested":0,"item_purchase_floors":[],"current_hp_per_floor":[34,34,34,37,37,37,37,36,36,36,31,32,29,16,16,18,40,33,33,38,38,38,38,38,0,0],"gold":24,"neow_bonus":"BOSS_RELIC","is_daily":false,"chose_seed":false,"campfire_upgraded":4,"win_rate":0.0,"timestamp":1613546013,"path_taken":["M","?","$","M","COS","R","$","M","T","R","M","?","M","E","R_BF","BOSS","M","COS","M","?","?","R","?","E"],"items_purchased_type":[],"build_version":"2020-12-22","purchased_purges":0,"victory":false,"max_hp_per_floor":[40,40,40,40,40,40,40,40,40,40,40,40,40,40,40,40,40,40,40,40,40,40,40,40,40,40],"card_choices":[{"not_picked":["Gauzy Sakura","Unborn Light"],"picked":"Elegance","floor":1},{"not_picked":["All Wander","Stifle"],"picked":"Elegance","floor":2},{"not_picked":["Elegance","Trap Lamp"],"picked":"Gone","floor":2},{"not_picked":["Become Phantom","Scenery of Papilio"],"picked":"Bomb","floor":4},{"not_picked":["Fondling of Papilio","Unstable Ward"],"picked":"Serene Spring","floor":8},{"not_picked":["Steamed Phantom","Unstable Ward"],"picked":"The Forgotten Winter","floor":11},{"not_picked":["Childlike","Dancing Butterflies"],"picked":"End of Faramita","floor":12},{"not_picked":["Reverse The Screen","Sakura Ward","Steamed Phantom"],"picked":"SKIP","floor":13},{"not_picked":["End of Faramita","Song of Papilio"],"picked":"Showy Withering","floor":14},{"not_picked":["Remain Here","Ghastly Dream"],"picked":"Full Inky Sakura","floor":16},{"not_picked":["Unborn Light","Bloom"],"picked":"Redemption of Death+1","floor":18},{"not_picked":["Dying Sakura","Gather the Spring"],"picked":"Bloom","floor":20}],"player_experience":488586,"relics_obtained":[{"floor":9,"key":"conspire:TopHat"},{"floor":14,"key":"Matryoshka"}],"event_choices":[],"is_beta":false,"boss_relics":[{"not_picked":["Snecko Eye","Kintsugi"],"picked":"Blue Kimono"}],"items_purged_floors":[],"is_endless":false,"potions_floor_spawned":[8,11,16,18],"killed_by":"Gensokyo:Reisen","ascension_level":2}}