{"host":"l7ku00cw7dmofayg","time":1613523224,"event":{"mods":["ATMod(°¢èªMod)","BaseMod","Dota2Spire","Marisa£¨ìFÓê¡¡Ä§ÀíÉ³£©","Minty Spire (QoL Compilation)","StSLib","The Invoker Mod"],"gold_per_floor":[113,123,123,123,36,79,79,162,238,388,438,438,438,438],"floor_reached":13,"language":"ZHS","playtime":222,"items_purged":[],"score":205,"play_id":"4b50cf4a-7473-421e-a83f-de2bb37b1299","local_time":"20210217085344","is_ascension_mode":true,"campfire_choices":[{"floor":7,"key":"REST"}],"circlet_count":0,"master_deck":["AscendersBane","Strike_MRS+1","Strike_MRS","Strike_MRS","Strike_MRS+1","Defend_MRS","Defend_MRS","Defend_MRS","Defend_MRS","MasterSpark","UpSweep","AT_FalsePromise","AsteroidBelt","WitchOfGreed","PulseMagic","MilkyWay","SatelliteIllusion","Doubt","Orbital","Regret"],"relics":["MiniHakkero","AT_ATBox","NeowsBlessing","Golden Idol","AT_MibuBalloonWealth","AT_GuinsooRageblade","Dota2Spire:ArcaneBoots"],"acts_visited":["Exordium"],"potions_floor_usage":[11,13],"damage_taken":[{"damage":0.0,"enemies":"Small Slimes","floor":1.0,"turns":1.0},{"damage":0.0,"enemies":"Jaw Worm","floor":2.0,"turns":1.0},{"damage":0,"enemies":"Lagavulin","floor":6,"turns":1},{"damage":13,"enemies":"2 Louse","floor":8,"turns":3},{"damage":7,"enemies":"Looter","floor":11,"turns":3},{"damage":20,"enemies":"3 Sentries","floor":13,"turns":2}],"seed_played":"116702018776889998","potions_obtained":[{"floor":1.0,"key":"Fire Potion"},{"floor":8,"key":"AttackPotion"},{"floor":11,"key":"Weak Potion"}],"is_trial":false,"path_per_floor":["M","M","?","?","$","E","R","M","T","?","M","?","E"],"character_chosen":"MARISA","items_purchased":["PulseMagic"],"campfire_rested":1,"item_purchase_floors":[5],"current_hp_per_floor":[63,63,42,18,18,18,39,26,26,26,19,19,0,0],"gold":438,"neow_bonus":"THREE_ENEMY_KILL","is_daily":false,"chose_seed":false,"campfire_upgraded":0,"win_rate":0.0,"timestamp":1613523224,"path_taken":["M","M","?","?","$","E","R","M","T","?","?","?","E"],"items_purchased_type":["Card"],"build_version":"2020-12-22","purchased_purges":0,"victory":false,"max_hp_per_floor":[70,70,70,70,70,70,70,70,70,70,70,70,70,70],"card_choices":[{"not_picked":["StarlightTyphoon","DC"],"picked":"AsteroidBelt","floor":1.0},{"not_picked":["ShootingEcho","PowerUp"],"picked":"WitchOfGreed","floor":2},{"not_picked":["ChargingUp","DarkMatter"],"picked":"MilkyWay","floor":6},{"not_picked":["OneTimeOff","DC"],"picked":"SatelliteIllusion","floor":8},{"not_picked":["OneTimeOff","GrandCross"],"picked":"Orbital","floor":11}],"player_experience":70632,"relics_obtained":[{"floor":6,"key":"AT_MibuBalloonWealth"},{"floor":9,"key":"AT_GuinsooRageblade"}],"event_choices":[{"damage_healed":0,"gold_gain":0,"player_choice":"Entered Light","damage_taken":21,"max_hp_gain":0,"max_hp_loss":0,"event_name":"Shining Light","floor":3,"gold_loss":0,"cards_upgraded":["Strike_MRS","Strike_MRS"]},{"damage_healed":0,"gold_gain":0,"player_choice":"Take Damage","damage_taken":24,"relics_obtained":["Golden Idol"],"max_hp_gain":0,"max_hp_loss":0,"event_name":"Golden Idol","floor":4,"gold_loss":0},{"damage_healed":0,"gold_gain":150,"player_choice":"AGREE","damage_taken":0,"max_hp_gain":0,"max_hp_loss":0,"event_name":"Liars Game","floor":10,"gold_loss":0,"cards_obtained":["Doubt"]},{"damage_healed":0,"gold_gain":0,"player_choice":"Box","damage_taken":0,"relics_obtained":["Dota2Spire:ArcaneBoots"],"max_hp_gain":0,"max_hp_loss":0,"event_name":"Big Fish","floor":12,"gold_loss":0,"cards_obtained":["Regret"]}],"is_beta":false,"boss_relics":[],"items_purged_floors":[],"is_endless":false,"potions_floor_spawned":[1,11],"killed_by":"3 Sentries","ascension_level":18}}