{"host":"0rxdudjy6rylha1k","time":1613575773,"event":{"mods":["Aspiration","BaseMod","Colored Map","Colored Powertips","Downfall","Highlight Path","Hubris","Minty Spire (QoL Compilation)","StSLib"],"gold_per_floor":[0,11,111,111,130,30,55,84,103,203,3,16,16,16,34,133,133,133,153,163,163,73,123,150,170,202,202,219,219,219,233,247,247,247,247],"floor_reached":33,"language":"ENG","playtime":4075,"items_purged":["Injury"],"score":424,"play_id":"a8b98349-1f1d-4e4e-a89f-eb44ffd4d3c8","local_time":"20210217082933","is_ascension_mode":true,"campfire_choices":[{"floor":1.0,"key":"RECALL"},{"data":"hexamod:BurningTouch","floor":6.0,"key":"SMITH"},{"data":"hexamod:EtherealExpedition","floor":11.0,"key":"SMITH"},{"data":"hexamod:Float","floor":13.0,"key":"SMITH"},{"data":"hexamod:ApocalypseNow","floor":18.0,"key":"SMITH"},{"floor":27,"key":"REST"},{"data":"hexamod:GhostflameInferno","floor":30,"key":"SMITH"}],"circlet_count":0,"master_deck":["hexamod:Strike","hexamod:Strike","hexamod:Strike","hexamod:Strike","hexamod:Defend+1","hexamod:Defend","hexamod:Defend","hexamod:Defend","hexamod:Sear","hexamod:Float+1","hexamod:ThermalTransfer","hexamod:BurningTouch+1","hexamod:EtherealExpedition+1","hexamod:ThermalTransfer","hexamod:FourthSeal","hexamod:GhostOfSpirePast+1","hexamod:ApocalypseNow+1","hexamod:ExtraCrispy+1","hexamod:Rewind","Dark Shackles","hexamod:Sear+1","hexamod:InspiringFlames","hexamod:SoulSteal","hexamod:GhostflameInferno+1","hexamod:SpectersWail","Doubt","hubris:Despair","hexamod:Firestarter","hexamod:HexaLevel+1","hexamod:ThirdSeal","Writhe","hexamod:SpectersWail+1","hexamod:ParanormalForm+1","hexamod:EmpoweredFlame+1","hexamod:EmpoweredFlame+1"],"relics":["hexamod:SpiritBrand","downfall:HeartBlessingRed","Question Card","downfall:HeartBlessingGreen","downfall:HeartBlessingBlue","Frozen Egg 2","Cursed Key","Lantern","Pen Nib","War Paint","hexamod:MatchstickCase"],"acts_visited":["Exordium","TheCity"],"potions_floor_usage":[25,25,26,26,28,31,32,33,33,33],"damage_taken":[{"damage":4.0,"enemies":"Jaw Worm","floor":2.0,"turns":3.0},{"damage":0.0,"enemies":"Small Slimes","floor":5.0,"turns":3.0},{"damage":25.0,"enemies":"3 Sentries","floor":8.0,"turns":9.0},{"damage":0.0,"enemies":"Cultist","floor":9.0,"turns":3.0},{"damage":0.0,"enemies":"3 Louse","floor":12.0,"turns":4.0},{"damage":5.0,"enemies":"downfall:LooterAlt","floor":15.0,"turns":3.0},{"damage":11.0,"enemies":"SI_SHIV_ARCHETYPE","floor":16.0,"turns":7.0},{"damage":0.0,"enemies":"Chosen","floor":19.0,"turns":4.0},{"damage":28.0,"enemies":"downfall:LooterAlt2","floor":20.0,"turns":3.0},{"damage":0,"enemies":"downfall:FleeingMerchant","floor":22,"turns":4},{"damage":0,"enemies":"3 Cultists","floor":25,"turns":4},{"damage":12,"enemies":"Book of Stabbing","floor":26,"turns":4},{"damage":0,"enemies":"Centurion and Healer","floor":28,"turns":6},{"damage":20,"enemies":"Snecko","floor":31,"turns":6},{"damage":35,"enemies":"Shelled Parasite and Fungi","floor":32,"turns":4},{"damage":28,"enemies":"DF_ARCHETYPE_CLAW","floor":33,"turns":4}],"seed_played":"3717089698366270352","potions_obtained":[{"floor":4.0,"key":"Ancient Potion"},{"floor":4.0,"key":"Regen Potion"},{"floor":4.0,"key":"sneckomod:MuddlingPotion"},{"floor":5.0,"key":"CultistPotion"},{"floor":8.0,"key":"AttackPotion"},{"floor":15.0,"key":"Strength Potion"},{"floor":16.0,"key":"LiquidBronze"},{"floor":16.0,"key":"bronze:BurnAndBuffPotion"},{"floor":19.0,"key":"BlessingOfTheForge"},{"floor":22,"key":"Guardian:BlockOnCardUsePotion"},{"floor":25,"key":"Strength Potion"},{"floor":25,"key":"Slimebound:ThreeZeroPotion"},{"floor":26,"key":"Fire Potion"},{"floor":28,"key":"bronze:BurnAndBuffPotion"},{"floor":28,"key":"LiquidBronze"},{"floor":31,"key":"Slimebound:ThreeZeroPotion"},{"floor":32,"key":"hexamod:SoulburnPotion"},{"floor":32,"key":"hexamod:EctoCoolerPotion"}],"is_trial":false,"path_per_floor":["R","M","?","?","M","R","T","E","M","?","R","M","R","?","M","B",null,"R","M","M","?","$","T","T","M","E","R","M","?","R","M","M","B"],"character_chosen":"THE_SPIRIT","items_purchased":[],"campfire_rested":1,"item_purchase_floors":[],"current_hp_per_floor":[77,73,73,73,73,73,73,63,63,63,73,73,73,73,68,57,85,85,85,57,57,57,57,57,57,45,73,73,73,73,53,18,0,0,0],"gold":247,"neow_bonus":"TWENTY_PERCENT_HP_BONUS","is_daily":false,"chose_seed":false,"campfire_upgraded":5,"win_rate":0.0,"timestamp":1613575773,"path_taken":["R","M","?","?","M","R","T","E","?","?","R","M","R","?","M","BOSS","R","M","M","?","?","?","T","M","E","R","M","?","R","M","M","BOSS"],"items_purchased_type":[],"build_version":"2020-12-22","purchased_purges":1,"victory":false,"max_hp_per_floor":[84,84,84,84,84,84,84,84,84,84,94,94,94,94,94,94,94,94,94,94,94,94,94,94,94,94,94,94,94,94,94,94,94,94,94],"card_choices":[{"not_picked":["hexamod:GhostLash","hexamod:SoulSteal"],"picked":"hexamod:ThermalTransfer","floor":2.0},{"not_picked":["hexamod:FastForward","hexamod:InspiringFlames"],"picked":"hexamod:BurningTouch","floor":5.0},{"not_picked":["hexamod:GhostOfSpirePresent","hexamod:SpectralSpark"],"picked":"hexamod:EtherealExpedition","floor":8.0},{"not_picked":["hexamod:HeatMetal","hexamod:HeatCrush","hexamod:SpectralSpark"],"picked":"hexamod:ThermalTransfer","floor":9.0},{"not_picked":["hexamod:SuperheatedStrike","hexamod:HauntingEcho","hexamod:NightmareStrike"],"picked":"hexamod:FourthSeal","floor":12.0},{"not_picked":["hexamod:AdvancingGuard","hexamod:NightmareGuise","hexamod:FastForward"],"picked":"hexamod:GhostOfSpirePast+1","floor":15.0},{"not_picked":["hexamod:ApocalypticArmor+1","hexamod:UnlimitedPower","hexamod:GhostflameInferno"],"picked":"hexamod:ApocalypseNow","floor":16.0},{"not_picked":["hexamod:BacktrackSmack","hexamod:AdvancingGuard","hexamod:SuperheatedStrike"],"picked":"hexamod:ExtraCrispy+1","floor":19.0},{"not_picked":["hexamod:SpectersWail","hexamod:ThermalTransfer","hexamod:CatchUp"],"picked":"hexamod:Rewind","floor":20.0},{"not_picked":["hexamod:RetreatToShadows","hexamod:PhantomFireball+1","hexamod:Firestarter"],"picked":"hexamod:SpectersWail","floor":22},{"not_picked":["hexamod:Hexaguard+1","hexamod:InspiringFlames","hexamod:SuperheatedStrike"],"picked":"hexamod:Firestarter","floor":25},{"not_picked":["hexamod:HexaLevel+1","hexamod:ThermalTransfer","hexamod:Haunt","hexamod:SwordOfDarkness"],"picked":"SKIP","floor":26},{"not_picked":["hexamod:ThermalTransfer","hexamod:Haunt","hexamod:SwordOfDarkness"],"picked":"hexamod:HexaLevel+1","floor":26},{"not_picked":["hexamod:EtherealExpedition","hexamod:AdvancingGuard","hexamod:SkipABeat"],"picked":"hexamod:ThirdSeal","floor":28},{"not_picked":["hexamod:NightmareGuise","hexamod:GhostShield","hexamod:HauntingEcho"],"picked":"hexamod:SpectersWail+1","floor":31},{"not_picked":["hexamod:SuperheatedStrike","hexamod:HeatMetal","hexamod:SpectersWail"],"picked":"hexamod:ParanormalForm+1","floor":31},{"not_picked":["hexamod:EtherealExpedition","hexamod:Haunt+1","hexamod:CatchUp+1"],"picked":"hexamod:EmpoweredFlame+1","floor":32},{"not_picked":["hexamod:GhostLash+1","hexamod:HeatCrush","hexamod:FlamesFromBeyond"],"picked":"hexamod:EmpoweredFlame+1","floor":32}],"player_experience":2979494,"relics_obtained":[{"floor":8.0,"key":"Question Card"},{"floor":23,"key":"Lantern"},{"floor":24,"key":"Pen Nib"},{"floor":26,"key":"War Paint"}],"event_choices":[{"damage_healed":0.0,"max_hp_gain":0.0,"max_hp_loss":0.0,"gold_gain":0.0,"event_name":"Lab","player_choice":"Got Potions","floor":4.0,"gold_loss":0.0,"damage_taken":0.0}],"is_beta":false,"boss_relics":[{"not_picked":["Black Star","hubris:RunicObelisk"],"picked":"Cursed Key"}],"items_purged_floors":[22],"is_endless":false,"potions_floor_spawned":[5,8,16,19,25,28,32],"killed_by":"DF_ARCHETYPE_CLAW","ascension_level":8}}