{"host":"2d926qfvvz477zl6","time":1613594332,"event":{"mods":["Aspiration","BaseMod","Conspire","Downfall","GifTheSpireLib","Halation","Hermit","Hubris","Infinite Spire","Minty Spire (QoL Compilation)","Morshu Shopkeeper","Permanent Neow","Quick Restart","Rare Cards Sparkle","Reliquary","Replay The Spire","Shedinja","Somnambulant","Spicy Shops","StSLib","Stuff the Spire","Td1madao Mod","The Blue Laboratory","The Bug Knight","The Construct","The Cursed","The Disciple","The Forsaken","The Hierophant","The Senshi","TheFirefly","Wandering Minibosses","Wide Potions","everything is the same but u backflip on backflip","slay the spire mod where everything is the same but ironclad has a cowboy hat"],"gold_per_floor":[112,112,128,303,318,318,51,51,51,51,51,151,166,196,196,297,297,310,360,47,47,61,88,88,88,88,104,104,116,116,131,131,233,233,246,262,9,9,9,9,23,23,23,23,23,42,42,42,42,42,42],"floor_reached":50,"language":"ENG","playtime":1651,"items_purged":["conspire:Blindness","hubris:Disease"],"score":631,"play_id":"bf05dfbe-1ea2-440c-b889-3e48d1325c8a","local_time":"20210217153852","is_ascension_mode":false,"campfire_choices":[{"data":"Replay:BasicMightCard","floor":6.0,"key":"SMITH"},{"data":"ReplayTheSpireMod:Black Plague","floor":8.0,"key":"SMITH"},{"data":"TheCursedMod:HellfireBreathing","floor":10.0,"key":"SMITH"},{"data":"1","floor":25,"key":"LIFT"},{"data":"2","floor":28,"key":"LIFT"},{"data":"3","floor":32,"key":"LIFT"},{"floor":40,"key":"REST"},{"data":"TheCursedMod:CollectTribute","floor":42,"key":"SMITH"},{"data":"Trip","floor":47,"key":"SMITH"},{"data":"wanderingMiniBosses:FinaleOfPromise","floor":49,"key":"SMITH"}],"circlet_count":0,"master_deck":["TheCursedMod:Strike_TheCursed+1","TheCursedMod:Strike_TheCursed","TheCursedMod:Strike_TheCursed","TheCursedMod:Strike_TheCursed","TheCursedMod:Defend_TheCursed","TheCursedMod:Defend_TheCursed","TheCursedMod:Defend_TheCursed","TheCursedMod:Defend_TheCursed","TheCursedMod:CursedWand+1","TheCursedMod:CleanUpWorkshop","TheCursedMod:Dregs","Replay:BasicMightCard+1","TheCursedMod:HellfireBreathing+1","ReplayTheSpireMod:Restless Dread","ReplayTheSpireMod:Black Plague+1","TheCursedMod:SpitefulStrike","Doubt","TheCursedMod:Torture","TheCursedMod:CursedBlade","Survey Options","TheCursedMod:SoulCrush","TheCursedMod:CursedAmulet","Parasite","downfall:Haunted","downfall:Haunted","CommonCold","TheCursedMod:OutForBlood","Delirium","Parasite","TheCursedMod:RapidMovement","TheCursedMod:SpitefulStrike","TheCursedMod:CollectTribute+1","TheCursedMod:SaltUponWound","Clumsy","theForsaken:PlagueCurse","TheCursedMod:TacticalStrike+1","TheCursedMod:AbyssShockwave","TheCursedMod:RavingStaff+1","TheCursedMod:CursedStaff+1","TheCursedMod:SmokeScreen+1","wanderingMiniBosses:FinaleOfPromise+1","TheCursedMod:HellfireBreathing+1","TheCursedMod:CursedMace","Trip+1","Survey Options","TheCursedMod:HellfireBreathing+1","TheCursedMod:ManaBullet"],"relics":["TheCursedMod:BlackMagic101","BargainBundle","Letter Opener","Du-Vu Doll","reliquary:OuijaBoard","Blood Vial","hubris:ScarierMask","reliquary:TatteredRug","aspiration:VileToxins","Girya","Sling","Whetstone","theForsaken:PlagueMask","Lantern","MutagenicStrength","infinitespire:Broken Mirror","Gremlin Food","aspiration:SecretTechniqueScroll","wanderingMiniBosses:Blackblade","ReplayTheSpireMod:CursedCoin","reliquary:TridentHead","infinitespire:WardingShard","hubris:Towel","StuffTheSpire:Nightcore"],"acts_visited":["Exordium","TheCity","TheBeyond"],"potions_floor_usage":[33,33],"damage_taken":[{"damage":0.0,"enemies":"Small Slimes","floor":1.0,"turns":4.0},{"damage":0.0,"enemies":"Jaw Worm","floor":3.0,"turns":3.0},{"damage":2.0,"enemies":"2 Louse","floor":5.0,"turns":2.0},{"damage":9.0,"enemies":"2 Fungi Beasts","floor":13.0,"turns":2.0},{"damage":12.0,"enemies":"Lagavulin","floor":14.0,"turns":4.0},{"damage":34.0,"enemies":"Hexaghost","floor":16.0,"turns":6.0},{"damage":4.0,"enemies":"conspire:FuzzyDice","floor":18.0,"turns":2.0},{"damage":2.0,"enemies":"3 Byrds","floor":22.0,"turns":3.0},{"damage":30.0,"enemies":"Nightmare","floor":23.0,"turns":5.0},{"damage":0,"enemies":"Shelled Parasite and Fungi","floor":27,"turns":2},{"damage":0,"enemies":"3 Cultists","floor":29,"turns":3},{"damage":0,"enemies":"Snecko","floor":31,"turns":2},{"damage":27,"enemies":"Automaton","floor":33,"turns":5},{"damage":0,"enemies":"3 Darklings","floor":35,"turns":2},{"damage":49,"enemies":"3 Shapes","floor":36,"turns":7},{"damage":2,"enemies":"3 Darklings","floor":41,"turns":2},{"damage":0,"enemies":"Jaw Worm Horde","floor":46,"turns":2},{"damage":56,"enemies":"Awakened One","floor":50,"turns":3}],"seed_played":"-5974860276488839391","potions_obtained":[{"floor":3.0,"key":"Regen Potion"},{"floor":13.0,"key":"blueLaboratory:FruitPunch"},{"floor":18.0,"key":"blueLaboratory:StoneskinPotion"},{"floor":27,"key":"AttackPotion"},{"floor":31,"key":"blueLaboratory:PolymorphPotion"},{"floor":33,"key":"Dexterity Potion"},{"floor":36,"key":"Reflective Coating"}],"is_trial":false,"path_per_floor":["M","?","M","?","M","R","$","R","T","R","?","?","M","E","R","B",null,"M","T","$","?","M","NM","?","R","T","M","R","M","?","M","R","B",null,"M","M","$","?","?","R","M","R","T","?","?","M","R","T","R","B"],"character_chosen":"THE_CURSED","items_purchased":["BargainBundle","TheCursedMod:CursedBlade","Survey Options","TheCursedMod:SoulCrush","TheCursedMod:CursedAmulet","blueLaboratory:RememoryPotion","FearPotion","aspiration:VileToxins","Girya","Sling","Whetstone","ReplayTheSpireMod:CursedCoin","TheCursedMod:CursedMace","reliquary:TridentHead"],"campfire_rested":1,"item_purchase_floors":[7,7,7,7,7,7,7,20,20,20,20,37,37,37],"current_hp_per_floor":[75,75,75,75,73,73,73,73,73,73,75,80,71,61,57,25,82,78,78,78,78,78,50,50,50,50,52,52,54,54,56,56,31,82,82,33,33,23,23,47,47,47,47,47,47,49,49,49,49,0,0],"gold":42,"neow_bonus":"RANDOM_COLORLESS","is_daily":false,"chose_seed":false,"campfire_upgraded":6,"win_rate":0.0,"timestamp":1613594332,"path_taken":["M","?","M","?","M","R","$","R","T","R","?","?","M","E","R","BOSS","M","?","$","?","M","NM","?","R","T","M","R","?","?","M","R","BOSS","M","?","$","?","?","R","M","R","T","?","?","M","R","?","R","BOSS"],"items_purchased_type":["Relic","Card","Card","Card","Card","Potion","Potion","Relic","Relic","Relic","Relic","Relic","Card","Relic"],"build_version":"2020-12-22","purchased_purges":2,"victory":false,"max_hp_per_floor":[75,75,75,75,75,75,75,75,75,75,75,80,80,82,82,82,82,82,82,82,82,82,82,82,82,82,82,82,82,82,82,82,82,82,82,82,82,82,82,82,82,82,82,82,82,82,82,82,82,82,82],"card_choices":[{"not_picked":["Blind","Dark Shackles"],"picked":"Replay:BasicMightCard","floor":0.0},{"not_picked":["TheCursedMod:CursedBoomerang","TheCursedMod:EmpowerCircles"],"picked":"TheCursedMod:HellfireBreathing","floor":1.0},{"not_picked":["hubris:Fate","infinitespire:FutureSight"],"picked":"ReplayTheSpireMod:Black Plague","floor":2.0},{"not_picked":["TheCursedMod:HellfireBreathing","TheCursedMod:TacticalStrike"],"picked":"TheCursedMod:SpitefulStrike","floor":3.0},{"not_picked":["TheCursedMod:BlessingInDisguise","TheCursedMod:CircleOfAmplification"],"picked":"TheCursedMod:Torture","floor":5.0},{"not_picked":["TheCursedMod:CursedBoomerang","TheCursedMod:Stretching"],"picked":"TheCursedMod:RapidMovement","floor":13.0},{"not_picked":["TheCursedMod:BlessingInDisguise","TheCursedMod:CursedArmor"],"picked":"TheCursedMod:SpitefulStrike","floor":14.0},{"not_picked":["TheCursedMod:ForbiddenAlchemy","TheCursedMod:ShockAndAwe"],"picked":"TheCursedMod:CollectTribute","floor":16.0},{"not_picked":["TheCursedMod:CursedBoomerang","TheCursedMod:CircleOfFlame+1"],"picked":"TheCursedMod:SaltUponWound","floor":18.0},{"not_picked":["TheCursedMod:CircleOfFocus+1","TheCursedMod:Obscuration"],"picked":"TheCursedMod:TacticalStrike+1","floor":22.0},{"not_picked":["TheCursedMod:SaltUponWound","TheCursedMod:OutForBlood"],"picked":"TheCursedMod:AbyssShockwave","floor":23.0},{"not_picked":["TheCursedMod:CursedShiv","TheCursedMod:CursedBlade"],"picked":"TheCursedMod:RavingStaff+1","floor":27},{"not_picked":["TheCursedMod:Stretching","TheCursedMod:HellsGateOpen"],"picked":"TheCursedMod:CursedStaff+1","floor":29},{"not_picked":["TheCursedMod:CursedStaff","TheCursedMod:CursedShiv"],"picked":"TheCursedMod:SmokeScreen+1","floor":31},{"not_picked":["TheCursedMod:RavingStaff+1","TheCursedMod:CircleOfCorruption+1","TheCursedMod:PrepareRite+1"],"picked":"SKIP","floor":35},{"not_picked":[],"picked":"wanderingMiniBosses:FinaleOfPromise","floor":36},{"not_picked":["TheCursedMod:VitalStrike+1","TheCursedMod:ReleasedStrength"],"picked":"TheCursedMod:HellfireBreathing","floor":36},{"not_picked":["ReplayTheSpireMod:Trickstab","StuffTheSpire:PlasmaPunch"],"picked":"Apotheosis","floor":38},{"not_picked":["Blind","Crow Ritual"],"picked":"Trip","floor":38},{"not_picked":["ReplayTheSpireMod:Trickstab","Good Instincts"],"picked":"Survey Options","floor":38},{"not_picked":["TheCursedMod:RavingStaff+1","TheCursedMod:LuckyCharm+1"],"picked":"TheCursedMod:HellfireBreathing+1","floor":41},{"not_picked":["TheCursedMod:HellfireBreathing","TheCursedMod:WearCloak+1"],"picked":"TheCursedMod:ManaBullet","floor":46}],"player_experience":469170,"relics_obtained":[{"floor":9.0,"key":"Letter Opener"},{"floor":14.0,"key":"reliquary:OuijaBoard"},{"floor":19.0,"key":"reliquary:TatteredRug"},{"floor":23.0,"key":"Lantern"},{"floor":26,"key":"infinitespire:Broken Mirror"},{"floor":30,"key":"Gremlin Food"},{"floor":36,"key":"wanderingMiniBosses:Blackblade"},{"floor":43,"key":"infinitespire:WardingShard"},{"floor":48,"key":"StuffTheSpire:Nightcore"}],"event_choices":[{"damage_healed":0.0,"max_hp_gain":0.0,"max_hp_loss":0.0,"gold_gain":175.0,"event_name":"Liars Game","player_choice":"AGREE","floor":4.0,"gold_loss":0.0,"damage_taken":0.0,"cards_obtained":["Doubt"]},{"damage_healed":18.0,"max_hp_gain":0.0,"max_hp_loss":0.0,"gold_gain":0.0,"event_name":"Mushrooms","player_choice":"Healed and dodged fight","floor":11.0,"gold_loss":0.0,"damage_taken":0.0,"cards_obtained":["Parasite"]},{"damage_healed":0.0,"max_hp_gain":0.0,"max_hp_loss":0.0,"gold_gain":0.0,"event_name":"Plague Doctor","player_choice":"Obtain Plague Curse","floor":21.0,"gold_loss":0.0,"damage_taken":0.0,"cards_obtained":["theForsaken:PlagueCurse"]},{"damage_healed":0,"gold_gain":0,"player_choice":"Inject Mutagens","damage_taken":0,"relics_obtained":["MutagenicStrength"],"max_hp_gain":0,"max_hp_loss":0,"event_name":"Drug Dealer","floor":24,"gold_loss":0},{"damage_healed":0,"gold_gain":0,"player_choice":"Relic","damage_taken":0,"max_hp_gain":0,"max_hp_loss":0,"event_name":"Wheel of Change","floor":30,"gold_loss":0},{"damage_healed":0,"gold_gain":0,"player_choice":"Memory 3","damage_taken":10,"max_hp_gain":0,"max_hp_loss":0,"event_name":"SensoryStone","floor":38,"gold_loss":0},{"cards_removed":["Apotheosis"],"damage_healed":0,"gold_gain":0,"player_choice":"Removed Skill","damage_taken":0,"max_hp_gain":0,"max_hp_loss":0,"event_name":"Falling","floor":39,"gold_loss":0},{"damage_healed":0,"gold_gain":0,"player_choice":"Leave","damage_taken":0,"max_hp_gain":0,"max_hp_loss":0,"event_name":"conspire:Investor","floor":44,"gold_loss":0}],"is_beta":false,"boss_relics":[{"not_picked":["Coffee Dripper","Abe\u0027s Treasure"],"picked":"hubris:ScarierMask"},{"not_picked":["Replay:Bronze Core","reliquary:RedPaperclip"],"picked":"aspiration:SecretTechniqueScroll"}],"items_purged_floors":[7,37],"is_endless":true,"potions_floor_spawned":[3,13,18,27,31,33,36],"killed_by":"Awakened One","ascension_level":0}}