{"host":"zxkjcgzis4pm3za5","time":1613571507,"event":{"mods":["2.2 Compatiblity","AchievementEnabler","BaseMod","Colored Map","Colored Powertips","Minty Spire (QoL Compilation)","Quick Restart","Random Character Button","Relic Filter Mod","Relic Sorter","Relic Stats","StSLib"],"gold_per_floor":[115,60,60,60,60,94,117,117,166,197,133,149,187,213,225,333,345,378,390,154,154,169,169,185,185,209,245,245,270,270,293,293,389,389,408,433,92,117,142,142,142],"floor_reached":40,"language":"ENG","playtime":2809,"items_purged":["Strike_B","Defend_B"],"score":1038,"play_id":"ef852dce-27f6-438b-935b-766aae5607b9","local_time":"20210217194827","is_ascension_mode":true,"campfire_choices":[{"floor":8,"key":"REST"},{"data":"Buffer","floor":15,"key":"SMITH"},{"data":"Buffer","floor":23,"key":"SMITH"},{"floor":30,"key":"REST"},{"data":"Buffer","floor":32,"key":"SMITH"}],"circlet_count":0,"master_deck":["AscendersBane","Strike_B+1","Strike_B+1","Strike_B+1","Defend_B","Defend_B","Defend_B","Zap","Dualcast","Loop","Ball Lightning+1","Capacitor","Cold Snap","Buffer+1","Leap","Buffer+1","Buffer+1","CurseOfTheBell","Heatsinks","Defragment","Rip and Tear","Chill","Barrage+1","Echo Form","Tempest","Coolheaded","Storm+1"],"relics":["Cracked Core","NeowsBlessing","Golden Idol","Potion Belt","Orichalcum","Calipers","Whetstone","MawBank","Calling Bell","Akabeko","Mummified Hand","TungstenRod","Nilry\u0027s Codex","Toolbox","Art of War","Pen Nib","Busted Crown","Runic Capacitor"],"acts_visited":["Exordium","TheCity","TheBeyond"],"potions_floor_usage":[13,18,25,27,27,27,27,33],"damage_taken":[{"damage":0,"enemies":"Jaw Worm","floor":1,"turns":1},{"damage":0,"enemies":"Gremlin Nob","floor":6,"turns":1},{"damage":0,"enemies":"2 Louse","floor":7,"turns":1},{"damage":18,"enemies":"Lagavulin","floor":10,"turns":6},{"damage":4,"enemies":"Small Slimes","floor":12,"turns":4},{"damage":6,"enemies":"3 Sentries","floor":13,"turns":5},{"damage":0,"enemies":"Slime Boss","floor":16,"turns":10},{"damage":0,"enemies":"Shell Parasite","floor":18,"turns":6},{"damage":0,"enemies":"Chosen","floor":22,"turns":5},{"damage":0,"enemies":"3 Cultists","floor":24,"turns":6},{"damage":0,"enemies":"Gremlin Leader","floor":25,"turns":5},{"damage":25,"enemies":"Slavers","floor":27,"turns":6},{"damage":7,"enemies":"Centurion and Healer","floor":29,"turns":7},{"damage":0,"enemies":"Snake Plant","floor":31,"turns":4},{"damage":44,"enemies":"Collector","floor":33,"turns":16},{"damage":16,"enemies":"3 Darklings","floor":35,"turns":8},{"damage":2,"enemies":"3 Shapes","floor":36,"turns":3},{"damage":0,"enemies":"Sphere and 2 Shapes","floor":38,"turns":5},{"damage":0,"enemies":"Spire Growth","floor":39,"turns":5},{"damage":46,"enemies":"Reptomancer","floor":40,"turns":2}],"seed_played":"-7875022368635582042","potions_obtained":[{"floor":1,"key":"Strength Potion"},{"floor":5,"key":"Fire Potion"},{"floor":10,"key":"PowerPotion"},{"floor":16,"key":"EntropicBrew"},{"floor":22,"key":"SmokeBomb"},{"floor":27,"key":"EssenceOfSteel"},{"floor":31,"key":"DuplicationPotion"},{"floor":36,"key":"Ancient Potion"},{"floor":38,"key":"Dexterity Potion"}],"is_trial":false,"path_per_floor":["M","$","?","?","?","E","M","R","T","E","?","M","E","T","R","B",null,"M","?","$","?","M","R","M","E","T","E","?","M","R","M","R","B",null,"M","M","$","M","M","E"],"character_chosen":"DEFECT","items_purchased":["Ball Lightning","Toolbox","Coolheaded","Runic Capacitor","FocusPotion"],"campfire_rested":2,"item_purchase_floors":[2,20,37,37,37],"current_hp_per_floor":[64,64,40,19,19,19,19,40,40,22,22,18,12,12,12,12,56,56,39,39,39,39,39,39,39,39,14,14,7,28,28,28,21,59,43,41,41,41,41,0,0],"gold":142,"neow_bonus":"THREE_ENEMY_KILL","is_daily":false,"chose_seed":false,"campfire_upgraded":3,"win_rate":0.0,"timestamp":1613571507,"path_taken":["M","$","?","?","?","E","?","R","T","E","?","M","E","?","R","BOSS","M","?","$","?","?","R","M","E","T","E","?","M","R","M","R","BOSS","M","?","$","M","M","E"],"items_purchased_type":["Card","Relic","Card","Relic","Potion"],"build_version":"2020-12-22","purchased_purges":2,"victory":false,"max_hp_per_floor":[71,71,71,71,71,71,71,71,71,71,71,71,71,71,71,71,71,71,71,71,71,71,71,71,71,71,71,71,71,71,71,71,71,71,71,71,71,71,71,71,71],"relic_stats":{"Busted Crown":8,"counters":[20,104],"Golden Idol":121,"Mummified Hand":[103],"Pen Nib":[7],"Art of War":[10],"Whetstone":["Ball Lightning","Strike_B"],"Orichalcum":[276],"MawBank":72,"obtain_stats":[{"Potion Belt":6,"Calipers":10,"NeowsBlessing":0,"Golden Idol":3,"Nilry\u0027s Codex":19,"Pen Nib":27,"Runic Capacitor":37,"Whetstone":13,"Orichalcum":9,"MawBank":14,"Akabeko":17,"Calling Bell":17,"Busted Crown":34,"Mummified Hand":17,"Toolbox":20,"Art of War":26,"Cracked Core":0,"TungstenRod":17},{"Potion Belt":2,"Calipers":4,"NeowsBlessing":0,"Golden Idol":1,"Nilry\u0027s Codex":8,"Pen Nib":12,"Runic Capacitor":17,"Whetstone":6,"Orichalcum":3,"MawBank":6,"Akabeko":7,"Calling Bell":7,"Busted Crown":15,"Mummified Hand":7,"Toolbox":8,"Art of War":11,"Cracked Core":0,"TungstenRod":7},{"Potion Belt":2,"Calipers":9,"NeowsBlessing":0,"Golden Idol":1,"Nilry\u0027s Codex":33,"Pen Nib":54,"Runic Capacitor":92,"Whetstone":18,"Orichalcum":3,"MawBank":18,"Akabeko":27,"Calling Bell":27,"Busted Crown":81,"Mummified Hand":27,"Toolbox":33,"Art of War":48,"Cracked Core":0,"TungstenRod":27}],"TungstenRod":16},"card_choices":[{"not_picked":["Heatsinks","Coolheaded"],"picked":"Loop","floor":1},{"not_picked":["Ball Lightning","Steam"],"picked":"Capacitor","floor":6},{"not_picked":["Stack","White Noise"],"picked":"Cold Snap","floor":7},{"not_picked":["Coolheaded","Rip and Tear"],"picked":"Buffer","floor":10},{"not_picked":["Hologram","Streamline"],"picked":"Leap","floor":12},{"not_picked":["Stack","Capacitor"],"picked":"Buffer","floor":13},{"not_picked":["All For One","Reboot"],"picked":"Buffer","floor":16},{"not_picked":["Coolheaded","Redo"],"picked":"Heatsinks","floor":18},{"not_picked":["Rip and Tear+1","Gash","Streamline"],"picked":"SKIP","floor":22},{"not_picked":["Amplify","Rebound"],"picked":"Defragment","floor":24},{"not_picked":["Rebound","Gash"],"picked":"Thunder Strike","floor":27},{"not_picked":["Compile Driver","Gash"],"picked":"Chill","floor":29},{"not_picked":["Scrape","Go for the Eyes+1"],"picked":"Barrage+1","floor":31},{"not_picked":["Rainbow","Meteor Strike"],"picked":"Echo Form","floor":33},{"not_picked":[],"picked":"Tempest","floor":35},{"not_picked":["Steam"],"picked":"SKIP","floor":36},{"not_picked":["Turbo"],"picked":"SKIP","floor":38},{"not_picked":[],"picked":"Storm+1","floor":39}],"player_experience":382027,"relics_obtained":[{"floor":6,"key":"Potion Belt"},{"floor":9,"key":"Orichalcum"},{"floor":10,"key":"Calipers"},{"floor":13,"key":"Whetstone"},{"floor":14,"key":"MawBank"},{"floor":17,"key":"Akabeko"},{"floor":17,"key":"Mummified Hand"},{"floor":17,"key":"TungstenRod"},{"floor":19,"key":"Nilry\u0027s Codex"},{"floor":26,"key":"Art of War"},{"floor":27,"key":"Pen Nib"}],"event_choices":[{"damage_healed":0,"gold_gain":0,"player_choice":"Take Damage","damage_taken":24,"relics_obtained":["Golden Idol"],"max_hp_gain":0,"max_hp_loss":0,"event_name":"Golden Idol","floor":3,"gold_loss":0},{"damage_healed":0,"gold_gain":0,"player_choice":"Entered Light","damage_taken":21,"max_hp_gain":0,"max_hp_loss":0,"event_name":"Shining Light","floor":4,"gold_loss":0,"cards_upgraded":["Strike_B","Strike_B"]},{"damage_healed":0,"gold_gain":0,"player_choice":"Got Potions","damage_taken":0,"max_hp_gain":0,"max_hp_loss":0,"event_name":"Lab","floor":5,"gold_loss":0},{"damage_healed":0,"gold_gain":0,"player_choice":"Left Gold","damage_taken":0,"max_hp_gain":0,"max_hp_loss":0,"event_name":"World of Goop","floor":11,"gold_loss":64},{"damage_healed":0,"gold_gain":0,"player_choice":"Obtained Book","damage_taken":21,"max_hp_gain":0,"max_hp_loss":0,"event_name":"Cursed Tome","floor":19,"gold_loss":0},{"damage_healed":0,"gold_gain":0,"player_choice":"0 cards matched","damage_taken":0,"max_hp_gain":0,"max_hp_loss":0,"event_name":"Match and Keep!","floor":21,"gold_loss":0,"cards_obtained":[]},{"damage_healed":0,"gold_gain":0,"cards_transformed":["Thunder Strike"],"player_choice":"Transformed","damage_taken":0,"max_hp_gain":0,"max_hp_loss":0,"event_name":"Transmorgrifier","floor":28,"gold_loss":0,"cards_obtained":["Rip and Tear"]}],"is_beta":false,"boss_relics":[{"not_picked":["Pandora\u0027s Box","Fusion Hammer"],"picked":"Calling Bell"},{"not_picked":["Coffee Dripper","Sozu"],"picked":"Busted Crown"}],"items_purged_floors":[20,37],"is_endless":false,"potions_floor_spawned":[1,10,16,22,27,31,36,38],"killed_by":"Reptomancer","ascension_level":20}}