{"host":"61scwtj8sjvayefi","time":1613520702,"event":{"mods":["2.2 Compatiblity","Act Like it!","BaseMod","Conspire","Downfall","Gensokyo","Hermit","Koishi","Marisa????????","Minty Spire (QoL Compilation)","Remilia??????","Replay The Spire","StSLib","The Bug Knight","The Hierophant","The Mystic","The Senshi","The Servant 0.9.4"],"gold_per_floor":[116,133,19,19,32,57,57,77,77,111,111,126,142,155,155,250,250,262,339,356,373,49,49,62,76,76,88,88,88,88,88],"floor_reached":30,"language":"ENG","playtime":3113,"items_purged":["Cloak And Dagger"],"score":246,"play_id":"b2d03b35-eecd-4714-a37a-b343edd65bc8","local_time":"20210216181142","daily_mods":["SealedDeck"],"is_ascension_mode":false,"campfire_choices":[{"floor":15,"key":"REST"},{"floor":23,"key":"REST"},{"floor":29,"key":"REST"}],"circlet_count":0,"master_deck":["Dodge and Roll","Deflect","Deflect","Quick Slash","Tactician+1","Prepared+1","Poisoned Stab","Replay:Poison Smokescreen","Deadly Poison","Poisoned Stab","Hidden Blade","ReplayTheSpireMod:From All Sides","Footwork","Dagger Throw","Backstab","Catalyst","Backflip","Deadly Poison","Bane","Bouncing Flask","Replay:Bag of Tricks","Backflip","Tactician","Acrobatics","Poisoned Stab+1","Prepared+1","Lust_TH"],"relics":["Ring of the Snake","Art of War","Snack Pack","Replay:Bottled Snecko","NlothsMask","Replay:Bronze Core","Garlic","Chameleon Ring"],"acts_visited":["Exordium","TheCity"],"potions_floor_usage":[6,12,16,16,16,21,25],"damage_taken":[{"damage":0,"enemies":"Cultist","floor":1,"turns":2},{"damage":0,"enemies":"Small Slimes","floor":2,"turns":2},{"damage":0,"enemies":"Jaw Worm","floor":5,"turns":3},{"damage":9,"enemies":"Gremlin Nob","floor":6,"turns":3},{"damage":6,"enemies":"Blue Slaver","floor":8,"turns":2},{"damage":1,"enemies":"Lagavulin","floor":10,"turns":4},{"damage":7,"enemies":"3 Louse","floor":12,"turns":2},{"damage":0,"enemies":"Looter","floor":13,"turns":2},{"damage":0,"enemies":"Lots of Slimes","floor":14,"turns":3},{"damage":16,"enemies":"Hexaghost","floor":16,"turns":6},{"damage":6,"enemies":"Spheric Guardian","floor":18,"turns":3},{"damage":8,"enemies":"Shell Parasite","floor":20,"turns":3},{"damage":28,"enemies":"3 Cultists","floor":21,"turns":5},{"damage":6,"enemies":"Snecko","floor":24,"turns":3},{"damage":11,"enemies":"Shelled Parasite and Fungi","floor":25,"turns":5},{"damage":18,"enemies":"conspire:HollyBat","floor":27,"turns":7},{"damage":42,"enemies":"3 Cultists","floor":30,"turns":4}],"seed_played":"-7280197325613152226","potions_obtained":[{"floor":1,"key":"Explosive Potion"},{"floor":5,"key":"Languid Potion"},{"floor":6,"key":"LifebloodPotion"},{"floor":8,"key":"champ:CounterPotion"},{"floor":13,"key":"CunningPotion"},{"floor":18,"key":"champ:CounterPotion"},{"floor":20,"key":"FearPotion"},{"floor":21,"key":"PowerPotion"}],"is_trial":true,"path_per_floor":["M","M","$","$","M","E","?","M","T","E","?","M","M","M","R","B",null,"M","T","M","M","$","R","M","M","T","M","?","R","M"],"character_chosen":"THE_SILENT","items_purchased":["Footwork","Dagger Throw","Garlic"],"campfire_rested":3,"item_purchase_floors":[3,3,22],"current_hp_per_floor":[70,70,70,70,70,61,61,55,55,56,56,49,51,55,70,56,70,64,64,58,30,30,51,47,38,38,20,20,41,0,0],"gold":88,"neow_bonus":"","is_daily":false,"chose_seed":false,"campfire_upgraded":0,"win_rate":0.0,"timestamp":1613520702,"path_taken":["M","M","?","$","?","E","?","M","T","E","?","M","M","M","R","BOSS","M","?","M","M","$","R","M","M","T","M","?","R","M"],"items_purchased_type":["Card","Card","Relic"],"build_version":"2020-12-22","purchased_purges":1,"victory":false,"max_hp_per_floor":[70,70,70,70,70,70,70,70,70,70,70,70,70,70,70,70,70,70,70,70,70,70,70,70,70,70,70,70,70,70,70],"card_choices":[{"not_picked":["Cloak And Dagger","ReplayTheSpireMod:Exploit Weakness"],"picked":"Hidden Blade","floor":1},{"not_picked":["Blade Dance","Cloak And Dagger"],"picked":"ReplayTheSpireMod:From All Sides","floor":2},{"not_picked":["Underhanded Strike","Deadly Poison"],"picked":"Backstab","floor":5},{"not_picked":["Slice","Blade Dance"],"picked":"Catalyst","floor":6},{"not_picked":["Infinite Blades","Dodge and Roll"],"picked":"Backflip","floor":8},{"not_picked":["Blur","Deflect"],"picked":"Cloak And Dagger","floor":10},{"not_picked":["Distraction","Well Laid Plans"],"picked":"Deadly Poison","floor":12},{"not_picked":["ReplayTheSpireMod:Scrap Shanks","Flechettes"],"picked":"Bane","floor":13},{"not_picked":["Quick Slash","Sucker Punch"],"picked":"Bouncing Flask","floor":14},{"not_picked":["Phantasmal Killer","Glass Knife"],"picked":"Replay:Bag of Tricks","floor":16},{"not_picked":["Slice","Underhanded Strike"],"picked":"Backflip","floor":18},{"not_picked":["Deadly Poison","PiercingWail+1"],"picked":"Tactician","floor":20},{"not_picked":["Calculated Gamble","Quick Slash"],"picked":"Acrobatics","floor":21},{"not_picked":["ReplayTheSpireMod:Tripwire","Blur","Underhanded Strike+1"],"picked":"SKIP","floor":24},{"not_picked":["Bane","Cloak And Dagger"],"picked":"Poisoned Stab+1","floor":25},{"not_picked":["Distraction","Bullet Time"],"picked":"Prepared+1","floor":27}],"player_experience":79147,"relics_obtained":[{"floor":6,"key":"Art of War"},{"floor":9,"key":"Snack Pack"},{"floor":10,"key":"Replay:Bottled Snecko"},{"floor":26,"key":"Chameleon Ring"}],"event_choices":[{"damage_healed":0,"gold_gain":0,"player_choice":"Trade","damage_taken":0,"relics_obtained":["NlothsMask"],"max_hp_gain":0,"max_hp_loss":0,"event_name":"FaceTrader","floor":11,"gold_loss":0}],"is_beta":false,"boss_relics":[{"not_picked":["Kintsugi","Replay:Drink Me"],"picked":"Replay:Bronze Core"}],"items_purged_floors":[22],"is_endless":false,"potions_floor_spawned":[1,5,6,8,13,18,20,21],"killed_by":"3 Cultists","ascension_level":0}}