{"host":"1ecbliur7lfoj0sl","time":1613527783,"event":{"mods":["Act Like it!","Arknights","Arknights£¨Ã÷ÈÕ·½ÖÛ£©","BaseMod","Minty Spire (QoL Compilation)","StSLib","Waifu the Spire"],"gold_per_floor":[117,67,67,84,96,96,121,121,121,121,46,60,60,81,81,81,81],"floor_reached":16,"language":"ZHS","playtime":1029,"items_purged":["ats:Defend"],"score":105,"play_id":"ecbd9ac5-bfb2-40a0-b4db-52b28e6b5044","local_time":"20210217100943","is_ascension_mode":true,"campfire_choices":[{"data":"ats:Burning Ground","floor":6,"key":"SMITH"},{"floor":8,"key":"REST"},{"floor":15,"key":"REST"}],"circlet_count":0,"master_deck":["ats:Strike C","ats:Strike G","ats:Strike S","ats:Strike V","ats:Armor Crushing Shot","ats:Defend","ats:Defend","ats:Emotion Absorption","Arknights_SilverAsh","Arknights_Midnight","Arknights_Ansel","Arknights_Red","Flash of Steel","Arknights_Liskarm","ats:Burning Ground+1","ats:Magnetic Hammer","Arknights_Lappland","Arknights_Spot","Arknights_Eyjafjalla"],"relics":["ats:Sanity","Arknights_BattleRecord","ats:Originium","Pocketwatch","Gremlin Horn","Golden Idol"],"acts_visited":["Exordium"],"potions_floor_usage":[7,12],"damage_taken":[{"damage":9.0,"enemies":"Small Slimes","floor":1.0,"turns":5.0},{"damage":7,"enemies":"2 Louse","floor":4,"turns":6},{"damage":11,"enemies":"Cultist","floor":5,"turns":9},{"damage":47,"enemies":"3 Sentries","floor":7,"turns":13},{"damage":10,"enemies":"Looter","floor":12,"turns":6},{"damage":4,"enemies":"Blue Slaver","floor":14,"turns":6},{"damage":57,"enemies":"The Guardian","floor":16,"turns":2}],"seed_played":"-7436759348182912122","potions_obtained":[{"floor":4,"key":"Block Potion"},{"floor":5,"key":"SneckoOil"}],"is_trial":false,"path_per_floor":["M","?","?","M","M","R","E","R","T","?","$","M","T","M","R","B"],"character_chosen":"DOCTOR_CLASS","items_purchased":[],"campfire_rested":2,"item_purchase_floors":[],"current_hp_per_floor":[70,70,70,63,52,52,5,28,28,28,28,18,18,14,35,0,0],"gold":81,"neow_bonus":"TEN_PERCENT_HP_BONUS","is_daily":false,"chose_seed":false,"campfire_upgraded":1,"win_rate":0.0,"timestamp":1613527783,"path_taken":["M","?","?","?","M","R","E","R","T","?","$","M","?","M","R","BOSS"],"items_purchased_type":[],"build_version":"2020-12-22","purchased_purges":1,"victory":false,"max_hp_per_floor":[79,79,79,79,79,79,79,79,79,73,73,73,73,73,73,73,73],"card_choices":[{"not_picked":["Arknights_Orchid","Arknights_Fang"],"picked":"Arknights_Red","floor":1.0},{"not_picked":["ats:Rapid Magazine","ats:Very Hot Blade","ats:Mental Burst"],"picked":"SKIP","floor":1.0},{"not_picked":["Arknights_12F","Arknights_Rangers"],"picked":"Arknights_Liskarm","floor":4},{"not_picked":["ats:Blood Oath","ats:Ignite","ats:LN2 Cannon"],"picked":"SKIP","floor":4},{"not_picked":["ats:Cat Scratch","ats:Neurotoxin"],"picked":"ats:Burning Ground","floor":5},{"not_picked":["ats:Apocalypse","ats:Revitalization"],"picked":"ats:Magnetic Hammer","floor":7},{"not_picked":["Arknights_NoirCorne","Arknights_Adnachiel"],"picked":"Arknights_Lappland","floor":7},{"not_picked":["Arknights_Gitano","Arknights_Catapult"],"picked":"Arknights_Spot","floor":12},{"not_picked":["ats:Poison Spread","ats:Cat Scratch","ats:Ignite"],"picked":"SKIP","floor":12},{"not_picked":["Arknights_ThermalEX","Arknights_Adnachiel"],"picked":"Arknights_Eyjafjalla","floor":14},{"not_picked":["ats:Collapsing Strike","ats:Sword Rain","ats:Neurotoxin"],"picked":"SKIP","floor":14}],"player_experience":50535,"relics_obtained":[{"floor":7,"key":"ats:Originium"},{"floor":7,"key":"Pocketwatch"},{"floor":9,"key":"Gremlin Horn"}],"event_choices":[{"cards_removed":["ats:Defend"],"damage_healed":0.0,"max_hp_gain":0.0,"max_hp_loss":0.0,"gold_gain":0.0,"event_name":"The Cleric","player_choice":"Card Removal","floor":2.0,"gold_loss":50.0,"damage_taken":0.0},{"damage_healed":0,"gold_gain":0,"player_choice":"1 cards matched","damage_taken":0,"max_hp_gain":0,"max_hp_loss":0,"event_name":"Match and Keep!","floor":3,"gold_loss":0,"cards_obtained":["Flash of Steel"]},{"damage_healed":0,"gold_gain":0,"player_choice":"Lose Max HP","damage_taken":0,"relics_obtained":["Golden Idol"],"max_hp_gain":0,"max_hp_loss":6,"event_name":"Golden Idol","floor":10,"gold_loss":0}],"is_beta":false,"boss_relics":[],"items_purged_floors":[11],"is_endless":false,"potions_floor_spawned":[4,5],"killed_by":"The Guardian","ascension_level":1}}