{"host":"fiyb7gvx7tok3jeh","time":1613594943,"event":{"mods":["BaseMod","Colored Map","Colored Powertips","DeckTracker","Downfall","Googly Eyes","Highlight Path","Marisa????????","Minty Spire (QoL Compilation)","StSLib","The Cursed","The Servant 0.9.4"],"gold_per_floor":[110,123,137,155,35,68,68,86,113,140,151,171,171,171,171,276,276,292,303,228,228,228,258,43,62,62,62,97,97,20,53,53,156,156,169,188,201,219,48,77,97,125,125,153,153,167,197,419,419,419,419,419,40,70,70],"floor_reached":56,"language":"ENG","playtime":5021,"items_purged":["Defend_S","downfall:Aged","Strike_S"],"score":1592,"play_id":"864cd66e-1045-4907-a6b5-d4e77e93e29a","local_time":"20210217224903","is_ascension_mode":false,"campfire_choices":[{"data":"Revamp","floor":7,"key":"SMITH"},{"data":"Replace","floor":13,"key":"SMITH"},{"data":"Replace","floor":15,"key":"SMITH"},{"data":"FloweringNight","floor":27,"key":"SMITH"},{"data":"Advance","floor":29,"key":"SMITH"},{"data":"Potential","floor":32,"key":"SMITH"},{"floor":45,"key":"RECALL"},{"data":"Deny","floor":49,"key":"SMITH"},{"data":"Advance","floor":52,"key":"SMITH"}],"circlet_count":0,"master_deck":["Strike_S","Strike_S","Defend_S","Defend_S+1","Defend_S","KidneyShot","Exchange","Defy","ShatteredReality","Potential+1","TimeWarp","Revamp+1","Replace+1","Replace+1","Advance+1","FloweringNight+1","Hightail","TimeWarp","BottledTime+1","Advance","Advance+1","ForgedInTime","DualDimension","BottledTime+1","Deny+1","Revamp","Replace+1","BottledTime+1","TimeWarp","Pain","DualDimension+1","BottledTime+1"],"relics":["Uniform","Ice Cream","Boot","Akabeko","Cursed Key","PreservedInsect","DollysMirror","FossilizedHelix","WingedGreaves","Red Mask","StoneMask","Bag of Preparation","Mercury Hourglass","War Paint","PocketWatch","InkBottle","Ornamental Fan"],"acts_visited":["Exordium","TheCity","TheBeyond","TheEnding"],"potions_floor_usage":[10,16,23,55,55],"damage_taken":[{"damage":2,"enemies":"Jaw Worm","floor":1,"turns":5},{"damage":2,"enemies":"Cultist","floor":2,"turns":5},{"damage":0,"enemies":"2 Louse","floor":3,"turns":3},{"damage":3,"enemies":"2 Fungi Beasts","floor":4,"turns":3},{"damage":20,"enemies":"Gremlin Nob","floor":6,"turns":5},{"damage":6,"enemies":"3 Louse","floor":8,"turns":4},{"damage":26,"enemies":"Lagavulin","floor":10,"turns":6},{"damage":0,"enemies":"Exordium Thugs","floor":11,"turns":3},{"damage":10,"enemies":"Looter","floor":12,"turns":3},{"damage":4,"enemies":"Hexaghost","floor":16,"turns":7},{"damage":10,"enemies":"Chosen","floor":18,"turns":3},{"damage":5,"enemies":"3 Byrds","floor":19,"turns":3},{"damage":0,"enemies":"Slavers","floor":23,"turns":1},{"damage":12,"enemies":"Shelled Parasite and Fungi","floor":25,"turns":2},{"damage":0,"enemies":"Gremlin Leader","floor":28,"turns":1},{"damage":0,"enemies":"Masked Bandits","floor":31,"turns":2},{"damage":0,"enemies":"Champ","floor":33,"turns":6},{"damage":0,"enemies":"Orb Walker","floor":35,"turns":1},{"damage":0,"enemies":"3 Darklings","floor":36,"turns":2},{"damage":0,"enemies":"Jaw Worm Horde","floor":37,"turns":1},{"damage":0,"enemies":"Transient","floor":38,"turns":5},{"damage":0,"enemies":"Giant Head","floor":40,"turns":3},{"damage":0,"enemies":"Spire Growth","floor":41,"turns":2},{"damage":0,"enemies":"Nemesis","floor":42,"turns":1},{"damage":2,"enemies":"Reptomancer","floor":44,"turns":2},{"damage":0,"enemies":"Maw","floor":46,"turns":4},{"damage":12,"enemies":"Nemesis","floor":47,"turns":3},{"damage":0,"enemies":"Awakened One","floor":50,"turns":4},{"damage":1,"enemies":"Shield and Spear","floor":54,"turns":1},{"damage":22,"enemies":"The Heart","floor":55,"turns":5}],"seed_played":"-8979854063733494375","potions_obtained":[{"floor":4,"key":"Weak Potion"},{"floor":6,"key":"Regen Potion"},{"floor":11,"key":"Explosive Potion"},{"floor":12,"key":"bronze:BurnAndBuffPotion"},{"floor":16,"key":"CultistPotion"},{"floor":18,"key":"PowerPotion"},{"floor":22,"key":"Swift Potion"},{"floor":22,"key":"SkillPotion"},{"floor":23,"key":"bronze:BurnAndBuffPotion"},{"floor":28,"key":"DistilledChaos"},{"floor":36,"key":"DuplicationPotion"},{"floor":47,"key":"Regen Potion"}],"is_trial":false,"path_per_floor":["M","M","M","M","$","E","R","M","T","E","M","M","R","?","R","B",null,"M","M","?","?","?","E","$","M","T","R","E","R","$","?","R","B",null,"M","M","M","M","$","E","M","E","T","E","R","M","E","?","R","B",null,"R","$","E","B",null],"character_chosen":"THE_SERVANT","items_purchased":["TimeWarp","DollysMirror","Advance","DualDimension","BottledTime","TimeWarp","InkBottle"],"campfire_rested":0,"item_purchase_floors":[5,24,24,30,39,39,53],"current_hp_per_floor":[69,67,67,64,64,44,44,38,38,24,24,14,14,14,14,10,71,61,56,56,56,56,56,56,44,44,44,44,44,44,44,44,44,71,72,73,76,77,77,78,79,80,80,81,81,82,73,73,73,85,87,87,87,89,78],"gold":70,"neow_bonus":"TEN_PERCENT_HP_BONUS","is_daily":false,"chose_seed":false,"campfire_upgraded":8,"win_rate":0.0,"timestamp":1613594943,"path_taken":["M","M","M","M","$","E","R","M","T","E","M","M","R","?","R","BOSS","M","?","?","?","?","E","$","?","T","R","E","R","?","?","R","BOSS","M","M","M","M","$","E","M","E","T","E","R","M","E","?","R","BOSS","R","$","E","BOSS"],"items_purchased_type":["Card","Relic","Card","Card","Card","Card","Relic"],"build_version":"2020-12-22","purchased_purges":3,"victory":true,"max_hp_per_floor":[71,71,71,71,71,71,71,71,71,71,71,71,71,71,71,71,71,71,71,71,71,71,71,71,71,71,71,71,71,71,71,71,71,71,72,73,76,77,77,78,79,80,80,81,81,82,83,83,83,87,87,87,87,89,90],"card_choices":[{"not_picked":["Rearm","SpecialFormula"],"picked":"Defy","floor":1},{"not_picked":["ShiftingGears","Replace"],"picked":"ShatteredReality","floor":2},{"not_picked":["Replace","SurpressingFire","Starlight"],"picked":"SKIP","floor":3},{"not_picked":["Rearm","Spin"],"picked":"Potential","floor":4},{"not_picked":["Spin","Barrier"],"picked":"Revamp","floor":6},{"not_picked":["Revamp","Gouge","Spin"],"picked":"SKIP","floor":8},{"not_picked":["KillingDoll","Defy"],"picked":"Replace","floor":10},{"not_picked":["Defy","Gouge"],"picked":"Replace","floor":11},{"not_picked":["RealityMarble","SurpressingFire"],"picked":"Advance","floor":12},{"not_picked":["Duplication","Initiator"],"picked":"FloweringNight","floor":16},{"not_picked":["Desolation","Defy"],"picked":"Hightail","floor":18},{"not_picked":["Sabotage","Desolation"],"picked":"TimeWarp","floor":19},{"not_picked":["GearUp","Collapse"],"picked":"BottledTime+1","floor":23},{"not_picked":["Unruled","Gouge+1","Reset"],"picked":"SKIP","floor":25},{"not_picked":["MoonPhase","Potential"],"picked":"ForgedInTime","floor":28},{"not_picked":["DoubleEdge","ShiftingGears+1"],"picked":"BottledTime+1","floor":31},{"not_picked":["Solidify","ForgedInTime"],"picked":"Deny","floor":33},{"not_picked":["FastForward+1","ShatteredReality+1","Luminosity+1"],"picked":"SKIP","floor":35},{"not_picked":["Reset","Ricochet+1"],"picked":"Revamp","floor":36},{"not_picked":["Ricochet","DoubleEdge+1","Rearm"],"picked":"SKIP","floor":37},{"not_picked":["Ricochet","SilverBlades+1"],"picked":"Replace+1","floor":38},{"not_picked":["Sabotage","Comet+1","ReturningBlade+1"],"picked":"SKIP","floor":40},{"not_picked":["Contraction","Collapse","Defy"],"picked":"SKIP","floor":41},{"not_picked":["MoonPhase+1","ShiftingGears","FastForward"],"picked":"SKIP","floor":42},{"not_picked":["Snipe","Alleviate+1"],"picked":"DualDimension+1","floor":44},{"not_picked":["Defy+1","SurpressingFire+1","Ricochet"],"picked":"SKIP","floor":46},{"not_picked":["TimeWarp","Defy+1"],"picked":"BottledTime+1","floor":47},{"not_picked":["Ricochet","Moonlight","Sabotage+1"],"picked":"SKIP","floor":54}],"player_experience":333291,"relics_obtained":[{"floor":6,"key":"Ice Cream"},{"floor":9,"key":"Boot"},{"floor":10,"key":"Akabeko"},{"floor":23,"key":"PreservedInsect"},{"floor":26,"key":"FossilizedHelix"},{"floor":28,"key":"WingedGreaves"},{"floor":31,"key":"Red Mask"},{"floor":40,"key":"Bag of Preparation"},{"floor":42,"key":"Mercury Hourglass"},{"floor":44,"key":"War Paint"},{"floor":47,"key":"PocketWatch"},{"floor":54,"key":"Ornamental Fan"}],"event_choices":[{"damage_healed":0,"gold_gain":0,"player_choice":"Bought 0 Potions","damage_taken":0,"max_hp_gain":0,"max_hp_loss":0,"event_name":"The Woman in Blue","floor":14,"gold_loss":0},{"cards_removed":["Strike_S"],"damage_healed":0,"gold_gain":0,"player_choice":"Gave Gold","damage_taken":0,"max_hp_gain":0,"max_hp_loss":0,"event_name":"Beggar","floor":20,"gold_loss":75},{"damage_healed":0,"gold_gain":0,"player_choice":"Got Potions","damage_taken":0,"max_hp_gain":0,"max_hp_loss":0,"event_name":"Lab","floor":22,"gold_loss":0},{"damage_healed":0,"gold_gain":0,"player_choice":"Fought Bandits","damage_taken":0,"max_hp_gain":0,"max_hp_loss":0,"event_name":"Masked Bandits","floor":31,"gold_loss":0},{"damage_healed":0,"gold_gain":222,"player_choice":"Wore Mask","damage_taken":0,"max_hp_gain":0,"max_hp_loss":0,"event_name":"Tomb of Lord Red Mask","floor":48,"gold_loss":0}],"is_beta":false,"boss_relics":[{"not_picked":["SacredBark","Busted Crown"],"picked":"Cursed Key"},{"not_picked":["Velvet Choker","Coffee Dripper"],"picked":"StoneMask"}],"items_purged_floors":[5,39,53],"is_endless":false,"potions_floor_spawned":[4,6,11,12,16,18,23,28,33,36,37,38,40,47],"ascension_level":0}}