{"host":"o98f72bjn8jxgroo","time":1613588031,"event":{"mods":["Act Like it!","BaseMod","GifTheSpireLib","Minty Spire (QoL Compilation)","Morshu Shopkeeper","Relic Stats","Ruina","Shapeshifter Mod","Smile Girya","Spicy Shops","StSLib"],"gold_per_floor":[116,127,143,143,143,173,183,183,483,97,97,97,97,132,132,232,232,250,250,268,268,20,20,20,35,112,39,39,39,39,57,57,152,152,165,165,165],"floor_reached":36,"language":"PTB","playtime":2800,"items_purged":[],"score":418,"play_id":"ecab7ea0-c42a-4e12-a5cc-b1df62efe22a","local_time":"20210217165351","daily_mods":["Draft","Heirloom","Flight"],"is_ascension_mode":false,"campfire_choices":[{"data":"Dark Embrace","floor":8,"key":"SMITH"},{"data":"Infernal Blade","floor":12,"key":"SMITH"},{"data":"Havoc","floor":13,"key":"SMITH"},{"data":"Havoc","floor":15,"key":"SMITH"},{"data":"Warcry","floor":23,"key":"SMITH"},{"data":"Shockwave","floor":24,"key":"SMITH"},{"data":"Power Through","floor":28,"key":"SMITH"},{"floor":32,"key":"REST"}],"circlet_count":0,"master_deck":["Hemokinesis+1","Havoc+1","Warcry+1","Bloodletting","Second Wind+1","Power Through","Armaments+1","Infernal Blade+1","Metallicize","Fire Breathing+1","Bloodletting","Sever Soul","Pummel","Intimidate","True Grit+1","Shockwave+1","Carnage","Dark Embrace+1","Metallicize","Havoc+1","Impervious","Fire Breathing+1","Power Through+1","Blood for Blood","Brutality"],"relics":["Burning Blood","Ice Cream","Kunai","Magic Flower","Old Coin","War Paint","Gambling Chip","Sundial","Runic Cube","Vajra","White Beast Statue","Omamori","ruina:Goodbye","Ornamental Fan","Philosopher\u0027s Stone"],"acts_visited":["Exordium","ruina:Briah","TheBeyond"],"potions_floor_usage":[14,18,22],"damage_taken":[{"damage":8,"enemies":"Cultist","floor":1,"turns":4},{"damage":5,"enemies":"Jaw Worm","floor":2,"turns":3},{"damage":5,"enemies":"Small Slimes","floor":3,"turns":5},{"damage":23,"enemies":"Lagavulin","floor":6,"turns":5},{"damage":16,"enemies":"Exordium Wildlife","floor":7,"turns":3},{"damage":21,"enemies":"3 Sentries","floor":14,"turns":4},{"damage":18,"enemies":"Hexaghost","floor":16,"turns":6},{"damage":19,"enemies":"ruina:3_Bats","floor":18,"turns":3},{"damage":12,"enemies":"ruina:Nosferatu","floor":20,"turns":5},{"damage":22,"enemies":"ruina:Woodsman","floor":25,"turns":4},{"damage":9,"enemies":"ruina:QueenOfHate","floor":31,"turns":3},{"damage":32,"enemies":"ruina:Red_and_Wolf","floor":33,"turns":7},{"damage":11,"enemies":"3 Darklings","floor":35,"turns":3},{"damage":0,"enemies":"3 Shapes","floor":36,"turns":1}],"seed_played":"5923337015290752655","potions_obtained":[{"floor":2,"key":"Regen Potion"},{"floor":3,"key":"SmokeBomb"},{"floor":7,"key":"AttackPotion"},{"floor":16,"key":"AttackPotion"},{"floor":31,"key":"LiquidBronze"}],"is_trial":true,"path_per_floor":["M","M","M","?","?","E","M","R","T","$","?","R","R","E","R","B",null,"M","?","M","?","$","R","R","M","T","$","R","?","?","M","R","B",null,"M","M"],"character_chosen":"IRONCLAD","items_purchased":["War Paint","Gambling Chip","Fruit Juice","Vajra","Omamori"],"campfire_rested":1,"item_purchase_floors":[10,10,22,22,27],"current_hp_per_floor":[78,79,80,80,80,63,56,56,56,56,40,40,40,28,28,19,80,70,46,43,43,48,48,48,35,35,35,35,35,35,35,60,37,85,83,83,83],"gold":165,"neow_bonus":"","is_daily":false,"chose_seed":false,"campfire_upgraded":7,"win_rate":0.0,"timestamp":1613588031,"path_taken":["M","M","?","?","?","E","M","R","T","?","?","R","R","E","R","BOSS","M","?","M","?","$","R","R","?","T","?","R","?","?","M","R","BOSS","M","?"],"items_purchased_type":["Relic","Relic","Potion","Relic","Relic"],"build_version":"2020-12-22","purchased_purges":0,"victory":false,"max_hp_per_floor":[80,80,80,80,80,80,80,80,80,80,80,80,80,80,80,80,80,80,80,80,80,85,85,85,85,85,85,85,85,85,85,85,85,85,85,85,85],"relic_stats":{"counters":[14,56],"Sundial":[10],"Ornamental Fan":[4],"Gambling Chip":[17],"Magic Flower":[27],"Kunai":[4],"War Paint":["Second Wind","True Grit"],"obtain_stats":[{"Ice Cream":0,"Magic Flower":6,"Vajra":22,"Omamori":27,"War Paint":10,"Burning Blood":0,"White Beast Statue":26,"Old Coin":9,"Sundial":14,"Ornamental Fan":30,"Gambling Chip":10,"ruina:Goodbye":29,"Philosopher\u0027s Stone":34,"Kunai":5,"Runic Cube":17},{"Ice Cream":0,"Magic Flower":4,"Vajra":9,"Omamori":10,"War Paint":5,"Burning Blood":0,"White Beast Statue":10,"Old Coin":5,"Sundial":6,"Ornamental Fan":10,"Gambling Chip":5,"ruina:Goodbye":10,"Philosopher\u0027s Stone":12,"Kunai":3,"Runic Cube":7},{"Ice Cream":0,"Magic Flower":17,"Vajra":38,"Omamori":42,"War Paint":20,"Burning Blood":0,"White Beast Statue":42,"Old Coin":20,"Sundial":24,"Ornamental Fan":42,"Gambling Chip":20,"ruina:Goodbye":42,"Philosopher\u0027s Stone":52,"Kunai":12,"Runic Cube":30}],"Burning Blood":105,"Runic Cube":[38]},"card_choices":[{"not_picked":["Havoc","Armaments"],"picked":"Hemokinesis","floor":0},{"not_picked":["Sword Boomerang","Wild Strike"],"picked":"Havoc","floor":0},{"not_picked":["Havoc","Headbutt"],"picked":"Warcry","floor":0},{"not_picked":["Headbutt","Wild Strike"],"picked":"Bloodletting","floor":0},{"not_picked":["Flex","Iron Wave"],"picked":"Second Wind","floor":0},{"not_picked":["Anger","Armaments"],"picked":"Power Through","floor":0},{"not_picked":["Clash","Wild Strike"],"picked":"Armaments","floor":0},{"not_picked":["Thunderclap","Dropkick"],"picked":"Infernal Blade","floor":0},{"not_picked":["Rampage","Cleave"],"picked":"Metallicize","floor":0},{"not_picked":["Twin Strike","Bloodletting"],"picked":"Fire Breathing","floor":0},{"not_picked":["Perfected Strike","Warcry"],"picked":"Bloodletting","floor":0},{"not_picked":["Flex","Cleave"],"picked":"Sever Soul","floor":0},{"not_picked":["Battle Trance","Iron Wave"],"picked":"Pummel","floor":0},{"not_picked":["Havoc","Rampage"],"picked":"Intimidate","floor":0},{"not_picked":["Iron Wave","Warcry"],"picked":"True Grit","floor":0},{"not_picked":["Whirlwind","Warcry","Thunderclap"],"picked":"SKIP","floor":1},{"not_picked":["True Grit","Clash"],"picked":"Shockwave","floor":2},{"not_picked":["Headbutt","Shrug It Off"],"picked":"Carnage","floor":3},{"not_picked":["Sword Boomerang","Shrug It Off"],"picked":"Dark Embrace","floor":6},{"not_picked":["Sword Boomerang","Rupture"],"picked":"Metallicize","floor":7},{"not_picked":["Armaments","Exhume"],"picked":"Havoc","floor":14},{"not_picked":["Brutality","Exhume"],"picked":"Impervious","floor":16},{"not_picked":["Clash","Pommel Strike","Twin Strike"],"picked":"SKIP","floor":18},{"not_picked":["Twin Strike+1","Iron Wave"],"picked":"Power Through","floor":20},{"not_picked":["Armaments+1","Rupture","Iron Wave"],"picked":"SKIP","floor":25},{"not_picked":["Havoc","Entrench"],"picked":"Blood for Blood","floor":31},{"not_picked":["Offering","Reaper"],"picked":"Brutality","floor":33},{"not_picked":["Clothesline+1","Twin Strike","Anger+1"],"picked":"SKIP","floor":35}],"player_experience":309064,"relics_obtained":[{"floor":6,"key":"Magic Flower"},{"floor":9,"key":"Old Coin"},{"floor":14,"key":"Sundial"},{"floor":26,"key":"White Beast Statue"}],"event_choices":[{"damage_healed":0,"gold_gain":0,"player_choice":"Ignored","damage_taken":0,"max_hp_gain":0,"max_hp_loss":0,"event_name":"Liars Game","floor":4,"gold_loss":0},{"damage_healed":0,"gold_gain":0,"player_choice":"Box","damage_taken":0,"relics_obtained":["Kunai"],"max_hp_gain":0,"max_hp_loss":0,"event_name":"Big Fish","floor":5,"gold_loss":0,"cards_obtained":["Regret"]},{"damage_healed":0,"gold_gain":0,"player_choice":"Entered Light","damage_taken":16,"max_hp_gain":0,"max_hp_loss":0,"event_name":"Shining Light","floor":11,"gold_loss":0,"cards_upgraded":["Hemokinesis","Armaments"]}],"is_beta":false,"boss_relics":[{"not_picked":["Astrolabe","Velvet Choker"],"picked":"Runic Cube"},{"not_picked":["Runic Dome","Runic Pyramid"],"picked":"Philosopher\u0027s Stone"}],"items_purged_floors":[],"is_endless":false,"potions_floor_spawned":[2,3,7,16,31,33,35],"killed_by":"3 Shapes","ascension_level":0}}