{"host":"wqsqub3crsxqknzv","time":1613587995,"event":{"mods":["BaseMod","Colored Powertips","Lobotomy","LobotomyExtend","Minty Spire (QoL Compilation)","StSLib"],"gold_per_floor":[11,11,22,22,35,35,35,51,127,142,142,142,142,154,154,232,232,248,248,267,24,41,41,54,54,54,83,95,37,65,85,85,163,163,176,76,76,86,86,86,99,99,99,134,134,144,144,157,157,157,157,157],"floor_reached":53,"playtime":1766,"items_purged":["Funeral","CENSORED"],"score":1488,"play_id":"217af018-5629-456d-b4e2-a01fd5977576","local_time":"20210217205315","is_ascension_mode":true,"campfire_choices":[],"circlet_count":0,"master_deck":["BodiesMountain","SpecialBullet","SpecialBullet","SpecialBullet","SecurityCode","TrainingCode","CentralCode","Magnetism+1","UniverseFragment","RedEyes","Harmony","PunishingBird","Twilight","GreenStem","Moonlight","Moonlight","Moonlight","WristCuter","RecordCode"],"relics":["CogitoBucket","RabbitCall","LetterFromLob","WarpedTongs","Darkstone Periapt","InspiredRelic","SkinProphecy","Cursed Key","SolemnVow_r","DollysMirror","TreeSap","Shovel","Frozen Egg 2","Vajra","Potion Belt","CENSORED_r","Snecko Eye","AtMidnight","Pantograph","Oddly Smooth Stone","TheSmile_r"],"acts_visited":["Exordium","TheCity","TheBeyond"],"potions_floor_usage":[53,53,53,53],"damage_taken":[{"damage":8.0,"enemies":"2 Louse","floor":1.0,"turns":2.0},{"damage":6.0,"enemies":"Small Slimes","floor":3.0,"turns":3.0},{"damage":0.0,"enemies":"Cultist","floor":5.0,"turns":3.0},{"damage":25.0,"enemies":"3 Louse","floor":8.0,"turns":2.0},{"damage":34.0,"enemies":"Exordium Thugs","floor":10.0,"turns":4.0},{"damage":37.0,"enemies":"Blue Slaver","floor":14.0,"turns":5.0},{"damage":41.0,"enemies":"The Guardian","floor":16.0,"turns":7.0},{"damage":42.0,"enemies":"Shell Parasite","floor":18.0,"turns":5.0},{"damage":24.0,"enemies":"3 Byrds","floor":20.0,"turns":3.0},{"damage":22.0,"enemies":"Centurion and Healer","floor":22.0,"turns":4.0},{"damage":18.0,"enemies":"Chosen and Byrds","floor":24.0,"turns":4.0},{"damage":36.0,"enemies":"Slavers","floor":27.0,"turns":4.0},{"damage":0.0,"enemies":"Snecko","floor":28.0,"turns":4.0},{"damage":66.0,"enemies":"Gremlin Leader","floor":30.0,"turns":2.0},{"damage":4.0,"enemies":"Centurion and Healer","floor":31.0,"turns":8.0},{"damage":63.0,"enemies":"Collector","floor":33.0,"turns":11.0},{"damage":10.0,"enemies":"3 Darklings","floor":35.0,"turns":10.0},{"damage":7.0,"enemies":"3 Shapes","floor":38.0,"turns":1.0},{"damage":0.0,"enemies":"3 Darklings","floor":41.0,"turns":1.0},{"damage":21.0,"enemies":"Nemesis","floor":44.0,"turns":5.0},{"damage":0.0,"enemies":"Writhing Mass","floor":46.0,"turns":3.0},{"damage":0.0,"enemies":"Jaw Worm Horde","floor":48.0,"turns":1.0},{"damage":24.0,"enemies":"Time Eater","floor":50.0,"turns":9.0},{"damage":0.0,"enemies":"Donu and Deca","floor":51.0,"turns":8.0},{"damage":0.0,"enemies":"Malkuth","floor":52.0,"turns":9.0},{"damage":55.0,"enemies":"Hod","floor":52.0,"turns":13.0},{"damage":0.0,"enemies":"Chesed","floor":52.0,"turns":8.0},{"damage":0,"enemies":"Hokma","floor":53,"turns":16},{"damage":0,"enemies":"Angela","floor":53,"turns":10}],"seed_played":"2002741065563642267","potions_obtained":[{"floor":3.0,"key":"Block Potion"},{"floor":8.0,"key":"GamblersBrew"},{"floor":16.0,"key":"BlessingOfTheForge"},{"floor":20.0,"key":"DuplicationPotion"},{"floor":31.0,"key":"SkillPotion"},{"floor":37.0,"key":"LiquidBronze"},{"floor":46.0,"key":"Fruit Juice"},{"floor":48.0,"key":"Strength Potion"}],"is_trial":false,"path_per_floor":["M","?","M","$","M","R","?","M","T","M","M","?","R","M","R","B",null,"M","?","M","$","M","R","M","T","T","E","M","$","E","M","R","B",null,"M","$","?","M","$","R","M","R","T","E","R","M","R","M","R","B","B",null,null,null],"character_chosen":"Angela","items_purchased":["DollysMirror","WristCuter"],"campfire_rested":0,"item_purchase_floors":[21,29],"current_hp_per_floor":[63,42,44,44,55,55,55,50,50,34,34,34,34,31,31,42,67,61,71,71,76,78,78,82,88,94,84,98,98,57,102,102,103,104,108,108,108,110,110,110,112,112,118,120,120,122,122,129,258,260,262,268],"gold":157,"neow_bonus":"RANDOM_COLORLESS_2","is_daily":false,"chose_seed":false,"campfire_upgraded":0,"win_rate":0.0,"timestamp":1613587995,"path_taken":["M","?","M","$","M","R","?","?","T","M","M","?","R","M","R","BOSS","M","?","M","$","M","R","M","?","T","E","M","$","E","M","R","BOSS","M","$","?","M","$","R","M","R","T","E","R","M","R","?","R","BOSS","BOSS"],"items_purchased_type":["Relic","Card"],"build_version":"2020-11-29","purchased_purges":2,"victory":true,"max_hp_per_floor":[70,70,70,70,70,70,70,70,70,70,70,70,70,70,70,72,72,74,74,76,76,78,78,82,88,94,96,98,98,100,102,102,104,104,108,108,108,110,110,110,112,112,118,120,120,122,122,129,258,260,262,268],"card_choices":[{"not_picked":["HandOfGreed","Apotheosis"],"picked":"Magnetism","floor":0.0},{"not_picked":["Scorched","MeatLantern"],"picked":"UniverseFragment","floor":1.0},{"not_picked":["RedEyes","TodaysExpression"],"picked":"SKIP","floor":1.0},{"not_picked":["Tough","Beak"],"picked":"SKIP","floor":3.0},{"not_picked":["Horn","Tough"],"picked":"SKIP","floor":5.0},{"not_picked":["LittleHelper","FairyFestival"],"picked":"DespairKnight","floor":8.0},{"not_picked":["ScreamingWedge"],"picked":"RedEyes","floor":8.0},{"not_picked":["BlueScar","SwordSharpenedByTears"],"picked":"SKIP","floor":10.0},{"not_picked":["BlackSwan","SpiderBud"],"picked":"PunishingBird","floor":14.0},{"not_picked":["CherryBlossom","Wingbeat"],"picked":"SKIP","floor":14.0},{"not_picked":["Pinks"],"picked":"Twilight","floor":16.0},{"not_picked":["DreamingCurrent","Bloodbath"],"picked":"Funeral","floor":18.0},{"not_picked":["CUTE","TodaysExpression+1"],"picked":"SKIP","floor":18.0},{"not_picked":["TodaysExpression"],"picked":"Moonlight","floor":20.0},{"not_picked":["CrimsonScar","Loneliness"],"picked":"SKIP","floor":22.0},{"not_picked":["RedEyes","FrostShard"],"picked":"SKIP","floor":24.0},{"not_picked":["FairyFestival","RedShoes"],"picked":"CENSORED","floor":27.0},{"not_picked":["Beak"],"picked":"Moonlight","floor":27.0},{"not_picked":["CherryBlossom+1","Laetitia_ego"],"picked":"SKIP","floor":28.0},{"not_picked":["Wingbeat","Moonlight"],"picked":"SKIP","floor":30.0},{"not_picked":["TodaysExpression+1","RapturousDream"],"picked":"SKIP","floor":31.0},{"not_picked":["Reverberation","Pleasure"],"picked":"SKIP","floor":35.0},{"not_picked":["Soda+1","RapturousDream"],"picked":"SKIP","floor":38.0},{"not_picked":["RedEyes+1","SomewhereSpear"],"picked":"SKIP","floor":41.0},{"not_picked":["RapturousDream+1","Horn+1"],"picked":"SKIP","floor":44.0},{"not_picked":["RapturousDream","Regret_ego+1"],"picked":"SKIP","floor":46.0},{"not_picked":["Woodsman","LittlePrince"],"picked":"BodiesMountain","floor":48.0},{"not_picked":["SomewhereSpear","Lamp"],"picked":"SKIP","floor":48.0},{"not_picked":["RedEyes","BlueScar"],"picked":"SKIP","floor":48.0}],"player_experience":38092,"relics_obtained":[{"floor":1.0,"key":"LetterFromLob"},{"floor":9.0,"key":"Darkstone Periapt"},{"floor":25.0,"key":"Shovel"},{"floor":26.0,"key":"Frozen Egg 2"},{"floor":27.0,"key":"Vajra"},{"floor":30.0,"key":"Potion Belt"},{"floor":35.0,"key":"AtMidnight"},{"floor":43.0,"key":"Pantograph"},{"floor":44.0,"key":"Oddly Smooth Stone"}],"event_choices":[{"damage_healed":0.0,"max_hp_gain":0.0,"max_hp_loss":0.0,"gold_gain":0.0,"event_name":"Shining Light","player_choice":"Entered Light","floor":2.0,"gold_loss":0.0,"damage_taken":21.0,"cards_upgraded":["Magnetism"]},{"damage_healed":0.0,"max_hp_gain":0.0,"max_hp_loss":0.0,"gold_gain":0.0,"event_name":"Accursed Blacksmith","player_choice":"Rummage","floor":7.0,"gold_loss":0.0,"damage_taken":0.0,"relics_obtained":["WarpedTongs"],"cards_obtained":["Pain"]},{"damage_healed":0.0,"max_hp_gain":0.0,"max_hp_loss":0.0,"gold_gain":0.0,"cards_transformed":["SpecialBullet"],"event_name":"Transmorgrifier","player_choice":"Transformed","floor":12.0,"gold_loss":0.0,"damage_taken":0.0,"cards_obtained":["Harmony"]},{"damage_healed":0.0,"max_hp_gain":0.0,"max_hp_loss":0.0,"gold_gain":0.0,"event_name":"The Library","player_choice":"Read","floor":19.0,"gold_loss":0.0,"damage_taken":0.0,"cards_obtained":["GreenStem"]},{"damage_healed":0.0,"max_hp_gain":0.0,"max_hp_loss":0.0,"gold_gain":0.0,"event_name":"Lab","player_choice":"Got Potions","floor":37.0,"gold_loss":0.0,"damage_taken":0.0}],"is_beta":false,"boss_relics":[{"not_picked":["Black Star","Empty Cage"],"picked":"Cursed Key"},{"not_picked":["Velvet Choker","Astrolabe"],"picked":"Snecko Eye"}],"items_purged_floors":[21,36],"is_endless":false,"potions_floor_spawned":[3,8,16,20,31,46,48],"ascension_level":20}}