{"host":"ydg0vn0pu4pubmdt","time":1613589773,"event":{"mods":["AchievementEnabler","BaseMod","Colored Map","Minty Spire (QoL Compilation)","Quick Restart","SuperFastMode"],"gold_per_floor":[119,119,129,129,129,129,129,129,129,139,15,15,49,68,68,145,145,160,160,175,193,13,13,45,45,45,77,14,34,17,17,17,17,17],"floor_reached":33,"language":"KOR","playtime":602,"items_purged":["Pain","Strike_R","Strike_R"],"score":612,"play_id":"bc8111fb-1ae9-485a-a5a0-a6bdc3cf9d88","local_time":"20210218042253","is_ascension_mode":true,"campfire_choices":[{"data":"Searing Blow","floor":6.0,"key":"SMITH"},{"data":"Searing Blow+1","floor":12.0,"key":"SMITH"},{"data":"Searing Blow+2","floor":15.0,"key":"SMITH"},{"data":"Searing Blow+3","floor":23.0,"key":"SMITH"},{"data":"Searing Blow+4","floor":25.0,"key":"SMITH"},{"data":"Searing Blow+5","floor":32.0,"key":"SMITH"}],"circlet_count":0,"master_deck":["AscendersBane","Strike_R","Strike_R+1","Defend_R+1","Defend_R","Defend_R","Bash","Anger","Juggernaut","Searing Blow+6","Second Wind","Pommel Strike+1","Dark Embrace","Impervious","Blood for Blood"],"relics":["Burning Blood","The Courier","MealTicket","WarpedTongs","Vajra","Shuriken","Cursed Key","Membership Card","Akabeko","StrikeDummy"],"acts_visited":["Exordium","TheCity"],"potions_floor_usage":[],"damage_taken":[{"damage":6.0,"enemies":"Cultist","floor":1.0,"turns":3.0},{"damage":7.0,"enemies":"2 Louse","floor":3.0,"turns":2.0},{"damage":7.0,"enemies":"Jaw Worm","floor":10.0,"turns":3.0},{"damage":8.0,"enemies":"3 Sentries","floor":13.0,"turns":6.0},{"damage":8.0,"enemies":"Blue Slaver","floor":14.0,"turns":3.0},{"damage":48.0,"enemies":"Hexaghost","floor":16.0,"turns":8.0},{"damage":8.0,"enemies":"Chosen","floor":18.0,"turns":4.0},{"damage":23.0,"enemies":"2 Thieves","floor":20.0,"turns":3.0},{"damage":39.0,"enemies":"Shelled Parasite and Fungi","floor":21.0,"turns":3.0},{"damage":19.0,"enemies":"Gremlin Leader","floor":24.0,"turns":3.0},{"damage":13.0,"enemies":"Slavers","floor":27.0,"turns":5.0},{"damage":16.0,"enemies":"Chosen and Byrds","floor":29.0,"turns":5.0},{"damage":60,"enemies":"Champ","floor":33,"turns":6}],"seed_played":"-5376326773476807966","potions_obtained":[{"floor":1.0,"key":"PowerPotion"},{"floor":10.0,"key":"Explosive Potion"},{"floor":19.0,"key":"Fruit Juice"},{"floor":19.0,"key":"EntropicBrew"},{"floor":24.0,"key":"BloodPotion"}],"is_trial":false,"path_per_floor":["M","T","M","?","?","R","T","?","T","M","$","R","E","M","R","B",null,"M","?","M","M","$","R","E","R","T","E","$","M","$","?","R","B"],"character_chosen":"IRONCLAD","items_purchased":["Second Wind","Membership Card","Blood for Blood"],"campfire_rested":0,"item_purchase_floors":[11,22,30],"current_hp_per_floor":[50,50,49,26,51,51,51,51,51,50,65,65,63,61,61,19,61,59,64,47,14,29,29,32,32,32,25,40,30,45,45,45,0,0],"gold":17,"neow_bonus":"TRANSFORM_TWO_CARDS","is_daily":false,"chose_seed":false,"campfire_upgraded":6,"win_rate":0.0,"timestamp":1613589773,"path_taken":["M","?","M","?","?","R","?","?","T","?","$","R","E","M","R","BOSS","M","?","?","M","$","R","E","R","T","E","$","M","$","?","R","BOSS"],"items_purchased_type":["Card","Relic","Card"],"build_version":"2020-12-22","purchased_purges":3,"victory":false,"max_hp_per_floor":[75,75,75,75,75,75,75,75,75,75,75,75,75,75,75,75,75,75,80,80,80,80,80,80,80,80,80,80,80,80,80,80,80,80],"card_choices":[{"not_picked":["Perfected Strike","Sword Boomerang","Spot Weakness"],"picked":"SKIP","floor":1.0},{"not_picked":["Sword Boomerang","Pommel Strike"],"picked":"Searing Blow","floor":3.0},{"not_picked":["Carnage","Entrench","Pommel Strike"],"picked":"SKIP","floor":10.0},{"not_picked":["Flex","Second Wind","Hemokinesis"],"picked":"SKIP","floor":13.0},{"not_picked":["Inflame","Wild Strike","Havoc"],"picked":"SKIP","floor":14.0},{"not_picked":["Perfected Strike","Bloodletting+1"],"picked":"Pommel Strike+1","floor":18.0},{"not_picked":["Pommel Strike","Entrench","Ghostly Armor"],"picked":"SKIP","floor":20.0},{"not_picked":["Rampage","Disarm","Body Slam"],"picked":"SKIP","floor":21.0},{"not_picked":["Heavy Blade","Intimidate"],"picked":"Dark Embrace","floor":24.0},{"not_picked":["Wild Strike","Immolate"],"picked":"Impervious","floor":27.0},{"not_picked":["Metallicize+1","Perfected Strike","Armaments"],"picked":"SKIP","floor":29.0}],"player_experience":608213,"relics_obtained":[{"floor":2.0,"key":"The Courier"},{"floor":7.0,"key":"MealTicket"},{"floor":9.0,"key":"Vajra"},{"floor":13.0,"key":"Shuriken"},{"floor":24.0,"key":"Akabeko"},{"floor":27.0,"key":"StrikeDummy"}],"event_choices":[{"damage_healed":0.0,"max_hp_gain":0.0,"max_hp_loss":0.0,"gold_gain":0.0,"event_name":"Shining Light","player_choice":"Entered Light","floor":4.0,"gold_loss":0.0,"damage_taken":23.0,"cards_upgraded":["Defend_R","Strike_R"]},{"damage_healed":25.0,"max_hp_gain":0.0,"max_hp_loss":0.0,"gold_gain":0.0,"event_name":"Big Fish","player_choice":"Banana","floor":5.0,"gold_loss":0.0,"damage_taken":0.0},{"damage_healed":0.0,"max_hp_gain":0.0,"max_hp_loss":0.0,"gold_gain":0.0,"event_name":"Accursed Blacksmith","player_choice":"Rummage","floor":8.0,"gold_loss":0.0,"damage_taken":0.0,"relics_obtained":["WarpedTongs"],"cards_obtained":["Pain"]},{"damage_healed":0.0,"max_hp_gain":0.0,"max_hp_loss":0.0,"gold_gain":0.0,"event_name":"Lab","player_choice":"Got Potions","floor":19.0,"gold_loss":0.0,"damage_taken":0.0},{"damage_healed":0.0,"max_hp_gain":0.0,"max_hp_loss":0.0,"gold_gain":0.0,"event_name":"Vampires","player_choice":"Ignored","floor":31.0,"gold_loss":0.0,"damage_taken":0.0}],"is_beta":false,"boss_relics":[{"not_picked":["Black Blood","Runic Cube"],"picked":"Cursed Key"}],"items_purged_floors":[11,22,28],"is_endless":false,"potions_floor_spawned":[1,10,21,24],"killed_by":"Champ","ascension_level":20}}