{"host":"v54ek091sdz7ha6h","time":1613582492,"event":{"mods":["BaseMod","Better Vampires","Colored Map","Colored Powertips","Custom Start","DeckTracker","Highlight Path","KOR Keyword Fix","Minty Spire (QoL Compilation)","Rare Cards Sparkle","Relic Stats","StSLib","SuperFastMode","everything is the same but u backflip on backflip"],"gold_per_floor":[110,120,45,45,55,55,80,80,125,125,140,151,151,151,151,246,246,266,266,287,83,99,143,166,205,205,14,32,55,75,110,110,203,203,221,290,1289,1308,368,411,411,444,444,444,459,477,477,38,38,38,38,38,38,38,76,76],"floor_reached":57,"language":"KOR","playtime":2160,"items_purged":["Pain","Strike_R","Normality","Normality"],"score":3044,"play_id":"16cf772f-49f5-4665-b625-e3e42ff27f51","local_time":"20210218022132","is_ascension_mode":true,"campfire_choices":[{"data":"Armaments","floor":6.0,"key":"SMITH"},{"floor":8.0,"key":"REST"},{"data":"Sword Boomerang","floor":10.0,"key":"SMITH"},{"floor":15.0,"key":"REST"},{"floor":32,"key":"REST"},{"floor":41,"key":"RECALL"},{"data":"Barricade","floor":44,"key":"SMITH"},{"data":"Offering","floor":47,"key":"SMITH"},{"data":"Offering","floor":49,"key":"SMITH"},{"floor":53,"key":"REST"}],"circlet_count":0,"master_deck":["AscendersBane","Strike_R","Strike_R","Strike_R","Defend_R+1","Defend_R","Defend_R+1","Defend_R","Bash","Pommel Strike","Sword Boomerang+1","Armaments+1","Offering+1","Whirlwind","Fiend Fire","Havoc","Intimidate+1","Second Wind","Warcry","Intimidate","Offering+1","Burning Pact","Dramatic Entrance","Havoc+1","Evolve","Feel No Pain","Fiend Fire","Disarm","Reaper","CurseOfTheBell","Shrug It Off+1","Barricade+1","Burning Pact+1","Seeing Red+1","True Grit+1","Disarm+1","Sentinel+1","Shrug It Off+1","Inflame+1","Evolve+1"],"relics":["Burning Blood","Toy Ornithopter","Regal Pillow","War Paint","Dead Branch","Golden Idol","Runic Dome","WarpedTongs","Anchor","White Beast Statue","Dream Catcher","Calling Bell","Toxic Egg 2","Akabeko","Pocketwatch","WingedGreaves","CaptainsWheel","Vajra","Toolbox","Du-Vu Doll","Bird Faced Urn","Sundial","Bag of Preparation","Blue Candle"],"acts_visited":["Exordium","TheCity","TheBeyond","TheEnding"],"potions_floor_usage":[16,22,23,36,42,45,46,50,50],"damage_taken":[{"damage":5.0,"enemies":"2 Louse","floor":1.0,"turns":4.0},{"damage":4.0,"enemies":"Small Slimes","floor":2.0,"turns":5.0},{"damage":7.0,"enemies":"Cultist","floor":5.0,"turns":4.0},{"damage":56.0,"enemies":"Gremlin Nob","floor":7.0,"turns":5.0},{"damage":22.0,"enemies":"Exordium Wildlife","floor":11.0,"turns":7.0},{"damage":6.0,"enemies":"Looter","floor":12.0,"turns":3.0},{"damage":47,"enemies":"Slime Boss","floor":16,"turns":9},{"damage":6,"enemies":"Shell Parasite","floor":18,"turns":1},{"damage":9,"enemies":"Spheric Guardian","floor":20,"turns":3},{"damage":11,"enemies":"Snecko","floor":22,"turns":4},{"damage":26,"enemies":"Book of Stabbing","floor":23,"turns":4},{"damage":6,"enemies":"Centurion and Healer","floor":24,"turns":1},{"damage":12,"enemies":"Slavers","floor":25,"turns":3},{"damage":16,"enemies":"Shelled Parasite and Fungi","floor":28,"turns":3},{"damage":12,"enemies":"Cultist and Chosen","floor":29,"turns":5},{"damage":8,"enemies":"Chosen and Byrds","floor":30,"turns":4},{"damage":24,"enemies":"Gremlin Leader","floor":31,"turns":2},{"damage":23,"enemies":"Automaton","floor":33,"turns":4},{"damage":6,"enemies":"Orb Walker","floor":35,"turns":2},{"damage":13,"enemies":"2 Orb Walkers","floor":36,"turns":4},{"damage":6,"enemies":"3 Darklings","floor":38,"turns":2},{"damage":12,"enemies":"Nemesis","floor":40,"turns":1},{"damage":25,"enemies":"Giant Head","floor":42,"turns":3},{"damage":6,"enemies":"Spire Growth","floor":45,"turns":2},{"damage":13,"enemies":"Sphere and 2 Shapes","floor":46,"turns":3},{"damage":55,"enemies":"Donu and Deca","floor":50,"turns":8},{"damage":23,"enemies":"Awakened One","floor":51,"turns":10},{"damage":23,"enemies":"Shield and Spear","floor":55,"turns":4},{"damage":74,"enemies":"The Heart","floor":56,"turns":8}],"seed_played":"-7461295504956509835","potions_obtained":[{"floor":12.0,"key":"Energy Potion"},{"floor":16,"key":"Fruit Juice"},{"floor":20,"key":"Strength Potion"},{"floor":22,"key":"BloodPotion"},{"floor":23,"key":"SteroidPotion"},{"floor":29,"key":"BlessingOfTheForge"},{"floor":36,"key":"LiquidBronze"},{"floor":42,"key":"Ancient Potion"},{"floor":45,"key":"Swift Potion"},{"floor":46,"key":"Fire Potion"},{"floor":55,"key":"Fire Potion"}],"is_trial":false,"path_per_floor":["M","M","?","?","M","R","E","R","T","R","M","M","T","?","R","B",null,"M","?","M","$","M","E","M","E","T","$","M","M","M","E","R","B",null,"M","?","?","M","$","E","R","E","T","R","M","M","R","$","R","B","B",null,"R","$","E","B",null],"character_chosen":"IRONCLAD","items_purchased":["Second Wind","Warcry","Dramatic Entrance","CaptainsWheel","Vajra","Toolbox","Seeing Red+1","True Grit+1","Bag of Preparation","Shrug It Off+1","SkillPotion"],"campfire_rested":4,"item_purchase_floors":[21,21,27,39,39,39,39,39,48,48,48],"current_hp_per_floor":[69,71,71,71,70,70,20,57,57,57,41,41,41,15,52,16,60,60,60,57,57,62,63,63,57,57,57,47,41,39,21,60,43,71,71,69,69,80,80,74,74,60,60,60,69,73,73,73,73,54,51,73,80,80,79,69],"gold":76,"neow_bonus":"RANDOM_COMMON_RELIC","is_daily":false,"chose_seed":false,"campfire_upgraded":5,"win_rate":0.0,"timestamp":1613582492,"path_taken":["M","M","?","?","M","R","E","R","T","R","M","?","?","?","R","BOSS","M","?","M","$","M","E","?","E","T","$","M","M","M","E","R","BOSS","M","?","?","M","$","E","R","E","T","R","M","M","R","$","R","BOSS","BOSS","R","$","E","BOSS"],"items_purchased_type":["Card","Card","Card","Relic","Relic","Relic","Card","Card","Relic","Card","Potion"],"build_version":"2020-12-22","purchased_purges":4,"victory":true,"max_hp_per_floor":[75,75,75,75,75,75,75,75,75,75,75,75,75,75,75,75,75,75,75,75,75,80,80,80,80,80,80,80,80,80,80,80,80,80,80,80,80,80,80,80,80,80,80,80,80,80,80,80,80,80,80,80,80,80,80,80],"relic_stats":{"Regal Pillow":45,"counters":[29,118],"Golden Idol":200,"Dead Branch":[669],"Blue Candle":[1],"Bag of Preparation":[8],"War Paint":["Defend_R","Defend_R"],"Burning Blood":168,"WarpedTongs":[77],"Dream Catcher":2,"Sundial":[4],"Bird Faced Urn":[64],"obtain_stats":[{"Regal Pillow":7,"Golden Idol":14,"Dead Branch":13,"Blue Candle":55,"Vajra":39,"Bag of Preparation":48,"War Paint":9,"Burning Blood":0,"White Beast Statue":25,"Akabeko":34,"WarpedTongs":19,"Calling Bell":34,"Du-Vu Doll":40,"Runic Dome":17,"Anchor":23,"Dream Catcher":31,"CaptainsWheel":39,"Sundial":43,"Bird Faced Urn":42,"Toolbox":39,"WingedGreaves":36,"Toxic Egg 2":34,"Toy Ornithopter":0,"Pocketwatch":34},{"Regal Pillow":4,"Golden Idol":6,"Dead Branch":6,"Blue Candle":28,"Vajra":21,"Bag of Preparation":25,"War Paint":4,"Burning Blood":0,"White Beast Statue":13,"Akabeko":18,"WarpedTongs":8,"Calling Bell":18,"Du-Vu Doll":22,"Runic Dome":7,"Anchor":11,"Dream Catcher":17,"CaptainsWheel":21,"Sundial":23,"Bird Faced Urn":23,"Toolbox":21,"WingedGreaves":20,"Toxic Egg 2":18,"Toy Ornithopter":0,"Pocketwatch":18},{"Regal Pillow":18,"Golden Idol":28,"Dead Branch":28,"Blue Candle":110,"Vajra":79,"Bag of Preparation":88,"War Paint":18,"Burning Blood":0,"White Beast Statue":53,"Akabeko":71,"WarpedTongs":38,"Calling Bell":71,"Du-Vu Doll":80,"Runic Dome":37,"Anchor":49,"Dream Catcher":67,"CaptainsWheel":79,"Sundial":83,"Bird Faced Urn":83,"Toolbox":79,"WingedGreaves":77,"Toxic Egg 2":71,"Toy Ornithopter":0,"Pocketwatch":71}],"Toy Ornithopter":45,"Pocketwatch":[9]},"card_choices":[{"not_picked":["Twin Strike","Headbutt"],"picked":"Pommel Strike","floor":1.0},{"not_picked":["Heavy Blade","Dark Embrace"],"picked":"Sword Boomerang","floor":2.0},{"not_picked":["Twin Strike","Anger"],"picked":"Armaments","floor":5.0},{"not_picked":["Anger","Dropkick"],"picked":"Offering","floor":7.0},{"not_picked":["Havoc","Headbutt"],"picked":"Whirlwind","floor":11.0},{"not_picked":["Shrug It Off","Dual Wield","Wild Strike"],"picked":"SKIP","floor":12.0},{"not_picked":["Juggernaut","Limit Break"],"picked":"Fiend Fire","floor":16},{"not_picked":["Wild Strike+1","Sword Boomerang"],"picked":"Havoc","floor":18},{"not_picked":["Rampage","Anger"],"picked":"Intimidate+1","floor":20},{"not_picked":["Armaments+1","Power Through"],"picked":"Intimidate","floor":22},{"not_picked":["True Grit","Sword Boomerang"],"picked":"Offering","floor":23},{"not_picked":["Power Through","Anger"],"picked":"Burning Pact","floor":24},{"not_picked":["Flex","Clothesline","Wild Strike"],"picked":"SKIP","floor":25},{"not_picked":["Anger","Carnage"],"picked":"Havoc+1","floor":28},{"not_picked":["Searing Blow","Sword Boomerang"],"picked":"Evolve","floor":29},{"not_picked":["Perfected Strike+1","True Grit"],"picked":"Feel No Pain","floor":30},{"not_picked":["Sword Boomerang","Evolve"],"picked":"Fiend Fire","floor":31},{"not_picked":["True Grit","Flex"],"picked":"Disarm","floor":32},{"not_picked":["Demon Form","Double Tap"],"picked":"Reaper","floor":33},{"not_picked":["Fire Breathing+1","Perfected Strike"],"picked":"Shrug It Off+1","floor":35},{"not_picked":["Anger","Burning Pact+1"],"picked":"Barricade","floor":36},{"not_picked":["Pommel Strike+1","Blood for Blood"],"picked":"Burning Pact+1","floor":38},{"not_picked":["Flex+1","Clothesline+1"],"picked":"Disarm+1","floor":40},{"not_picked":["Clash","Uppercut","Burning Pact+1"],"picked":"SKIP","floor":42},{"not_picked":["Heavy Blade","Clothesline+1"],"picked":"Sentinel+1","floor":45},{"not_picked":["Limit Break+1","Dual Wield+1","Evolve"],"picked":"SKIP","floor":46},{"not_picked":["Clothesline","Burning Pact+1"],"picked":"Inflame+1","floor":53},{"not_picked":["Anger+1","Rampage"],"picked":"Evolve+1","floor":55}],"player_experience":1476338,"relics_obtained":[{"floor":7.0,"key":"Regal Pillow"},{"floor":9.0,"key":"War Paint"},{"floor":13.0,"key":"Dead Branch"},{"floor":23,"key":"Anchor"},{"floor":25,"key":"White Beast Statue"},{"floor":31,"key":"Dream Catcher"},{"floor":34,"key":"Toxic Egg 2"},{"floor":34,"key":"Akabeko"},{"floor":34,"key":"Pocketwatch"},{"floor":36,"key":"WingedGreaves"},{"floor":40,"key":"Du-Vu Doll"},{"floor":42,"key":"Bird Faced Urn"},{"floor":43,"key":"Sundial"},{"floor":55,"key":"Blue Candle"}],"event_choices":[{"cards_removed":["Strike_R"],"damage_healed":0.0,"max_hp_gain":0.0,"max_hp_loss":0.0,"gold_gain":0.0,"event_name":"The Cleric","player_choice":"Card Removal","floor":3.0,"gold_loss":75.0,"damage_taken":0.0},{"damage_healed":0.0,"max_hp_gain":0.0,"max_hp_loss":0.0,"gold_gain":0.0,"event_name":"Match and Keep!","player_choice":"0 cards matched","floor":4.0,"gold_loss":0.0,"damage_taken":0.0,"cards_obtained":[]},{"damage_healed":0.0,"max_hp_gain":0.0,"max_hp_loss":0.0,"gold_gain":0.0,"event_name":"Golden Idol","player_choice":"Take Damage","floor":14.0,"gold_loss":0.0,"damage_taken":26.0,"relics_obtained":["Golden Idol"]},{"damage_healed":0,"gold_gain":0,"player_choice":"Rummage","damage_taken":0,"relics_obtained":["WarpedTongs"],"max_hp_gain":0,"max_hp_loss":0,"event_name":"Accursed Blacksmith","floor":19,"gold_loss":0,"cards_obtained":["Pain"]},{"damage_healed":0,"gold_gain":0,"player_choice":"Fight","damage_taken":0,"max_hp_gain":0,"max_hp_loss":0,"event_name":"Mysterious Sphere","floor":36,"gold_loss":0},{"damage_healed":0,"gold_gain":999,"player_choice":"Gold","damage_taken":0,"max_hp_gain":0,"max_hp_loss":0,"event_name":"MindBloom","floor":37,"gold_loss":0,"cards_obtained":["Normality","Normality"]}],"is_beta":false,"boss_relics":[{"not_picked":["Runic Pyramid","Runic Cube"],"picked":"Runic Dome"},{"not_picked":["Pandora\u0027s Box","Busted Crown"],"picked":"Calling Bell"}],"items_purged_floors":[21,27,39,48],"is_endless":false,"potions_floor_spawned":[12,16,20,22,23,24,28,29,30,31,33,35,36,38,40,42,45,46,55],"ascension_level":20}}