{"host":"w14xfy17z3c5mpoi","time":1613526642,"event":{"mods":["AchievementEnabler","BaseMod","Minty Spire (QoL Compilation)","Relic Stats"],"gold_per_floor":[109,123,140,153,95,125,136,169,169,200,200,230,242,10,10,112,112,144,177,177,214,214,214,246,246,246,49,49,95,95,127,127,249,249,284,42,0,16,16,16,16],"floor_reached":40,"language":"ENG","playtime":7655,"items_purged":["Decay","Defend_P"],"score":731,"play_id":"1ec128d1-843b-495f-a8d0-a98063a91744","local_time":"20210216205042","is_ascension_mode":true,"campfire_choices":[{"floor":11,"key":"REST"},{"floor":15,"key":"REST"},{"floor":23,"key":"REST"},{"floor":30,"key":"REST"},{"floor":32,"key":"REST"}],"circlet_count":0,"master_deck":["Defend_P","Eruption","Vigilance","Indignation","WheelKick","InnerPeace","TalkToTheHand","EmptyFist","FearNoEvil","HandOfGreed","Vault","BowlingBash","Bite","Bite","Bite","Bite","Bite","ForeignInfluence","BattleHymn","Tantrum+1","Omniscience","CurseOfTheBell","WaveOfTheHand","Writhe"],"relics":["Velvet Choker","Blue Candle","Boot","Bronze Scales","Sundial","Ice Cream","Pocketwatch","SlaversCollar","Letter Opener","Art of War","Calling Bell","Potion Belt","InkBottle","FossilizedHelix","Red Mask"],"acts_visited":["Exordium","TheCity","TheBeyond"],"potions_floor_usage":[6,10,16,21,24,29,29],"damage_taken":[{"damage":2,"enemies":"Jaw Worm","floor":1,"turns":4},{"damage":0,"enemies":"Cultist","floor":2,"turns":2},{"damage":0,"enemies":"2 Louse","floor":3,"turns":2},{"damage":3,"enemies":"Blue Slaver","floor":4,"turns":3},{"damage":17,"enemies":"Gremlin Nob","floor":6,"turns":3},{"damage":0,"enemies":"Looter","floor":7,"turns":1},{"damage":17,"enemies":"3 Sentries","floor":8,"turns":7},{"damage":8,"enemies":"Lagavulin","floor":10,"turns":7},{"damage":9,"enemies":"Gremlin Nob","floor":12,"turns":3},{"damage":6,"enemies":"3 Louse","floor":13,"turns":2},{"damage":0,"enemies":"Slime Boss","floor":16,"turns":3},{"damage":31,"enemies":"2 Thieves","floor":18,"turns":4},{"damage":0,"enemies":"Spheric Guardian","floor":19,"turns":3},{"damage":78,"enemies":"Shelled Parasite and Fungi","floor":21,"turns":5},{"damage":16,"enemies":"Slavers","floor":24,"turns":3},{"damage":19,"enemies":"Gremlin Leader","floor":29,"turns":5},{"damage":14,"enemies":"Snake Plant","floor":31,"turns":3},{"damage":27,"enemies":"Automaton","floor":33,"turns":7},{"damage":0,"enemies":"Orb Walker","floor":35,"turns":2},{"damage":29,"enemies":"3 Darklings","floor":38,"turns":5},{"damage":59,"enemies":"Giant Head","floor":40,"turns":6}],"seed_played":"-8211999566763222107","potions_obtained":[{"floor":4,"key":"AttackPotion"},{"floor":6,"key":"FearPotion"},{"floor":10,"key":"EssenceOfSteel"},{"floor":12,"key":"SkillPotion"},{"floor":13,"key":"SmokeBomb"},{"floor":16,"key":"FairyPotion"},{"floor":19,"key":"DuplicationPotion"},{"floor":33,"key":"Dexterity Potion"}],"is_trial":false,"path_per_floor":["M","M","M","M","?","E","M","E","T","E","R","E","M","$","R","B",null,"M","M","?","M","?","R","E","T","T","$","?","E","R","M","R","B",null,"M","$","?","M","?","E"],"character_chosen":"WATCHER","items_purchased":["HandOfGreed","Strength Potion","Regen Potion","Dexterity Potion","WaveOfTheHand","Regen Potion"],"campfire_rested":5,"item_purchase_floors":[14,14,27,27,36,36],"current_hp_per_floor":[63,63,63,60,60,43,43,26,26,18,39,30,24,24,45,45,65,34,34,34,7,7,22,14,14,14,14,14,21,36,30,45,32,46,50,50,50,21,34,0,0],"gold":16,"neow_bonus":"BOSS_RELIC","is_daily":false,"chose_seed":false,"campfire_upgraded":0,"win_rate":0.0,"timestamp":1613526642,"path_taken":["M","M","M","M","?","E","M","E","T","E","R","E","M","$","R","BOSS","M","M","?","M","?","R","E","?","T","$","?","E","R","M","R","BOSS","M","$","?","M","?","E"],"items_purchased_type":["Card","Potion","Potion","Potion","Card","Potion"],"build_version":"2020-12-22","purchased_purges":2,"victory":false,"max_hp_per_floor":[72,72,72,72,72,72,72,72,72,72,72,72,72,72,72,72,72,72,72,50,50,50,50,50,50,50,50,50,50,50,50,50,50,50,50,50,50,50,50,50,50],"relic_stats":{"counters":[21,80],"Sundial":[6],"Blue Candle":[1],"Bronze Scales":[100],"Art of War":[1],"Letter Opener":[15],"Boot":[58],"obtain_stats":[{"Ice Cream":10,"Potion Belt":34,"Blue Candle":5,"Velvet Choker":0,"Letter Opener":25,"Boot":6,"Calling Bell":34,"SlaversCollar":17,"Sundial":9,"Bronze Scales":8,"Art of War":29,"Red Mask":37,"PureWater":0,"InkBottle":34,"FossilizedHelix":34,"Pocketwatch":12},{"Ice Cream":8,"Potion Belt":18,"Blue Candle":4,"Velvet Choker":0,"Letter Opener":15,"Boot":5,"Calling Bell":18,"SlaversCollar":11,"Sundial":7,"Bronze Scales":7,"Art of War":16,"Red Mask":19,"PureWater":0,"InkBottle":18,"FossilizedHelix":18,"Pocketwatch":9},{"Ice Cream":29,"Potion Belt":67,"Blue Candle":11,"Velvet Choker":0,"Letter Opener":52,"Boot":14,"Calling Bell":67,"SlaversCollar":37,"Sundial":22,"Bronze Scales":22,"Art of War":57,"Red Mask":69,"PureWater":0,"InkBottle":67,"FossilizedHelix":67,"Pocketwatch":32}],"InkBottle":[5],"Pocketwatch":[30]},"card_choices":[{"not_picked":["EmptyBody","Consecrate","BattleHymn"],"picked":"SKIP","floor":1},{"not_picked":["JustLucky","FearNoEvil"],"picked":"Indignation","floor":2},{"not_picked":["ThirdEye","ClearTheMind"],"picked":"WheelKick","floor":3},{"not_picked":["Evaluate","FearNoEvil"],"picked":"InnerPeace","floor":4},{"not_picked":["Weave","FollowUp","FlurryOfBlows"],"picked":"SKIP","floor":6},{"not_picked":["ClearTheMind","Evaluate","InnerPeace"],"picked":"SKIP","floor":7},{"not_picked":["SashWhip","InnerPeace"],"picked":"TalkToTheHand","floor":8},{"not_picked":["Sanctity","Consecrate"],"picked":"EmptyFist","floor":10},{"not_picked":["Vengeance","ReachHeaven"],"picked":"FearNoEvil","floor":12},{"not_picked":["BattleHymn","CutThroughFate","Consecrate"],"picked":"SKIP","floor":13},{"not_picked":["Ragnarok","Devotion"],"picked":"Vault","floor":16},{"not_picked":["Perseverance","CutThroughFate"],"picked":"BowlingBash","floor":18},{"not_picked":["FollowUp","BowlingBash","ClearTheMind+1"],"picked":"SKIP","floor":19},{"not_picked":["FlurryOfBlows","FearNoEvil","FollowUp"],"picked":"SKIP","floor":21},{"not_picked":["LikeWater","SandsOfTime","FlyingSleeves"],"picked":"SKIP","floor":24},{"not_picked":["PathToVictory","ThirdEye"],"picked":"Tantrum+1","floor":29},{"not_picked":["ClearTheMind","DeceiveReality+1","Halt"],"picked":"SKIP","floor":31},{"not_picked":["DevaForm","Judgement"],"picked":"Omniscience","floor":33},{"not_picked":["FollowUp","CutThroughFate+1","Weave"],"picked":"SKIP","floor":35},{"not_picked":["EmptyBody+1","EmptyFist","Perseverance"],"picked":"SKIP","floor":38}],"player_experience":681456,"relics_obtained":[{"floor":6,"key":"Boot"},{"floor":8,"key":"Bronze Scales"},{"floor":9,"key":"Sundial"},{"floor":10,"key":"Ice Cream"},{"floor":12,"key":"Pocketwatch"},{"floor":25,"key":"Letter Opener"},{"floor":29,"key":"Art of War"},{"floor":34,"key":"Potion Belt"},{"floor":34,"key":"InkBottle"},{"floor":34,"key":"FossilizedHelix"}],"event_choices":[{"damage_healed":0,"gold_gain":0,"player_choice":"Paid Gold","damage_taken":0,"relics_obtained":["Blue Candle"],"max_hp_gain":0,"max_hp_loss":0,"event_name":"WeMeetAgain","floor":5,"gold_loss":58},{"damage_healed":0,"gold_gain":0,"player_choice":"Became a vampire","damage_taken":0,"max_hp_gain":0,"max_hp_loss":22,"event_name":"Vampires","floor":20,"gold_loss":0,"cards_obtained":["Bite","Bite","Bite","Bite","Bite"]},{"damage_healed":0,"gold_gain":0,"player_choice":"Smashed Altar","damage_taken":0,"max_hp_gain":0,"max_hp_loss":0,"event_name":"Forgotten Altar","floor":22,"gold_loss":0,"cards_obtained":["Decay"]},{"damage_healed":0,"gold_gain":0,"cards_transformed":["Defend_P","Defend_P"],"player_choice":"Became Test Subject","damage_taken":0,"max_hp_gain":0,"max_hp_loss":0,"event_name":"Drug Dealer","floor":28,"gold_loss":0,"cards_obtained":["ForeignInfluence","BattleHymn"]},{"damage_healed":0,"gold_gain":0,"player_choice":"Paid","damage_taken":0,"relics_obtained":["Red Mask"],"max_hp_gain":0,"max_hp_loss":0,"event_name":"Tomb of Lord Red Mask","floor":37,"gold_loss":42},{"damage_healed":13,"gold_gain":0,"player_choice":"Writhe","damage_taken":0,"max_hp_gain":0,"max_hp_loss":0,"event_name":"Winding Halls","floor":39,"gold_loss":0,"cards_obtained":["Writhe"]}],"is_beta":false,"boss_relics":[{"not_picked":["Fusion Hammer","Runic Dome"],"picked":"SlaversCollar"},{"not_picked":["Coffee Dripper","Pandora\u0027s Box"],"picked":"Calling Bell"}],"items_purged_floors":[27,36],"is_endless":false,"potions_floor_spawned":[4,6,10,12,13,16,19,33],"killed_by":"Giant Head","ascension_level":8}}