{"host":"dg9ago0zd82drrsw","time":1613547780,"event":{"mods":["BaseMod","Bestiary","Downfall","GifTheSpireLib","Minty Spire (QoL Compilation)","Relic Stats","StSLib"],"gold_per_floor":[99,99,99,99,109,137,137,137,237,253,428,446,446,465,477,579,579,579,592,592,592,244,244,244,257,257,257,257],"floor_reached":26,"language":"ENG","playtime":1178,"items_purged":["Guardian:Strike_Guardian"],"score":275,"play_id":"3d086b83-1750-43c6-8fd3-7534bcd29787","local_time":"20210217104300","is_ascension_mode":true,"campfire_choices":[{"data":"Guardian:TwinSlam","floor":1.0,"key":"SMITH"},{"data":"Guardian:FuturePlans","floor":8.0,"key":"SMITH"},{"data":"Guardian:Repulse","floor":13.0,"key":"SMITH"},{"data":"Guardian:TimeSifter","floor":18.0,"key":"SMITH"}],"circlet_count":0,"master_deck":["Guardian:Strike_Guardian+1","Guardian:Strike_Guardian+1","Guardian:Defend_Guardian","Guardian:Defend_Guardian","Guardian:Defend_Guardian","Guardian:Defend_Guardian","Guardian:CurlUp","Guardian:TwinSlam+1","Guardian:ShieldCharger","Guardian:FuturePlans+1","Guardian:TemporalStrike","Guardian:SphericShield","Guardian:BodySlam","Doubt","Guardian:Repulse+1","Guardian:Gem_Green","Guardian:ShieldCharger","Guardian:TimeSifter+1","Guardian:EvasiveProtocol","Guardian:Gem_Orange","Guardian:Gem_Yellow"],"relics":["Guardian:ModeShifter","downfall:HeartsMalice","Whetstone","HornCleat","Cursed Key","Toxic Egg 2"],"acts_visited":["Exordium","TheCity"],"potions_floor_usage":[26],"damage_taken":[{"damage":0.0,"enemies":"Cultist","floor":2.0,"turns":1.0},{"damage":0.0,"enemies":"Jaw Worm","floor":3.0,"turns":1.0},{"damage":0.0,"enemies":"2 Louse","floor":4.0,"turns":1.0},{"damage":11.0,"enemies":"downfall:LooterAlt","floor":5.0,"turns":5.0},{"damage":12.0,"enemies":"Lagavulin","floor":6.0,"turns":8.0},{"damage":0.0,"enemies":"2 Fungi Beasts","floor":10.0,"turns":4.0},{"damage":0.0,"enemies":"Exordium Wildlife","floor":12.0,"turns":3.0},{"damage":0.0,"enemies":"downfall:LooterAlt","floor":14.0,"turns":4.0},{"damage":10.0,"enemies":"Large Slime","floor":15.0,"turns":5.0},{"damage":19.0,"enemies":"DF_ARCHETYPE_STREAMLINE","floor":16.0,"turns":9.0},{"damage":12.0,"enemies":"Chosen","floor":19.0,"turns":5.0},{"damage":0.0,"enemies":"downfall:FleeingMerchant","floor":22.0,"turns":4.0},{"damage":12.0,"enemies":"downfall:LooterAlt2","floor":25.0,"turns":4.0},{"damage":46,"enemies":"Book of Stabbing","floor":26,"turns":8}],"seed_played":"-743775198132629232","potions_obtained":[{"floor":6.0,"key":"Guardian:AcceleratePotion"},{"floor":12.0,"key":"Regen Potion"},{"floor":15.0,"key":"hexamod:SoulburnPotion"},{"floor":19.0,"key":"EssenceOfSteel"},{"floor":25.0,"key":"Ancient Potion"}],"is_trial":false,"path_per_floor":["R","M","M","M","M","E","T","R","?","M","?","M","R","M","M","B",null,"R","M","?","?","$","?","T","M","E"],"character_chosen":"GUARDIAN","items_purchased":["Toxic Egg 2"],"campfire_rested":0,"item_purchase_floors":[22],"current_hp_per_floor":[72,72,72,72,61,49,49,49,49,49,49,49,49,49,39,20,65,65,67,67,67,67,67,67,55,9,9,9],"gold":257,"neow_bonus":"THREE_ENEMY_KILL","is_daily":false,"chose_seed":false,"campfire_upgraded":4,"win_rate":0.0,"timestamp":1613547780,"path_taken":["R","M","M","M","M","E","T","R","?","M","?","M","R","M","M","BOSS","R","M","?","?","$","?","T","M","E"],"items_purchased_type":["Relic"],"build_version":"2020-12-22","purchased_purges":1,"victory":false,"max_hp_per_floor":[80,80,80,80,80,80,80,80,80,80,80,80,80,80,80,80,80,80,80,80,80,80,80,80,80,80,80,80],"relic_stats":{"counters":[14,59],"Whetstone":["Guardian:Strike_Guardian","Guardian:Strike_Guardian"],"Cursed Key":0,"obtain_stats":[{"HornCleat":7,"Guardian:ModeShifter":0,"downfall:HeartsMalice":0,"Whetstone":6,"Toxic Egg 2":22,"Cursed Key":17},{"HornCleat":5,"Guardian:ModeShifter":0,"downfall:HeartsMalice":0,"Whetstone":5,"Toxic Egg 2":12,"Cursed Key":10},{"HornCleat":13,"Guardian:ModeShifter":0,"downfall:HeartsMalice":0,"Whetstone":13,"Toxic Egg 2":47,"Cursed Key":38}]},"card_choices":[{"not_picked":["Guardian:Reroute","Guardian:Clone"],"picked":"Guardian:ShieldCharger","floor":2.0},{"not_picked":["Guardian:RollAttack","Guardian:BronzeArmor"],"picked":"Guardian:FuturePlans","floor":3.0},{"not_picked":["Guardian:PiercingHide","Guardian:VentSteam"],"picked":"Guardian:TemporalStrike","floor":4.0},{"not_picked":["Guardian:WalkerClaw","Guardian:PrimingBeam"],"picked":"Guardian:SphericShield","floor":5.0},{"not_picked":["Guardian:WalkerClaw","Guardian:GemFinder"],"picked":"Guardian:Gem_Red","floor":6.0},{"not_picked":["Guardian:PrismaticBeam","Guardian:RefractedBeam"],"picked":"Guardian:BodySlam","floor":10.0},{"not_picked":["Guardian:Suspension","Guardian:VentSteam"],"picked":"Guardian:Repulse","floor":12.0},{"not_picked":["Guardian:Gem_Lightblue","Guardian:Clone"],"picked":"Guardian:Gem_Green","floor":14.0},{"not_picked":["Guardian:PiercingHide","Guardian:CrystalBeam"],"picked":"Guardian:ShieldCharger","floor":15.0},{"not_picked":["Guardian:HyperBeam_Guardian","Guardian:StasisField"],"picked":"Guardian:TimeSifter","floor":16.0},{"not_picked":["Guardian:CrystalBeam+1","Guardian:Incinerate","Guardian:FuturePlans"],"picked":"SKIP","floor":19.0},{"not_picked":["Guardian:WalkerClaw","Guardian:Gem_Red"],"picked":"Guardian:EvasiveProtocol","floor":22.0},{"not_picked":["Guardian:Gem_Lightblue","Guardian:Gem_Cyan"],"picked":"Guardian:Gem_Yellow","floor":25.0}],"player_experience":759425,"relics_obtained":[{"floor":6.0,"key":"Whetstone"},{"floor":7.0,"key":"HornCleat"}],"event_choices":[{"damage_healed":0.0,"max_hp_gain":0.0,"max_hp_loss":0.0,"gold_gain":0.0,"event_name":"Vampires","player_choice":"Ignored","floor":21.0,"gold_loss":0.0,"damage_taken":0.0}],"is_beta":false,"boss_relics":[{"not_picked":["Velvet Choker","Snecko Eye"],"picked":"Cursed Key"}],"items_purged_floors":[22],"is_endless":false,"potions_floor_spawned":[6,12,15,16,19,25],"killed_by":"Book of Stabbing","ascension_level":7}}