{"host":"gk9qdtkqd8dwfeg2","time":1613556852,"event":{"mods":["Act Like it!","Aspiration","BaseMod","Colored Powertips","Gensokyo","Minty Spire (QoL Compilation)","Quick Restart","Replay The Spire","Shop Mod","StSLib","TestMod","The Servant 0.9.4","Waifu the Spire","WarShipGirlsR/’ΩΩ¢…Ÿ≈ÆR mod"],"gold_per_floor":[153,87,87,87,87,192,192,24,47,47,398,688,688,733,733,970,970,1009,286,325,370,370,370,469,469,469,562,562,562,933,1133,1133],"floor_reached":31,"language":"ZHS","playtime":953,"items_purged":[],"score":739,"play_id":"eb8a4393-901e-4f8e-b3ed-cb0abde070ac","local_time":"20210217181412","daily_mods":["Shiny","ControlledChaos","Midas"],"is_ascension_mode":true,"campfire_choices":[{"floor":7.0,"key":"REST"},{"floor":10.0,"key":"REST"},{"floor":13.0,"key":"REST"},{"floor":15.0,"key":"REST"},{"floor":23.0,"key":"REST"},{"floor":25.0,"key":"REST"}],"circlet_count":0,"master_deck":["AscendersBane","Sunlight","SilverMatrix","MurderousAura","LightFlow+1","Dilation","FlawlessForm","FloweringNight","Solidify","SoulSculpture","TrueSight","ForgedInTime+1","PendulumOfEternity+1","Initiator+1","Deny","KillingDoll","TheWorld+1","Alleviate","Gensokyo:CrescentMoonSlash","Rearm+1","Advance","TimeTheft","SoulSculpture","GearUp","ThirdEye+1","Gensokyo:MonkeysPaw"],"relics":["Uniform","Frozen Eye","testmod-TestBox","testmod-ArcanaOfDestiny","Gensokyo:OccultBall","Gremlin Food","MerchantsRug","Pen Nib","PreservedInsect","Blue Candle","aspiration:WatcherSkillbook","Medical Kit","ClockworkSouvenir","PrismaticShard","TheAbacus","Replay:WaspNest","Replay:Accelerometer","White Beast Statue","Nunchaku","testmod-Antiphasic","Incense Burner","Art of War"],"acts_visited":["Exordium","Gensokyo:Gensokyo"],"potions_floor_usage":[],"damage_taken":[{"damage":0.0,"enemies":"Gensokyo:2_Kodama","floor":1.0,"turns":2.0},{"damage":19.0,"enemies":"Gensokyo:Aya","floor":6.0,"turns":4.0},{"damage":41.0,"enemies":"Gensokyo:Python","floor":11.0,"turns":4.0},{"damage":0.0,"enemies":"Gensokyo:Cirno","floor":12.0,"turns":7.0},{"damage":0.0,"enemies":"Gensokyo:3_Fairies","floor":14.0,"turns":2.0},{"damage":0.0,"enemies":"Gensokyo:Yukari","floor":16.0,"turns":8.0},{"damage":0.0,"enemies":"Gensokyo:2_Gloops","floor":18.0,"turns":3.0},{"damage":7.0,"enemies":"Gensokyo:CosmicMonolith","floor":20.0,"turns":2.0},{"damage":0.0,"enemies":"Gensokyo:Wraith","floor":21.0,"turns":2.0},{"damage":3.0,"enemies":"Gensokyo:Koishi","floor":24.0,"turns":4.0},{"damage":15.0,"enemies":"Gensokyo:Reisen","floor":27.0,"turns":3.0},{"damage":34.0,"enemies":"Gensokyo:Koishi","floor":30.0,"turns":4.0},{"damage":18,"enemies":"Gensokyo:Monolith_and_Dog","floor":31,"turns":3}],"seed_played":"1949961844405495344","potions_obtained":[{"floor":6.0,"key":"SkillPotion"},{"floor":16.0,"key":"SpeedPotion"},{"floor":18.0,"key":"ColorlessPotion"},{"floor":27.0,"key":"Fruit Juice"},{"floor":30.0,"key":"Milkshake"}],"is_trial":true,"path_per_floor":["M","COS","?","?","?","E","R","$","T","R","M","E","R","M","R","B",null,"M","COS","M","M","?","R","E","R","T","E","?","?","E","M"],"character_chosen":"THE_SERVANT","items_purchased":["MerchantsRug"],"campfire_rested":6,"item_purchase_floors":[8],"current_hp_per_floor":[54,54,54,42,45,26,44,44,44,60,19,19,37,37,55,55,59,59,59,52,52,52,54,51,54,54,44,44,47,18,0,0],"gold":1133,"neow_bonus":"","is_daily":false,"chose_seed":false,"campfire_upgraded":0,"win_rate":0.0,"timestamp":1613556852,"path_taken":["M","COS","?","?","?","E","R","$","T","R","?","E","R","M","R","BOSS","M","COS","M","?","?","R","E","R","T","E","?","?","E","M"],"items_purchased_type":["Relic"],"build_version":"2020-12-22","purchased_purges":0,"victory":false,"max_hp_per_floor":[60,60,60,60,60,60,60,60,60,60,60,60,60,60,60,60,60,60,60,60,60,54,54,54,54,54,59,52,52,57,57,57],"card_choices":[{"not_picked":["Potential","Unruled"],"picked":"Alleviate","floor":1.0},{"not_picked":["Sabotage","Potential"],"picked":"Rearm","floor":6.0},{"not_picked":["Revamp","SilverBlades","Replace"],"picked":"SKIP","floor":11.0},{"not_picked":["Defy","Rewind"],"picked":"Advance","floor":12.0},{"not_picked":["TimeWarp","Rewind"],"picked":"TimeTheft","floor":14.0},{"not_picked":["ForgedInTime","Sunlight"],"picked":"SoulSculpture","floor":16.0},{"not_picked":["Potential","TimeWarp","Spin+1"],"picked":"GearUp","floor":18.0},{"not_picked":["Prepared","Beam Cell","Revamp","BowlingBash"],"picked":"SKIP","floor":20.0},{"not_picked":["WindmillStrike","rmod:aluminumsupply","EmptyFist","Clothesline"],"picked":"SKIP","floor":21.0},{"not_picked":["ReplayTheSpireMod:Limb From Limb+1","Fission","testmod-Automaton","rmod:ring"],"picked":"SKIP","floor":24.0},{"not_picked":["DoubleEdge+1","FastForward","rmod:wolves"],"picked":"ThirdEye+1","floor":27.0},{"not_picked":["Gensokyo:SlitMouthedWoman","Gensokyo:MenInBlack","Gensokyo:GapWoman"],"picked":"Gensokyo:MonkeysPaw","floor":28.0},{"not_picked":["Panacea","Hightail","FIFO Queue","Sucker Punch"],"picked":"SKIP","floor":30.0}],"player_experience":746403,"relics_obtained":[{"floor":6.0,"key":"Gremlin Food"},{"floor":9.0,"key":"Pen Nib"},{"floor":12.0,"key":"Blue Candle"},{"floor":16.0,"key":"Gensokyo:OccultBall"},{"floor":24.0,"key":"Gensokyo:OccultBall"},{"floor":24.0,"key":"Replay:Accelerometer"},{"floor":26.0,"key":"White Beast Statue"},{"floor":27.0,"key":"testmod-Antiphasic"},{"floor":30.0,"key":"Art of War"}],"event_choices":[],"is_beta":false,"boss_relics":[{"not_picked":["testmod-SaigiyounoYou","testmod-KeyOfTheVoid"],"picked":"aspiration:WatcherSkillbook"}],"items_purged_floors":[],"is_endless":false,"potions_floor_spawned":[6,16,18,21,27,30],"killed_by":"Gensokyo:Monolith_and_Dog","ascension_level":20}}