{"host":"7zq0fgva91iwgkd5","time":1613578351,"event":{"mods":["AchievementEnabler","BaseMod","Bestiary","Card Forge","Colored Map","Curses Come First","DeckTracker","Minty Spire (QoL Compilation)","Quick Restart","Rare Cards Sparkle","Remove Card Discount Mod","StSLib"],"gold_per_floor":[109,125,137,149,149,149,174,174,174,186,210,222,262,285,297,406,418,445,457,469,35,61,96,115,131,156,186,198,224,224,235,235,336,336,355,374,74,74,74,108,0,35,35,70,90,90,119,132,132,132],"floor_reached":51,"language":"ENG","playtime":2018,"items_purged":[],"score":1081,"play_id":"51fca6df-186d-46f1-bc9b-b2a7fa88a5f6","local_time":"20210217171231","is_ascension_mode":true,"campfire_choices":[{"data":"Double Energy","floor":6,"key":"SMITH"},{"data":"Rainbow","floor":10,"key":"SMITH"},{"data":"Streamline","floor":12,"key":"SMITH"},{"floor":15,"key":"REST"},{"floor":30,"key":"REST"},{"floor":32,"key":"REST"}],"circlet_count":0,"master_deck":["Strike_B+1","Strike_B+1","Defend_B+1","Defend_B+1","Defend_B+1","Zap+1","Dualcast+1","Sweeping Beam+1","Self Repair+1","Melter+1","Hyperbeam+1","Core Surge+1","Echo Form+1","Ball Lightning+1","Auto Shields+1","Leap+1","Streamline+1","Rebound+1","Redo+1","Double Energy+1","Rainbow+1","Streamline+1","Sweeping Beam+1","Buffer+1","Electrodynamics+1","Seek+1","Multi-Cast+1","Compile Driver+1","Rip and Tear+1","Conserve Battery+1","Leap+1","Undo+1","Tempest+1","Redo+1","Loop+1","Transmutation+1","Madness+1","Madness+1"],"relics":["Cracked Core","Hammer of Thor","Seething Fire","Anvil of the Gods","Matryoshka","MawBank","HornCleat","Toxic Egg 2","Cursed Key","Vajra","ClockworkSouvenir","Lantern","Anchor","Centennial Puzzle","Meat on the Bone","Dream Catcher","Happy Flower","MealTicket","Coffee Dripper","Calipers","Juzu Bracelet","Red Mask","Bottled Lightning","Ice Cream","Blue Candle","Ornamental Fan"],"acts_visited":["Exordium","TheCity","TheBeyond"],"potions_floor_usage":[13,33,42,44,47,48],"damage_taken":[{"damage":0,"enemies":"Small Slimes","floor":1,"turns":1},{"damage":0,"enemies":"2 Louse","floor":2,"turns":1},{"damage":0,"enemies":"Jaw Worm","floor":3,"turns":1},{"damage":0,"enemies":"3 Louse","floor":4,"turns":2},{"damage":0,"enemies":"Gremlin Nob","floor":7,"turns":2},{"damage":12,"enemies":"Blue Slaver","floor":11,"turns":2},{"damage":16,"enemies":"3 Sentries","floor":13,"turns":4},{"damage":6,"enemies":"Exordium Wildlife","floor":14,"turns":2},{"damage":10,"enemies":"The Guardian","floor":16,"turns":7},{"damage":0,"enemies":"3 Byrds","floor":18,"turns":4},{"damage":7,"enemies":"Slavers","floor":23,"turns":3},{"damage":0,"enemies":"2 Thieves","floor":24,"turns":2},{"damage":0,"enemies":"Sentry and Sphere","floor":25,"turns":2},{"damage":0,"enemies":"Gremlin Leader","floor":27,"turns":4},{"damage":0,"enemies":"Chosen and Byrds","floor":28,"turns":3},{"damage":22,"enemies":"Slavers","floor":29,"turns":2},{"damage":0,"enemies":"Centurion and Healer","floor":31,"turns":2},{"damage":0,"enemies":"Collector","floor":33,"turns":7},{"damage":0,"enemies":"Orb Walker","floor":35,"turns":2},{"damage":0,"enemies":"3 Shapes","floor":36,"turns":3},{"damage":16,"enemies":"Giant Head","floor":40,"turns":7},{"damage":26,"enemies":"Nemesis","floor":42,"turns":4},{"damage":22,"enemies":"Giant Head","floor":44,"turns":6},{"damage":0,"enemies":"Sphere and 2 Shapes","floor":45,"turns":2},{"damage":0,"enemies":"Reptomancer","floor":47,"turns":4},{"damage":0,"enemies":"Maw","floor":48,"turns":5},{"damage":19,"enemies":"Time Eater","floor":50,"turns":7}],"seed_played":"8169192336469753906","potions_obtained":[{"floor":1,"key":"SkillPotion"},{"floor":7,"key":"Ancient Potion"},{"floor":16,"key":"Weak Potion"},{"floor":24,"key":"Swift Potion"},{"floor":28,"key":"Fire Potion"},{"floor":40,"key":"Fire Potion"},{"floor":44,"key":"Ancient Potion"},{"floor":45,"key":"BlessingOfTheForge"},{"floor":48,"key":"DuplicationPotion"}],"is_trial":false,"path_per_floor":["M","M","M","M","?","R","E","?","T","R","M","R","E","M","R","B",null,"M","?","?","$","T","E","M","M","T","E","M","E","R","M","R","B",null,"M","M","$","?","?","E","?","E","T","E","M","$","E","M","R","B",null],"character_chosen":"DEFECT","items_purchased":["Vajra","ClockworkSouvenir","Lantern","Calipers"],"campfire_rested":3,"item_purchase_floors":[21,21,21,37],"current_hp_per_floor":[82,82,82,82,82,82,82,82,82,82,80,80,74,68,82,82,82,82,82,82,82,82,82,82,82,82,82,82,60,82,82,82,82,82,82,82,82,82,72,66,66,62,62,62,62,77,82,82,82,73],"gold":132,"neow_bonus":"TEN_PERCENT_HP_BONUS","is_daily":false,"chose_seed":false,"campfire_upgraded":3,"win_rate":0.0,"timestamp":1613578351,"path_taken":["M","M","M","M","?","R","E","?","T","R","?","R","E","M","R","BOSS","M","?","?","$","?","E","M","M","T","E","M","E","R","?","R","BOSS","M","M","$","?","?","E","?","E","T","E","M","?","E","M","R","BOSS"],"items_purchased_type":["Relic","Relic","Relic","Relic"],"build_version":"2020-12-22","purchased_purges":0,"victory":true,"max_hp_per_floor":[82,82,82,82,82,82,82,82,82,82,82,82,82,82,82,82,82,82,82,82,82,82,82,82,82,82,82,82,82,82,82,82,82,82,82,82,82,82,82,82,82,82,82,82,82,82,82,82,82,82],"card_choices":[{"not_picked":["Chill","Barrage"],"picked":"Rebound","floor":1},{"not_picked":["Gash","Force Field"],"picked":"Redo","floor":2},{"not_picked":["Static Discharge","Conserve Battery","Barrage"],"picked":"SKIP","floor":3},{"not_picked":["Gash","Biased Cognition"],"picked":"Double Energy","floor":4},{"not_picked":["Stack","Go for the Eyes"],"picked":"Rainbow","floor":7},{"not_picked":["Beam Cell","Lockon"],"picked":"Streamline","floor":11},{"not_picked":["Rebound","Gash"],"picked":"Sweeping Beam","floor":13},{"not_picked":["Force Field+1","Beam Cell","Recycle+1"],"picked":"SKIP","floor":14},{"not_picked":["All For One","Core Surge"],"picked":"Multi-Cast+1","floor":16},{"not_picked":["Streamline","Cold Snap"],"picked":"Compile Driver+1","floor":18},{"not_picked":["Redo+1","Stack+1"],"picked":"Rip and Tear+1","floor":23},{"not_picked":["Consume+1","Coolheaded+1"],"picked":"Conserve Battery+1","floor":24},{"not_picked":["Beam Cell","Blizzard","Genetic Algorithm+1"],"picked":"SKIP","floor":25},{"not_picked":["Seek+1","Sweeping Beam","Ball Lightning"],"picked":"SKIP","floor":27},{"not_picked":["Barrage","Core Surge"],"picked":"Leap+1","floor":28},{"not_picked":["Steam+1","Cold Snap"],"picked":"Undo+1","floor":29},{"not_picked":["Turbo+1","Rip and Tear+1"],"picked":"Tempest+1","floor":31},{"not_picked":["Leap+1","Rebound+1"],"picked":"Redo+1","floor":32},{"not_picked":["Compile Driver","Barrage"],"picked":"Loop+1","floor":35},{"not_picked":["Coolheaded+1","Turbo+1","Barrage"],"picked":"SKIP","floor":36},{"not_picked":["Metamorphosis+1","Chrysalis+1"],"picked":"Transmutation+1","floor":38},{"not_picked":["Force Field+1","Ball Lightning","Sweeping Beam+1"],"picked":"SKIP","floor":40},{"not_picked":["Fission+1","Compile Driver+1","Reprogram+1"],"picked":"SKIP","floor":42},{"not_picked":["Stack+1","Rebound","Hologram+1"],"picked":"SKIP","floor":44},{"not_picked":["Scrape+1","Steam+1","Skim+1"],"picked":"SKIP","floor":45},{"not_picked":["Cold Snap+1","Hologram+1","Fission+1"],"picked":"SKIP","floor":47},{"not_picked":["Gash+1","Rebound","Force Field+1"],"picked":"SKIP","floor":48}],"player_experience":177320,"relics_obtained":[{"floor":7,"key":"Matryoshka"},{"floor":9,"key":"MawBank"},{"floor":9,"key":"HornCleat"},{"floor":13,"key":"Toxic Egg 2"},{"floor":22,"key":"Anchor"},{"floor":22,"key":"Centennial Puzzle"},{"floor":23,"key":"Meat on the Bone"},{"floor":26,"key":"Dream Catcher"},{"floor":27,"key":"Happy Flower"},{"floor":29,"key":"MealTicket"},{"floor":40,"key":"Juzu Bracelet"},{"floor":42,"key":"Bottled Lightning"},{"floor":43,"key":"Ice Cream"},{"floor":44,"key":"Blue Candle"},{"floor":47,"key":"Ornamental Fan"}],"event_choices":[{"damage_healed":0,"gold_gain":0,"player_choice":"Leave","damage_taken":0,"max_hp_gain":0,"max_hp_loss":0,"event_name":"The Cleric","floor":5,"gold_loss":0},{"damage_healed":0,"gold_gain":0,"player_choice":"Ignored","damage_taken":0,"max_hp_gain":0,"max_hp_loss":0,"event_name":"Liars Game","floor":8,"gold_loss":0},{"damage_healed":0,"gold_gain":0,"player_choice":"Ignored","damage_taken":0,"max_hp_gain":0,"max_hp_loss":0,"event_name":"Vampires","floor":19,"gold_loss":0},{"damage_healed":0,"gold_gain":0,"player_choice":"Ignored","damage_taken":0,"max_hp_gain":0,"max_hp_loss":0,"event_name":"Ghosts","floor":20,"gold_loss":0},{"damage_healed":0,"gold_gain":0,"player_choice":"Memory 1","damage_taken":0,"max_hp_gain":0,"max_hp_loss":0,"event_name":"SensoryStone","floor":38,"gold_loss":0},{"damage_healed":0,"gold_gain":0,"player_choice":"Embrace Madness","damage_taken":10,"max_hp_gain":0,"max_hp_loss":0,"event_name":"Winding Halls","floor":39,"gold_loss":0,"cards_obtained":["Madness","Madness"]},{"damage_healed":0,"gold_gain":0,"player_choice":"Paid","damage_taken":0,"relics_obtained":["Red Mask"],"max_hp_gain":0,"max_hp_loss":0,"event_name":"Tomb of Lord Red Mask","floor":41,"gold_loss":108}],"is_beta":false,"boss_relics":[{"not_picked":["Ectoplasm","FrozenCore"],"picked":"Cursed Key"},{"not_picked":["SacredBark","Black Star"],"picked":"Coffee Dripper"}],"items_purged_floors":[],"is_endless":false,"potions_floor_spawned":[1,7,16,24,28,31,40,44,45,48],"ascension_level":1}}