{"host":"qy1e0kd24tpj3i2m","time":1613587038,"event":{"mods":["Act Like it!","BaseMod","Better Skull","Better Vampires","Colored Map","Colored Powertips","Curses Come First","Custom Start","Displayed Cursed Tome","Extra Virgin Snecko Oil","Faster Ascension Climbing","Friendly Minions","GifTheSpireLib","Gremlin Skip","Highlight Path","Minty Spire (QoL Compilation)","Permanent Neow","Poor People Problems","Quick Restart","Red Circlet Mod","Relic Filter Mod","Relic Sorter","Reorder Act Four","SacredBarkPlus","Shop Mod","StSLib","SuperFastMode","Transform Curses","没有小屋子和绿帽子啦"],"gold_per_floor":[114,114,39,111,111,111,111,111],"floor_reached":7,"language":"ZHS","playtime":140,"items_purged":["Dualcast"],"score":74,"play_id":"46b48269-65b1-4424-a27f-269fe00e5191","local_time":"20210218033718","is_ascension_mode":true,"campfire_choices":[{"data":"BootSequence","floor":6,"key":"SMITH"}],"circlet_count":0,"master_deck":["AscendersBane","Strike_B","Strike_B","Strike_B","Strike_B","Defend_B","Defend_B","Defend_B","Defend_B","Zap","Heatsinks","Machine Learning","BootSequence+1","Steam"],"relics":["Black Star","Meat on the Bone"],"acts_visited":["Exordium"],"potions_floor_usage":[],"damage_taken":[{"damage":5.0,"enemies":"Small Slimes","floor":1.0,"turns":4.0},{"damage":32,"enemies":"Gremlin Nob","floor":7,"turns":4}],"seed_played":"2084531716797636202","potions_obtained":[{"floor":1.0,"key":"EssenceOfDarkness"}],"is_trial":false,"path_per_floor":["M","?","$","T","$","R","E"],"character_chosen":"DEFECT","items_purchased":[],"campfire_rested":0,"item_purchase_floors":[],"current_hp_per_floor":[59,59,59,59,59,59,27,27],"gold":111,"neow_bonus":"BOSS_RELIC","is_daily":false,"chose_seed":false,"campfire_upgraded":1,"win_rate":0.0,"timestamp":1613587038,"path_taken":["M","?","$","?","?","R","E"],"items_purchased_type":[],"build_version":"2020-12-22","purchased_purges":1,"victory":false,"max_hp_per_floor":[71,71,71,71,71,71,71,71],"card_choices":[{"not_picked":["Loop","Ball Lightning"],"picked":"Heatsinks","floor":1.0}],"player_experience":895636,"relics_obtained":[{"floor":4,"key":"Meat on the Bone"}],"event_choices":[{"damage_healed":0,"gold_gain":0,"player_choice":"3 cards matched","damage_taken":0,"max_hp_gain":0,"max_hp_loss":0,"event_name":"Match and Keep!","floor":2,"gold_loss":0,"cards_obtained":["Machine Learning","BootSequence","Steam"]}],"is_beta":false,"boss_relics":[],"items_purged_floors":[3],"is_endless":false,"potions_floor_spawned":[1],"killed_by":"Gremlin Nob","ascension_level":20}}