{"host":"vl29iwkwnyytuw8q","time":1613605736,"event":{"mods":["BaseMod","Minty Spire (QoL Compilation)","Permanent Neow","Relic Stats","StSLib"],"gold_per_floor":[115,128,6,18,18,18,43,43,43,43,43,43,43,53,53,128,128,145,62,62,74,93,93,422,422,422,422,422,457,476,509,509,585,585,598,598,598,623,233,267,267,281,329,329,348,362,33,44,44,44],"floor_reached":51,"language":"ENG","playtime":1816,"items_purged":["Anger+1"],"score":1549,"play_id":"b4082a88-650c-412e-a045-34ea0dafd2ae","local_time":"20210218004856","is_ascension_mode":true,"campfire_choices":[{"data":"Uppercut","floor":6,"key":"SMITH"},{"data":"True Grit","floor":10,"key":"SMITH"},{"data":"Disarm","floor":12,"key":"SMITH"},{"floor":15,"key":"REST"},{"data":"Flame Barrier","floor":23,"key":"SMITH"},{"data":"Flame Barrier","floor":25,"key":"SMITH"},{"data":"Spot Weakness","floor":27,"key":"SMITH"},{"data":"Sword Boomerang","floor":32,"key":"SMITH"},{"data":"Bludgeon","floor":41,"key":"SMITH"},{"data":"Battle Trance","floor":49,"key":"SMITH"}],"circlet_count":0,"master_deck":["AscendersBane","Bash+1","Flame Barrier+1","Sentinel+1","Flame Barrier+1","Spot Weakness+1","Rage","Fire Breathing","Reaper","Fire Breathing","Power Through+1","Sword Boomerang+1","Disarm+1","Shockwave+1","Uppercut+1","Shrug It Off","True Grit+1","Wild Strike","Barricade","Battle Trance+1","Inflame+1","Spot Weakness+1","Corruption","Offering+1","Shrug It Off","Battle Trance+1","Bludgeon+1","Dark Embrace","Shrug It Off","Shrug It Off"],"relics":["Pandora\u0027s Box","Calipers","InkBottle","Champion Belt","Snecko Eye","Old Coin","Darkstone Periapt","Boot","Oddly Smooth Stone","Coffee Dripper","Torii","Ginger","Strawberry","Pen Nib","War Paint","OrangePellets"],"acts_visited":["Exordium","TheCity","TheBeyond"],"potions_floor_usage":[18,31,40,50],"damage_taken":[{"damage":5,"enemies":"Jaw Worm","floor":1,"turns":6},{"damage":2,"enemies":"Small Slimes","floor":2,"turns":4},{"damage":0,"enemies":"2 Louse","floor":4,"turns":4},{"damage":4,"enemies":"Lagavulin","floor":7,"turns":7},{"damage":2,"enemies":"2 Fungi Beasts","floor":14,"turns":4},{"damage":10,"enemies":"Hexaghost","floor":16,"turns":10},{"damage":16,"enemies":"2 Thieves","floor":18,"turns":4},{"damage":0,"enemies":"Spheric Guardian","floor":21,"turns":5},{"damage":13,"enemies":"Snake Plant","floor":22,"turns":5},{"damage":20,"enemies":"Slavers","floor":24,"turns":4},{"damage":0,"enemies":"Book of Stabbing","floor":29,"turns":5},{"damage":0,"enemies":"Centurion and Healer","floor":30,"turns":5},{"damage":26,"enemies":"Slavers","floor":31,"turns":4},{"damage":20,"enemies":"Collector","floor":33,"turns":9},{"damage":0,"enemies":"3 Shapes","floor":35,"turns":3},{"damage":6,"enemies":"Mind Bloom Boss Battle","floor":38,"turns":5},{"damage":0,"enemies":"Nemesis","floor":40,"turns":7},{"damage":22,"enemies":"3 Darklings","floor":42,"turns":3},{"damage":7,"enemies":"4 Shapes","floor":45,"turns":4},{"damage":1,"enemies":"Writhing Mass","floor":46,"turns":3},{"damage":6,"enemies":"3 Darklings","floor":48,"turns":2},{"damage":33,"enemies":"Time Eater","floor":50,"turns":7}],"seed_played":"5605485442960366989","potions_obtained":[{"floor":7,"key":"PowerPotion"},{"floor":14,"key":"Strength Potion"},{"floor":22,"key":"BlessingOfTheForge"},{"floor":31,"key":"LiquidMemories"},{"floor":38,"key":"GamblersBrew"},{"floor":48,"key":"SkillPotion"}],"is_trial":false,"path_per_floor":["M","M","$","M","?","R","E","?","T","R","?","R","?","M","R","B",null,"M","$","?","M","M","R","E","R","T","R","?","E","M","E","R","B",null,"M","?","?","?","$","E","R","M","T","?","M","M","$","M","R","B",null],"character_chosen":"IRONCLAD","items_purchased":["Shockwave","Uppercut","Battle Trance","Ginger","War Paint","OrangePellets"],"campfire_rested":1,"item_purchase_floors":[3,3,19,39,47,47],"current_hp_per_floor":[67,73,73,75,75,75,71,48,48,48,48,48,30,28,50,56,70,54,54,54,61,48,48,49,49,49,49,49,52,65,67,67,75,75,75,75,71,71,71,78,78,56,56,56,78,77,77,71,71,38],"gold":44,"neow_bonus":"BOSS_RELIC","is_daily":false,"chose_seed":false,"campfire_upgraded":9,"win_rate":0.0,"timestamp":1613605736,"path_taken":["M","M","$","M","?","R","E","?","T","R","?","R","?","M","R","BOSS","M","$","?","M","M","R","E","R","T","R","?","E","?","E","R","BOSS","M","?","?","?","$","E","R","M","T","?","M","M","$","M","R","BOSS"],"items_purchased_type":["Card","Card","Card","Relic","Relic","Relic"],"build_version":"2020-12-22","purchased_purges":1,"victory":true,"max_hp_per_floor":[75,75,75,75,75,75,75,75,75,75,75,75,75,75,75,75,75,75,75,75,75,75,75,75,75,75,75,75,75,75,75,75,75,75,75,75,71,71,71,78,78,78,78,78,78,78,78,78,78,78],"relic_stats":{"Darkstone Periapt":0,"Torii":5,"counters":[22,110],"Pen Nib":[2],"Ginger":[1],"War Paint":["Sentinel","Offering"],"Boot":[0],"OrangePellets":[4],"Snecko Eye":[147,130,126,135],"Pandora\u0027s Box":["Flame Barrier","Sentinel","Flame Barrier","Spot Weakness","Rage","Fire Breathing","Reaper","Fire Breathing","Power Through"],"Champion Belt":[50],"obtain_stats":[{"Darkstone Periapt":26,"Calipers":7,"Torii":38,"Oddly Smooth Stone":31,"Pen Nib":43,"Ginger":39,"War Paint":47,"Boot":29,"Burning Blood":0,"Old Coin":24,"OrangePellets":47,"Strawberry":40,"Snecko Eye":17,"Pandora\u0027s Box":0,"Coffee Dripper":34,"Champion Belt":13,"InkBottle":9},{"Darkstone Periapt":10,"Calipers":4,"Torii":16,"Oddly Smooth Stone":13,"Pen Nib":18,"Ginger":16,"War Paint":20,"Boot":11,"Burning Blood":0,"Old Coin":10,"OrangePellets":20,"Strawberry":17,"Snecko Eye":6,"Pandora\u0027s Box":0,"Coffee Dripper":14,"Champion Belt":4,"InkBottle":4},{"Darkstone Periapt":53,"Calipers":21,"Torii":84,"Oddly Smooth Stone":67,"Pen Nib":94,"Ginger":84,"War Paint":101,"Boot":58,"Burning Blood":0,"Old Coin":53,"OrangePellets":101,"Strawberry":91,"Snecko Eye":35,"Pandora\u0027s Box":0,"Coffee Dripper":76,"Champion Belt":21,"InkBottle":21}],"InkBottle":[21]},"card_choices":[{"not_picked":["Shrug It Off","Seeing Red"],"picked":"Sword Boomerang","floor":1},{"not_picked":["Perfected Strike","Cleave"],"picked":"Disarm","floor":2},{"not_picked":["Sword Boomerang","Havoc"],"picked":"Shrug It Off","floor":4},{"not_picked":["Fire Breathing","Rage"],"picked":"True Grit","floor":7},{"not_picked":["Anger","Body Slam"],"picked":"Wild Strike","floor":14},{"not_picked":["Demon Form","Impervious"],"picked":"Barricade","floor":16},{"not_picked":["Rupture","Flex","Sword Boomerang"],"picked":"SKIP","floor":18},{"not_picked":["Fire Breathing+1","Clothesline"],"picked":"Inflame+1","floor":21},{"not_picked":["Bloodletting","Flex"],"picked":"Anger+1","floor":22},{"not_picked":["Flex","Rupture"],"picked":"Spot Weakness","floor":24},{"not_picked":["Flex","Armaments","Havoc+1"],"picked":"SKIP","floor":29},{"not_picked":["Body Slam","Armaments","Second Wind"],"picked":"SKIP","floor":30},{"not_picked":["Pommel Strike+1","Headbutt"],"picked":"Corruption","floor":31},{"not_picked":["Double Tap","Feed"],"picked":"Offering","floor":33},{"not_picked":["Clash","Warcry"],"picked":"Shrug It Off","floor":35},{"not_picked":["Whirlwind","Havoc"],"picked":"Battle Trance+1","floor":38},{"not_picked":["Clash","Carnage"],"picked":"Bludgeon","floor":40},{"not_picked":["Sever Soul","Flame Barrier"],"picked":"Dark Embrace","floor":42},{"not_picked":["Hemokinesis","Thunderclap+1","Shrug It Off"],"picked":"SKIP","floor":45},{"not_picked":["Sentinel","Wild Strike"],"picked":"Shrug It Off","floor":46},{"not_picked":["Heavy Blade+1","Armaments"],"picked":"Shrug It Off","floor":48}],"player_experience":698206,"relics_obtained":[{"floor":7,"key":"Calipers"},{"floor":9,"key":"InkBottle"},{"floor":24,"key":"Old Coin"},{"floor":26,"key":"Darkstone Periapt"},{"floor":29,"key":"Boot"},{"floor":31,"key":"Oddly Smooth Stone"},{"floor":38,"key":"Torii"},{"floor":40,"key":"Strawberry"},{"floor":43,"key":"Pen Nib"}],"event_choices":[{"damage_healed":0,"gold_gain":0,"player_choice":"Ignored","damage_taken":0,"max_hp_gain":0,"max_hp_loss":0,"event_name":"Liars Game","floor":5,"gold_loss":0},{"damage_healed":0,"gold_gain":0,"player_choice":"Entered Light","damage_taken":23,"max_hp_gain":0,"max_hp_loss":0,"event_name":"Shining Light","floor":8,"gold_loss":0,"cards_upgraded":["Bash","Shockwave"]},{"damage_healed":0,"gold_gain":0,"player_choice":"Grow","damage_taken":0,"max_hp_gain":0,"max_hp_loss":0,"event_name":"Living Wall","floor":11,"gold_loss":0,"cards_upgraded":["Spot Weakness"]},{"damage_healed":0,"gold_gain":0,"player_choice":"Success","damage_taken":18,"relics_obtained":["Champion Belt"],"max_hp_gain":0,"max_hp_loss":0,"event_name":"Scrap Ooze","floor":13,"gold_loss":0},{"damage_healed":0,"gold_gain":0,"player_choice":"Upgraded","damage_taken":0,"max_hp_gain":0,"max_hp_loss":0,"event_name":"Upgrade Shrine","floor":28,"gold_loss":0,"cards_upgraded":["Power Through"]},{"damage_healed":0,"gold_gain":0,"player_choice":"Ignored","damage_taken":0,"max_hp_gain":0,"max_hp_loss":0,"event_name":"Tomb of Lord Red Mask","floor":36,"gold_loss":0},{"damage_healed":0,"gold_gain":0,"player_choice":"Max HP","damage_taken":0,"max_hp_gain":0,"max_hp_loss":4,"event_name":"Winding Halls","floor":37,"gold_loss":0},{"damage_healed":0,"gold_gain":0,"player_choice":"Fight","damage_taken":0,"max_hp_gain":0,"max_hp_loss":0,"event_name":"MindBloom","floor":38,"gold_loss":0},{"damage_healed":0,"gold_gain":0,"player_choice":"Memory 1","damage_taken":0,"max_hp_gain":0,"max_hp_loss":0,"event_name":"SensoryStone","floor":44,"gold_loss":0}],"is_beta":false,"boss_relics":[{"not_picked":["SlaversCollar","Runic Pyramid"],"picked":"Snecko Eye"},{"not_picked":["Fusion Hammer","Runic Cube"],"picked":"Coffee Dripper"}],"items_purged_floors":[39],"is_endless":false,"potions_floor_spawned":[7,14,16,22,29,31,33,35,38,48],"ascension_level":19}}