{"host":"2fgwwnzqc97k7iys","time":1613524188,"event":{"mods":["BaseMod","Colored Map","Minty Spire (QoL Compilation)","Quick Restart","Relic Stats"],"gold_per_floor":[13,25,45,57,57,57,84,84,108,63,86,86,86,86,86,86,86],"floor_reached":16,"language":"ENG","playtime":546,"items_purged":[],"score":147,"play_id":"4135fed4-f07d-4fc8-b82d-54b84420c3f3","local_time":"20210216190948","is_ascension_mode":true,"campfire_choices":[{"data":"Genetic Algorithm","floor":6,"key":"SMITH"},{"data":"Genetic Algorithm","floor":8,"key":"SMITH"},{"floor":12,"key":"REST"},{"data":"Go for the Eyes","floor":15,"key":"SMITH"}],"circlet_count":0,"master_deck":["AscendersBane","Strike_B","Strike_B","Strike_B","Defend_B","Defend_B","Defend_B","Zap","Dualcast","Gash","Genetic Algorithm+1","Genetic Algorithm+1","Go for the Eyes+1"],"relics":["Cracked Core","PreservedInsect","Nunchaku","Juzu Bracelet","Golden Idol"],"acts_visited":[],"potions_floor_usage":[4,7,16],"damage_taken":[{"damage":3,"enemies":"2 Louse","floor":1,"turns":3},{"damage":7,"enemies":"Jaw Worm","floor":2,"turns":3},{"damage":5,"enemies":"Small Slimes","floor":3,"turns":3},{"damage":24,"enemies":"Exordium Wildlife","floor":4,"turns":5},{"damage":25,"enemies":"Gremlin Nob","floor":7,"turns":4},{"damage":25,"enemies":"Hexaghost","floor":16,"turns":9}],"seed_played":"2553399264213043032","potions_obtained":[{"floor":2,"key":"SkillPotion"},{"floor":3,"key":"Strength Potion"},{"floor":7,"key":"Swift Potion"}],"is_trial":false,"path_per_floor":["M","M","M","M","?","R","E","R","T","?","T","R","?","?","R","B"],"character_chosen":"DEFECT","items_purchased":[],"campfire_rested":1,"item_purchase_floors":[],"current_hp_per_floor":[65,58,53,29,29,29,4,4,4,4,4,26,26,26,26,1,1],"gold":86,"neow_bonus":"REMOVE_TWO","is_daily":false,"chose_seed":false,"campfire_upgraded":3,"win_rate":0.0,"timestamp":1613524188,"path_taken":["M","M","M","M","?","R","E","R","T","?","?","R","?","?","R","BOSS"],"items_purchased_type":[],"build_version":"2020-12-22","purchased_purges":0,"victory":false,"max_hp_per_floor":[75,75,75,75,75,75,75,75,75,75,75,75,69,69,69,69,69],"relic_stats":{"Nunchaku":[1],"counters":[6,27],"Golden Idol":0,"PreservedInsect":0,"Juzu Bracelet":1,"obtain_stats":[{"Nunchaku":9,"Golden Idol":13,"PreservedInsect":7,"Juzu Bracelet":11,"Cracked Core":0},{"Nunchaku":5,"Golden Idol":5,"PreservedInsect":5,"Juzu Bracelet":5,"Cracked Core":0},{"Nunchaku":18,"Golden Idol":18,"PreservedInsect":18,"Juzu Bracelet":18,"Cracked Core":0}]},"card_choices":[{"not_picked":["Reinforced Body","Conserve Battery"],"picked":"Gash","floor":1},{"not_picked":["Cold Snap","Sweeping Beam"],"picked":"Genetic Algorithm","floor":2},{"not_picked":["Hello World","Aggregate"],"picked":"Genetic Algorithm","floor":3},{"not_picked":["Stack","Conserve Battery"],"picked":"Go for the Eyes","floor":4},{"not_picked":["Ball Lightning","Buffer","Melter"],"picked":"SKIP","floor":7}],"player_experience":598844,"relics_obtained":[{"floor":7,"key":"PreservedInsect"},{"floor":9,"key":"Nunchaku"},{"floor":11,"key":"Juzu Bracelet"}],"event_choices":[{"damage_healed":0,"gold_gain":0,"player_choice":"Ignored","damage_taken":0,"max_hp_gain":0,"max_hp_loss":0,"event_name":"Liars Game","floor":5,"gold_loss":0},{"damage_healed":0,"gold_gain":0,"player_choice":"Left Gold","damage_taken":0,"max_hp_gain":0,"max_hp_loss":0,"event_name":"World of Goop","floor":10,"gold_loss":45},{"damage_healed":0,"gold_gain":0,"player_choice":"Lose Max HP","damage_taken":0,"relics_obtained":["Golden Idol"],"max_hp_gain":0,"max_hp_loss":6,"event_name":"Golden Idol","floor":13,"gold_loss":0},{"damage_healed":0,"gold_gain":0,"player_choice":"Fled","damage_taken":0,"max_hp_gain":0,"max_hp_loss":0,"event_name":"Scrap Ooze","floor":14,"gold_loss":0}],"is_beta":false,"boss_relics":[],"items_purged_floors":[],"is_endless":false,"potions_floor_spawned":[2,3,7],"killed_by":"Hexaghost","ascension_level":10}}