{"host":"8u7tvcybuv0u72fd","time":1613538781,"event":{"mods":["BaseMod","BetterRewards","Colored Map","Colored Powertips","Minty Spire (QoL Compilation)","Quick Restart","Shop Mod"],"gold_per_floor":[116,127,127,146,146,174,174,17,17,17,17,52,52,65,65,168,168,185,275,243,259,259,259,288,288,288,316,316,330,350,383,383,486,486,497,497,115,135,113,113,128,128,128,128,147,160,186,186,186,186,186,186,68,99,99],"floor_reached":56,"language":"ENG","playtime":3055,"items_purged":["Strike_R"],"score":1473,"play_id":"ccaf2b4b-b089-417d-8485-e0b1c1111384","local_time":"20210217001301","is_ascension_mode":false,"campfire_choices":[{"data":"Bash","floor":7.0,"key":"SMITH"},{"data":"Rage","floor":10.0,"key":"SMITH"},{"data":"Defend_R","floor":11.0,"key":"SMITH"},{"data":"Iron Wave","floor":15.0,"key":"SMITH"},{"data":"Barricade","floor":23.0,"key":"SMITH"},{"data":"RitualDagger","floor":25.0,"key":"SMITH"},{"data":"Uppercut","floor":28.0,"key":"SMITH"},{"floor":32.0,"key":"REST"},{"data":"Body Slam","floor":40.0,"key":"SMITH"},{"data":"Shrug It Off","floor":42.0,"key":"SMITH"},{"floor":49.0,"key":"RECALL"},{"floor":52.0,"key":"DIG"}],"circlet_count":0,"master_deck":["Strike_R","Strike_R","Strike_R+1","Defend_R","Defend_R+1","Defend_R+1","Bash+1","Rage+1","Iron Wave+1","Barricade+1","Berserk","RitualDagger+1","Shrug It Off+1","Uppercut+1","Metallicize+1","Headbutt","Body Slam+1","Flame Barrier+1","Impervious","RitualDagger+1"],"relics":["Burning Blood","Blood Vial","ClockworkSouvenir","Torii","Paper Frog","Sundial","Lee\u0027s Waffle","Boot","Centennial Puzzle","SacredBark","Ornamental Fan","Incense Burner","Red Mask","Coffee Dripper","Thread and Needle","Pantograph","MerchantsRug","HandDrill","Shuriken"],"acts_visited":["Exordium","TheCity","TheBeyond","TheEnding"],"potions_floor_usage":[55,55,55],"damage_taken":[{"damage":2.0,"enemies":"Small Slimes","floor":1.0,"turns":6.0},{"damage":1.0,"enemies":"Cultist","floor":2.0,"turns":3.0},{"damage":1.0,"enemies":"2 Louse","floor":4.0,"turns":3.0},{"damage":33.0,"enemies":"3 Sentries","floor":6.0,"turns":15.0},{"damage":4.0,"enemies":"Lagavulin","floor":12.0,"turns":7.0},{"damage":1.0,"enemies":"2 Fungi Beasts","floor":14.0,"turns":3.0},{"damage":42.0,"enemies":"Hexaghost","floor":16.0,"turns":12.0},{"damage":0.0,"enemies":"Shell Parasite","floor":18.0,"turns":9.0},{"damage":7.0,"enemies":"2 Thieves","floor":20.0,"turns":5.0},{"damage":8.0,"enemies":"Snake Plant","floor":21.0,"turns":3.0},{"damage":29.0,"enemies":"Slavers","floor":24.0,"turns":9.0},{"damage":37.0,"enemies":"Book of Stabbing","floor":27.0,"turns":8.0},{"damage":9.0,"enemies":"Centurion and Healer","floor":29.0,"turns":7.0},{"damage":2.0,"enemies":"Snecko","floor":30.0,"turns":4.0},{"damage":3.0,"enemies":"Masked Bandits","floor":31.0,"turns":4.0},{"damage":6.0,"enemies":"Automaton","floor":33.0,"turns":17.0},{"damage":9.0,"enemies":"3 Darklings","floor":35.0,"turns":14.0},{"damage":0.0,"enemies":"3 Shapes","floor":38.0,"turns":5.0},{"damage":0.0,"enemies":"3 Darklings","floor":41.0,"turns":6.0},{"damage":1.0,"enemies":"Jaw Worm Horde","floor":45.0,"turns":4.0},{"damage":0.0,"enemies":"Sphere and 2 Shapes","floor":46.0,"turns":8.0},{"damage":0.0,"enemies":"Nemesis","floor":47.0,"turns":7.0},{"damage":18.0,"enemies":"Time Eater","floor":50.0,"turns":9.0},{"damage":1,"enemies":"Shield and Spear","floor":54,"turns":6},{"damage":1,"enemies":"The Heart","floor":55,"turns":8}],"seed_played":"-8742063420604735214","potions_obtained":[{"floor":1.0,"key":"Fruit Juice"},{"floor":6.0,"key":"ElixirPotion"},{"floor":12.0,"key":"Energy Potion"},{"floor":14.0,"key":"FearPotion"},{"floor":20.0,"key":"Swift Potion"},{"floor":21.0,"key":"Strength Potion"},{"floor":27.0,"key":"Fire Potion"},{"floor":30.0,"key":"Block Potion"},{"floor":35.0,"key":"BlessingOfTheForge"},{"floor":45.0,"key":"DistilledChaos"}],"is_trial":false,"path_per_floor":["M","M","?","M","?","E","R","$","T","R","R","E","?","M","R","B",null,"M","?","M","M","?","R","E","R","T","E","R","M","M","?","R","B",null,"M","?","$","M","$","R","M","R","T","$","M","M","E","?","R","B",null,"R","$","E","B",null],"character_chosen":"IRONCLAD","items_purchased":["Blood Vial","WingedGreaves","ClockworkSouvenir","Torii","Paper Frog","Block Potion","Energy Potion","EssenceOfSteel","Lee\u0027s Waffle","Thread and Needle","LiquidBronze","Body Slam","MerchantsRug","HandDrill"],"campfire_rested":1,"item_purchase_floors":[0,0,0,0,0,0,0,0,8,37,37,39,53,53],"current_hp_per_floor":[43,50,50,57,50,25,25,92,92,92,92,92,74,81,81,47,92,92,80,81,81,75,75,54,54,54,25,25,24,30,35,62,64,92,89,89,89,92,92,92,92,92,92,92,92,92,92,92,92,80,92,92,92,92,92],"gold":99,"neow_bonus":"","is_daily":false,"chose_seed":false,"campfire_upgraded":9,"win_rate":0.0,"timestamp":1613538781,"path_taken":["M","M","?","?","?","E","R","$","T","R","R","E","?","M","R","BOSS","M","?","?","?","?","R","E","R","T","E","R","M","M","?","R","BOSS","M","?","$","?","$","R","M","R","T","?","?","M","E","?","R","BOSS","R","$","E","BOSS"],"items_purchased_type":["Relic","Relic","Relic","Relic","Relic","Potion","Potion","Potion","Relic","Relic","Potion","Card","Relic","Relic"],"build_version":"2020-12-22","purchased_purges":1,"victory":true,"max_hp_per_floor":[85,85,85,85,85,85,85,92,92,92,92,92,92,92,92,92,92,92,92,92,92,92,92,92,92,92,92,92,92,92,92,92,92,92,92,92,92,92,92,92,92,92,92,92,92,92,92,92,92,92,92,92,92,92,92],"card_choices":[{"not_picked":["Dual Wield","Heavy Blade","Flex"],"picked":"SKIP","floor":1.0},{"not_picked":["Twin Strike","Clash"],"picked":"Rage","floor":2.0},{"not_picked":["Reckless Charge","Fiend Fire","Anger"],"picked":"SKIP","floor":4.0},{"not_picked":["Shockwave","Anger","Spot Weakness"],"picked":"SKIP","floor":6.0},{"not_picked":["Power Through","Shockwave"],"picked":"Iron Wave","floor":12.0},{"not_picked":["Anger","Thunderclap","Flame Barrier"],"picked":"SKIP","floor":14.0},{"not_picked":["Impervious","Feed"],"picked":"Barricade","floor":16.0},{"not_picked":["Clothesline+1","Pommel Strike","Iron Wave"],"picked":"SKIP","floor":18.0},{"not_picked":["Havoc","Disarm","Flex"],"picked":"SKIP","floor":20.0},{"not_picked":["Wild Strike","Havoc"],"picked":"Berserk","floor":21.0},{"not_picked":["True Grit","Clash"],"picked":"Shrug It Off","floor":24.0},{"not_picked":["Sever Soul","Havoc+1"],"picked":"Uppercut","floor":27.0},{"not_picked":["Twin Strike+1","Battle Trance","Shrug It Off"],"picked":"SKIP","floor":29.0},{"not_picked":["Dark Embrace+1","Warcry+1","Thunderclap+1"],"picked":"SKIP","floor":30.0},{"not_picked":["Flex","Headbutt+1"],"picked":"Metallicize+1","floor":35.0},{"not_picked":["Sword Boomerang","Iron Wave"],"picked":"Headbutt","floor":38.0},{"not_picked":["Shockwave","Thunderclap","Reckless Charge+1"],"picked":"SKIP","floor":41.0},{"not_picked":["Limit Break","Headbutt+1"],"picked":"Flame Barrier+1","floor":45.0},{"not_picked":["Headbutt+1","Flame Barrier+1","Sever Soul"],"picked":"SKIP","floor":46.0},{"not_picked":["Fire Breathing","Havoc"],"picked":"Impervious","floor":47.0},{"not_picked":["Pommel Strike","Barricade","Armaments+1"],"picked":"SKIP","floor":54}],"player_experience":1524246,"relics_obtained":[{"floor":6.0,"key":"Sundial"},{"floor":9.0,"key":"Boot"},{"floor":12.0,"key":"Centennial Puzzle"},{"floor":24.0,"key":"Omamori"},{"floor":26.0,"key":"Ornamental Fan"},{"floor":27.0,"key":"Incense Burner"},{"floor":31.0,"key":"Red Mask"},{"floor":47.0,"key":"Shovel"},{"floor":52.0,"key":"Pantograph"},{"floor":54,"key":"Shuriken"}],"event_choices":[{"damage_healed":0.0,"max_hp_gain":0.0,"max_hp_loss":0.0,"gold_gain":0.0,"cards_transformed":["Strike_R"],"event_name":"Transmorgrifier","player_choice":"Transformed","floor":3.0,"gold_loss":0.0,"damage_taken":0.0,"cards_obtained":["Entrench"]},{"cards_removed":["Entrench"],"damage_healed":0.0,"max_hp_gain":0.0,"max_hp_loss":0.0,"gold_gain":0.0,"event_name":"Golden Wing","player_choice":"Card Removal","floor":5.0,"gold_loss":0.0,"damage_taken":7.0},{"damage_healed":0.0,"max_hp_gain":0.0,"max_hp_loss":0.0,"gold_gain":0.0,"event_name":"Shining Light","player_choice":"Entered Light","floor":13.0,"gold_loss":0.0,"damage_taken":18.0,"cards_upgraded":["Strike_R","Defend_R"]},{"damage_healed":0.0,"max_hp_gain":0.0,"max_hp_loss":0.0,"gold_gain":90.0,"event_name":"Knowing Skull","player_choice":"GOLD ","floor":19.0,"potions_obtained":[],"gold_loss":0.0,"damage_taken":12.0,"cards_obtained":[]},{"damage_healed":0.0,"max_hp_gain":0.0,"max_hp_loss":0.0,"gold_gain":0.0,"event_name":"Nest","player_choice":"Joined the Cult","floor":22.0,"gold_loss":0.0,"damage_taken":6.0,"cards_obtained":["RitualDagger"]},{"damage_healed":0.0,"max_hp_gain":0.0,"max_hp_loss":0.0,"gold_gain":0.0,"event_name":"Masked Bandits","player_choice":"Fought Bandits","floor":31.0,"gold_loss":0.0,"damage_taken":0.0},{"cards_removed":["Defend_R"],"damage_healed":0.0,"max_hp_gain":0.0,"max_hp_loss":0.0,"gold_gain":0.0,"event_name":"Purifier","player_choice":"Purged","floor":36.0,"gold_loss":0.0,"damage_taken":0.0},{"damage_healed":0.0,"max_hp_gain":0.0,"max_hp_loss":0.0,"gold_gain":0.0,"event_name":"Duplicator","player_choice":"Copied","floor":48.0,"gold_loss":0.0,"damage_taken":0.0,"cards_obtained":["RitualDagger"]}],"is_beta":false,"boss_relics":[{"not_picked":["Mark of Pain","Ectoplasm"],"picked":"SacredBark"},{"not_picked":["SlaversCollar","Tiny House"],"picked":"Coffee Dripper"}],"items_purged_floors":[0],"is_endless":false,"potions_floor_spawned":[1,6,12,14,20,21,27,30,35,38,45],"ascension_level":0}}