{"host":"5lv0icc8l08nkbqt","time":1613567730,"event":{"mods":["Act Like it!","Aspiration","BaseMod","Colored Map","Conspire","Elementarium","Energized Spire","Gensokyo","Hallownest","Hubris","JesterMod","Jorbs\u0027s Wanderer Trilogy","Marisa????????","Menagerie","Minty Spire (QoL Compilation)","Pale of the Ancients","Reliquary","Replay The Spire","Ruina","Shade Mod","Spicy Shops","StSLib","The Blue Laboratory","The Disciple","The Hierophant","The Marked","Wandering Minibosses"],"gold_per_floor":[110,129,139,139,139,139,159,190,190,220,238,238,258,292,292,387,387,404,414,414,414,427,452,452,466,466,151,151,181,196,231,231,328,328,346,357,376,140,158,188,201,201,251,281,281,281,281],"floor_reached":46,"language":"ENG","playtime":3690,"items_purged":["Clumsy","theMarked:Strike"],"score":475,"play_id":"a74a3281-3a4c-43c6-bfe6-da203ef83448","local_time":"20210217171530","is_ascension_mode":true,"campfire_choices":[{"data":"Concentrate","floor":6,"key":"SMITH"},{"data":"Armaments","floor":24,"key":"SMITH"},{"floor":45,"key":"REST"}],"circlet_count":0,"master_deck":["theMarked:Strike","theMarked:Strike","theMarked:Strike","theMarked:Defend","theMarked:SoldierOfQuellstein","theMarked:AttractMetal","theMarked:Parkour","theMarked:OneWithTheBlade","Concentrate+1","PiercingWail+1","Well Laid Plans+1","theMarked:EmpowerWeapon","theMarked:TwofoldDefense","Hyperbeam","Armaments+1","PiercingWail+1","theMarked:TunnelVision+1","stsjorbsmod:Melt+1","stsjorbsmod:FindWeakness+1","stsjorbsmod:RayOfFrost+1","stsjorbsmod:Sentinel_Cull+1","ReplayTheSpireMod:Faulty Equipment","Replay:DivineShield+1","Turbo"],"relics":["theMarked:ArtifactOfAir","Pocketwatch","PrismaticShard","Replay:Multitool","hubris:CuriousFeather","Bag of Preparation","Snack Pack","Cursed Key","Chameleon Ring","Vajra","reliquary:Vitrine","Replay:Wax Seal","Molten Egg 2","reliquary:Sideboard","reliquary:TatteredRug","hubris:TerracottaHorce","hubris:TinFlute","conspire:TopHat","reliquary:PrincelyHelmet"],"acts_visited":["Exordium","Menagerie:Menagerie","TheBeyond"],"potions_floor_usage":[16,16,23,40,46],"damage_taken":[{"damage":1,"enemies":"Menagerie:StygianBoar","floor":1,"turns":3},{"damage":1,"enemies":"Menagerie:MonstrousExperiment","floor":2,"turns":3},{"damage":1,"enemies":"Menagerie:2_RABBITS","floor":3,"turns":3},{"damage":7,"enemies":"Menagerie:BEAST_MAGE_AND_PROWLING_AMALGAM","floor":7,"turns":4},{"damage":18,"enemies":"Menagerie:Hydra","floor":8,"turns":4},{"damage":20,"enemies":"Menagerie:MaskedSummoner","floor":10,"turns":7},{"damage":2,"enemies":"Menagerie:MeltingSalamander","floor":11,"turns":4},{"damage":4,"enemies":"Menagerie:EntropyWarlock","floor":13,"turns":4},{"damage":13,"enemies":"Menagerie:Hydra","floor":14,"turns":5},{"damage":44,"enemies":"Menagerie:AVATARS","floor":16,"turns":9},{"damage":1,"enemies":"ruina:2_Scarecrows","floor":18,"turns":3},{"damage":6,"enemies":"ruina:3_Bats","floor":19,"turns":3},{"damage":8,"enemies":"ruina:KnightOfDespair","floor":22,"turns":5},{"damage":0,"enemies":"ruina:ServantOfWrath","floor":23,"turns":5},{"damage":22,"enemies":"ruina:3_Scarecrows","floor":25,"turns":4},{"damage":16,"enemies":"ruina:RoadHome","floor":29,"turns":3},{"damage":13,"enemies":"ruina:QueenOfHate","floor":30,"turns":4},{"damage":15,"enemies":"ruina:Mountain","floor":31,"turns":7},{"damage":28,"enemies":"ruina:Ozma","floor":33,"turns":10},{"damage":3,"enemies":"3 Shapes","floor":35,"turns":2},{"damage":3,"enemies":"Orb Walker","floor":36,"turns":2},{"damage":3,"enemies":"4 Shapes","floor":37,"turns":3},{"damage":16,"enemies":"Maw","floor":39,"turns":6},{"damage":1,"enemies":"R_Hoarder","floor":40,"turns":3},{"damage":9,"enemies":"3 Darklings","floor":41,"turns":3},{"damage":24,"enemies":"conspire:MimicChest","floor":44,"turns":8},{"damage":95,"enemies":"Giant Head","floor":46,"turns":7}],"seed_played":"5297541109896027245","potions_obtained":[{"floor":1,"key":"blueLaboratory:RememoryPotion"},{"floor":3,"key":"blueLaboratory:ForbiddenFruitJuice"},{"floor":8,"key":"blueLaboratory:ForbiddenFruitJuice"},{"floor":16,"key":"FearPotion"},{"floor":18,"key":"Energy Potion"},{"floor":25,"key":"blueLaboratory:BottleOfRum"},{"floor":30,"key":"blueLaboratory:AbyssPotion"},{"floor":33,"key":"Energy Potion"},{"floor":39,"key":"Death Potion"},{"floor":40,"key":"Swift Potion"},{"floor":44,"key":"Weak Potion"}],"is_trial":false,"path_per_floor":["M","M","M","?","?","R","M","E","T","E","M","?","M","E","R","B",null,"M","M","?","T","M","E","R","M","T","$","R","E","M","E","R_BF","B",null,"M","M","M","$","M","E","M","R","T","?","R","E"],"character_chosen":"THE_DEFAULT","items_purchased":["Replay:Wax Seal","Molten Egg 2","Doom Potion","theMarked:SummonPotion"],"campfire_rested":1,"item_purchase_floors":[27,27,38,38],"current_hp_per_floor":[64,63,62,62,62,62,55,37,37,17,15,31,27,14,14,16,54,53,49,65,65,59,63,63,41,41,41,41,29,18,5,26,4,54,51,50,47,47,41,40,35,56,56,36,57,0,0],"gold":281,"neow_bonus":"ONE_RARE_RELIC","is_daily":false,"chose_seed":false,"campfire_upgraded":2,"win_rate":0.0,"timestamp":1613567730,"path_taken":["M","M","M","?","?","R","M","E","T","E","?","?","M","E","R","BOSS","M","M","?","?","M","E","R","?","T","?","R","E","?","E","R_BF","BOSS","M","M","M","$","M","E","M","R","T","?","R","E"],"items_purchased_type":["Relic","Relic","Potion","Potion"],"build_version":"2020-12-22","purchased_purges":2,"victory":false,"max_hp_per_floor":[65,65,65,64,64,64,64,64,64,64,64,64,64,64,64,54,54,54,54,70,70,70,70,70,70,70,70,70,70,70,70,70,70,70,70,70,70,70,70,70,70,70,70,70,70,70,70],"card_choices":[{"not_picked":["theMarked:HeightenedSenses","theMarked:Seal"],"picked":"theMarked:AttractMetal","floor":1},{"not_picked":["theMarked:Improvise","theMarked:WardOff"],"picked":"theMarked:Parkour","floor":2},{"not_picked":["theMarked:Abjuration","theMarked:Aftermath"],"picked":"theMarked:OneWithTheBlade","floor":3},{"not_picked":["hubris:TrickCloak","Shade:FreshBones","Havoc"],"picked":"SKIP","floor":7},{"not_picked":["Panic Button","stsjorbsmod:ForcedPresence","jesterMod:QuickStrike"],"picked":"SKIP","floor":8},{"not_picked":["theMarked:TakeCover","Shade:SkeletonHug"],"picked":"Well Laid Plans","floor":10},{"not_picked":["ReplayTheSpireMod:Repulse","Deep Breath","The Bomb"],"picked":"SKIP","floor":11},{"not_picked":["hierophant:FlamingChariot","hierophant:Shelter","stsjorbsmod:Firebolt"],"picked":"SKIP","floor":13},{"not_picked":["MilkyWay","jesterMod:LightTheWick"],"picked":"theMarked:EmpowerWeapon","floor":14},{"not_picked":["ruina:FadedMemories","Pendulum"],"picked":"Hyperbeam","floor":16},{"not_picked":["jesterMod:Mending","hierophant:HolyVerse","hierophant:Patience+1"],"picked":"SKIP","floor":18},{"not_picked":["Combust+1","Nirvana","TickedOff"],"picked":"SKIP","floor":19},{"not_picked":["Dropkick","theMarked:KeepCalmAndFight","theMarked:Improvise"],"picked":"SKIP","floor":22},{"not_picked":["BiteCommand","WakeUpCall"],"picked":"Armaments","floor":23},{"not_picked":["Second Wind","Whirlwind"],"picked":"PiercingWail+1","floor":25},{"not_picked":["WitchOfGreed","theMarked:Electrify"],"picked":"stsjorbsmod:Melt+1","floor":29},{"not_picked":["Reprogram","theMarked:RogueSparks"],"picked":"Turbo","floor":30},{"not_picked":["Shrug It Off","Doppelganger","ChargeUpSpray+1"],"picked":"SKIP","floor":31},{"not_picked":["Seek","hierophant:WrathOfGod+1"],"picked":"stsjorbsmod:Sentinel_Cull+1","floor":33},{"not_picked":["stsjorbsmod:FlameWard","hubris:SlightOfHand"],"picked":"stsjorbsmod:RayOfFrost+1","floor":35},{"not_picked":["hierophant:ArchangelShield","PanicButton","Halt"],"picked":"SKIP","floor":36},{"not_picked":["Shrug It Off","theMarked:Pokerface"],"picked":"stsjorbsmod:FindWeakness+1","floor":37},{"not_picked":["stsjorbsmod:RayOfFrost+1","Crystallizer","Shade:FleshToFlesh+1"],"picked":"SKIP","floor":39},{"not_picked":["Clothesline+1","BasicCrystalCard","Defragment+1"],"picked":"SKIP","floor":40},{"not_picked":["LockedScales","jesterMod:BouncingKnife+1"],"picked":"Replay:DivineShield+1","floor":41}],"player_experience":1751328,"relics_obtained":[{"floor":8,"key":"Replay:Multitool"},{"floor":9,"key":"hubris:CuriousFeather"},{"floor":10,"key":"Bag of Preparation"},{"floor":14,"key":"Snack Pack"},{"floor":21,"key":"Chameleon Ring"},{"floor":23,"key":"Vajra"},{"floor":26,"key":"reliquary:Vitrine"},{"floor":29,"key":"reliquary:Sideboard"},{"floor":31,"key":"reliquary:TatteredRug"},{"floor":40,"key":"hubris:TinFlute"},{"floor":43,"key":"conspire:TopHat"},{"floor":44,"key":"reliquary:PrincelyHelmet"}],"event_choices":[{"damage_healed":0,"gold_gain":0,"player_choice":"Enter","damage_taken":0,"relics_obtained":["PrismaticShard"],"max_hp_gain":0,"max_hp_loss":1,"event_name":"Menagerie:ShimmeringGrove","floor":4,"gold_loss":0},{"damage_healed":16,"gold_gain":0,"player_choice":"Goat","damage_taken":0,"max_hp_gain":0,"max_hp_loss":0,"event_name":"Menagerie:ThreeAnimals","floor":12,"gold_loss":0}],"is_beta":false,"boss_relics":[{"not_picked":["ChewingGum","Replay:Drink Me"],"picked":"Cursed Key"},{"not_picked":["reliquary:KinkedSpring","Snecko Eye"],"picked":"hubris:TerracottaHorce"}],"items_purged_floors":[27,38],"is_endless":false,"potions_floor_spawned":[1,3,8,16,18,19,25,30,33,36,39,40,41,44],"killed_by":"Giant Head","ascension_level":1}}