{"host":"yqztwemefsbhfep8","time":1613546635,"event":{"mods":["BaseMod","Downfall","Minty Spire (QoL Compilation)","StSLib"],"gold_per_floor":[99,116,216,32,132,132,132,132,152,166,28,28,58,71,91,187,187,87,98,111,123,123,134,134,134,134,19,19,46,31,31,51,149,149,49,34,53,24,24,24,24,44,44,44,44,44],"floor_reached":44,"language":"ENG","playtime":2759,"items_purged":["downfall:Haunted","downfall:Aged","Writhe"],"score":601,"play_id":"9961109d-9103-43a2-b8f2-0fe80c7a5347","local_time":"20210216232355","is_ascension_mode":false,"campfire_choices":[{"data":"sneckomod:SnekBite","floor":1.0,"key":"SMITH"},{"data":"sneckomod:Restock","floor":8.0,"key":"SMITH"},{"floor":18.0,"key":"RECALL"},{"floor":28,"key":"REST"},{"data":"sneckomod:UnknownBoss","floor":35,"key":"SMITH"},{"floor":43,"key":"REST"}],"circlet_count":0,"master_deck":["sneckomod:SnekBite+1","sneckomod:Unknown","sneckomod:Unknown","Finesse","sneckomod:Unknown1Cost","sneckomod:UnknownX","sneckomod:SoulDraw","Writhe","sneckomod:Restock+1","Clumsy","sneckomod:UnknownRarePower","sneckomod:SoulRoll","Reboot","sneckomod:UnknownDraw","sneckomod:SoulExchange","sneckomod:UnknownCommonSkill+1","downfall:Malfunctioning","Clumsy","sneckomod:UnknownRarePower","sneckomod:UnknownClassBLUE","sneckomod:UnknownWeak","sneckomod:UnknownCommonSkill","sneckomod:UnknownVulnerable","sneckomod:UnknownVulnerable","sneckomod:SlitherStrike+1","sneckomod:UnknownBoss+1","Ghostly","Ghostly","Ghostly","Ghostly","Ghostly","sneckomod:UnknownBoss","sneckomod:Restock","sneckomod:SerpentIdol","downfall:Icky","downfall:Malfunctioning"],"relics":["sneckomod:SneckoSoul","downfall:ExtraCursedKey","Torii","Singing Bowl","Mercury Hourglass","SacredBark","downfall:HeartBlessingGreen","Strawberry","Bag of Marbles","Question Card","Busted Crown","downfall:HeartBlessingRed","HandDrill","Pear"],"acts_visited":["Exordium","TheCity","TheBeyond"],"potions_floor_usage":[25,33,37,38],"damage_taken":[{"damage":4.0,"enemies":"Small Slimes","floor":2.0,"turns":3.0},{"damage":0.0,"enemies":"downfall:FleeingMerchant","floor":4.0,"turns":4.0},{"damage":1.0,"enemies":"Jaw Worm","floor":9.0,"turns":2.0},{"damage":7.0,"enemies":"2 Louse","floor":10.0,"turns":2.0},{"damage":3.0,"enemies":"downfall:FleeingMerchant","floor":11.0,"turns":4.0},{"damage":1.0,"enemies":"Lagavulin","floor":13.0,"turns":4.0},{"damage":0.0,"enemies":"Lots of Slimes","floor":14.0,"turns":2.0},{"damage":1.0,"enemies":"3 Louse","floor":15.0,"turns":3.0},{"damage":40.0,"enemies":"WA_ARCHETYPE_RETAIN","floor":16.0,"turns":11.0},{"damage":10.0,"enemies":"3 Byrds","floor":19.0,"turns":5.0},{"damage":2.0,"enemies":"Chosen","floor":20.0,"turns":4.0},{"damage":18.0,"enemies":"Snecko","floor":21.0,"turns":5.0},{"damage":27.0,"enemies":"Chosen and Byrds","floor":23.0,"turns":6.0},{"damage":0,"enemies":"3 Cultists","floor":25,"turns":3},{"damage":5,"enemies":"downfall:FleeingMerchant","floor":27,"turns":4},{"damage":21,"enemies":"Gremlin Leader","floor":29,"turns":6},{"damage":5,"enemies":"downfall:FleeingMerchant","floor":30,"turns":4},{"damage":0,"enemies":"Cultist and Chosen","floor":32,"turns":6},{"damage":49,"enemies":"IC_MUSHROOM_ARCHETYPE","floor":33,"turns":9},{"damage":0,"enemies":"downfall:FleeingMerchant","floor":36,"turns":4},{"damage":0,"enemies":"3 Darklings","floor":37,"turns":5},{"damage":0,"enemies":"downfall:FleeingMerchant","floor":38,"turns":3},{"damage":32,"enemies":"3 Shapes","floor":42,"turns":6},{"damage":0,"enemies":"3 Darklings","floor":44,"turns":1}],"seed_played":"-4118481689463531668","potions_obtained":[{"floor":2.0,"key":"Block Potion"},{"floor":13.0,"key":"hexamod:SoulburnPotion"},{"floor":14.0,"key":"Fire Potion"},{"floor":16.0,"key":"Ancient Potion"},{"floor":23.0,"key":"sneckomod:OffclassReductionPotion"},{"floor":29,"key":"sneckomod:OffclassReductionPotion"},{"floor":32,"key":"Fruit Juice"},{"floor":33,"key":"Dexterity Potion"},{"floor":37,"key":"sneckomod:DiceRollPotion"}],"is_trial":false,"path_per_floor":["R","M","?","$","?","?","T","R","M","M","$","R","E","M","M","B",null,"R","M","M","M","?","M","T","M","?","$","R","E","$","?","M","B",null,"R","$","M","?","?","?","T","M","R","M"],"character_chosen":"THE_SNECKO","items_purchased":["sneckomod:SoulDraw","sneckomod:UnknownExhaust","DistilledChaos","sneckomod:SoulRoll","EntropicBrew","HandDrill","sneckomod:SerpentIdol"],"campfire_rested":2,"item_purchase_floors":[4,4,4,11,38,38,38],"current_hp_per_floor":[90,86,86,86,86,86,86,86,87,82,79,79,80,80,81,41,98,98,90,90,74,81,54,54,54,54,51,84,63,58,56,58,9,58,58,60,72,74,74,74,84,54,79,79,79,79],"gold":44,"neow_bonus":"RANDOM_COLORLESS","is_daily":false,"chose_seed":false,"campfire_upgraded":3,"win_rate":0.0,"timestamp":1613546635,"path_taken":["R","M","?","$","?","?","T","R","M","M","$","R","E","M","M","BOSS","R","M","M","?","?","M","T","M","?","$","R","E","$","?","M","BOSS","R","$","M","?","?","?","T","M","R","?"],"items_purchased_type":["Card","Card","Potion","Card","Potion","Relic","Card"],"build_version":"2020-12-22","purchased_purges":3,"victory":false,"max_hp_per_floor":[90,90,90,90,90,90,90,90,92,94,94,94,96,96,98,98,98,98,100,102,104,111,111,111,111,111,113,113,113,113,56,58,58,58,58,60,72,74,74,74,84,86,86,86,86,86],"card_choices":[{"not_picked":["Deep Breath","Blind"],"picked":"Finesse","floor":0.0},{"not_picked":["sneckomod:UnknownUncommonSkill","sneckomod:UnknownCommonSkill"],"picked":"sneckomod:Unknown1Cost","floor":2.0},{"not_picked":["sneckomod:DiceBlock","sneckomod:QuickMove"],"picked":"sneckomod:UnknownX","floor":4.0},{"not_picked":["sneckomod:PureSnecko","sneckomod:DiceBoulder","sneckomod:SoulRoll"],"picked":"Singing Bowl","floor":9.0},{"not_picked":["sneckomod:SnakeSap","sneckomod:SoulRoll","sneckomod:SoulCleanse"],"picked":"Singing Bowl","floor":10.0},{"not_picked":["sneckomod:UnknownExhaust","sneckomod:SoulRoll"],"picked":"sneckomod:UnknownRarePower","floor":11.0},{"not_picked":["sneckomod:DiceBlock","sneckomod:SnakeSap","sneckomod:SoulRoll"],"picked":"Singing Bowl","floor":13.0},{"not_picked":["sneckomod:Nope","sneckomod:PureSnecko"],"picked":"sneckomod:UnknownDraw","floor":14.0},{"not_picked":["sneckomod:QuickMove","sneckomod:Unknown0Cost","sneckomod:SoulDraw"],"picked":"Singing Bowl","floor":15.0},{"not_picked":["sneckomod:Cheat","sneckomod:Unknown3Cost"],"picked":"sneckomod:SoulExchange","floor":16.0},{"not_picked":["sneckomod:UnknownClassGREEN","sneckomod:DiceBlock","sneckomod:SoulRoll"],"picked":"Singing Bowl","floor":19.0},{"not_picked":["sneckomod:QuickBite","sneckomod:MasterEye+1","sneckomod:CheapStock"],"picked":"Singing Bowl","floor":20.0},{"not_picked":["sneckomod:UnknownUncommonPower","sneckomod:UnknownClassBLUE","sneckomod:SoulRoll"],"picked":"Singing Bowl","floor":21.0},{"not_picked":["sneckomod:SoulCleanse","sneckomod:IronFang"],"picked":"sneckomod:UnknownCommonSkill+1","floor":23.0},{"not_picked":["sneckomod:DiceBlock","sneckomod:QuickMove","sneckomod:Unknown2Cost"],"picked":"Singing Bowl","floor":27},{"not_picked":["sneckomod:QuickMove","sneckomod:Nope"],"picked":"sneckomod:SlitherStrike+1","floor":29},{"not_picked":["sneckomod:SnakeSap","sneckomod:UnknownUncommonSkill+1","sneckomod:WideSting"],"picked":"sneckomod:UnknownBoss","floor":30},{"not_picked":["sneckomod:SnekBeam","sneckomod:UnknownX","sneckomod:SnakeSap+1","sneckomod:MasterEye"],"picked":"Singing Bowl","floor":32},{"not_picked":["sneckomod:DangerNoodle","sneckomod:Unknown3Cost","sneckomod:Restock"],"picked":"sneckomod:UnknownBoss","floor":33},{"not_picked":["Guardian:Gem_Green","Guardian:Gem_Red","Guardian:Gem_Cyan"],"picked":"Singing Bowl","floor":36},{"not_picked":["sneckomod:UnknownDraw+1"],"picked":"sneckomod:Restock","floor":36},{"not_picked":["sneckomod:UnknownVulnerable+1","sneckomod:UnknownBlock"],"picked":"Singing Bowl","floor":37},{"not_picked":["sneckomod:MasterEye+1","sneckomod:UnknownBlock+1"],"picked":"Singing Bowl","floor":38},{"not_picked":["sneckomod:Unknown2Cost","sneckomod:UnknownCommonSkill"],"picked":"Singing Bowl","floor":42}],"player_experience":320613,"relics_obtained":[{"floor":6.0,"key":"Torii"},{"floor":7.0,"key":"Singing Bowl"},{"floor":13.0,"key":"Mercury Hourglass"},{"floor":24.0,"key":"Bag of Marbles"},{"floor":29,"key":"Question Card"},{"floor":41,"key":"Pear"}],"event_choices":[{"damage_healed":0.0,"max_hp_gain":0.0,"max_hp_loss":0.0,"gold_gain":0.0,"event_name":"Wheel of Change","player_choice":"Relic","floor":6.0,"gold_loss":0.0,"damage_taken":0.0},{"damage_healed":0,"gold_gain":0,"player_choice":"Became a Ghost","damage_taken":0,"max_hp_gain":0,"max_hp_loss":57,"event_name":"Ghosts","floor":31,"gold_loss":0,"cards_obtained":["Ghostly","Ghostly","Ghostly","Ghostly","Ghostly"]},{"cards_removed":["sneckomod:TailWhip"],"damage_healed":0,"gold_gain":0,"player_choice":"Removed Attack","damage_taken":0,"max_hp_gain":0,"max_hp_loss":0,"event_name":"Falling","floor":39,"gold_loss":0}],"is_beta":false,"boss_relics":[{"not_picked":["Fusion Hammer","Philosopher\u0027s Stone"],"picked":"SacredBark"},{"not_picked":["bronze:MakeshiftBattery","Runic Dome"],"picked":"Busted Crown"}],"items_purged_floors":[11,27,38],"is_endless":false,"potions_floor_spawned":[2,13,14,16,23,25,29,32,33,37,42],"killed_by":"3 Darklings","ascension_level":0}}