{"host":"f5gffvlv6a66yqkd","time":1613561000,"event":{"mods":["2.2 Compatiblity","BaseMod","Colored Map","Custom Start","DeckTracker","Keyboard Shortcuts","Minty Spire (QoL Compilation)","Permanent Neow","Quick Restart","Relic Stats","StSLib","SuperFastMode"],"gold_per_floor":[117,117,136,156,172,172,196,196,220,289,323,342,356,367,367,464,464,482,163,262,262,262,262,297,310,359,165,181,36,36,55,55,152,152,162,112,132,132,43,43,71,71,71,71,71,82,95,127,127,127,127,127,4,35,35],"floor_reached":56,"language":"KOR","playtime":1793,"items_purged":["Strike_P","BattleHymn+1","Judgement","CrushJoints"],"score":1763,"play_id":"2dbb80cb-45e5-434c-bbde-afb34e8e8cde","local_time":"20210217202320","is_ascension_mode":true,"campfire_choices":[{"data":"Eruption","floor":6.0,"key":"SMITH"},{"data":"SashWhip","floor":8.0,"key":"SMITH"},{"data":"WheelKick","floor":15.0,"key":"SMITH"},{"data":"Ragnarok","floor":23.0,"key":"SMITH"},{"data":"Adaptation","floor":32.0,"key":"SMITH"},{"data":"MentalFortress","floor":40.0,"key":"SMITH"},{"floor":42.0,"key":"RECALL"},{"data":"Tantrum","floor":44.0,"key":"SMITH"},{"floor":49.0,"key":"REST"},{"data":"FlurryOfBlows","floor":52,"key":"SMITH"}],"circlet_count":0,"master_deck":["AscendersBane","Eruption+1","Vigilance","CutThroughFate","FlurryOfBlows+1","FearNoEvil+1","EmptyBody","Vengeance","WheelKick+1","Ragnarok+1","Pray+1","Brilliance+1","MentalFortress+1","Adaptation+1","Clumsy","InnerPeace","Adaptation+1","DeusExMachina","FearNoEvil+1","Vault+1","Pray+1","Tantrum+1"],"relics":["PureWater","Odd Mushroom","Orichalcum","Meat on the Bone","Boot","Cursed Key","ClockworkSouvenir","Smiling Mask","Anchor","DollysMirror","Astrolabe","StoneCalendar","Oddly Smooth Stone","Whetstone"],"acts_visited":["Exordium","TheCity","TheBeyond","TheEnding"],"potions_floor_usage":[50,55,55,55],"damage_taken":[{"damage":0.0,"enemies":"Small Slimes","floor":1.0,"turns":2.0},{"damage":0.0,"enemies":"Jaw Worm","floor":3.0,"turns":1.0},{"damage":0.0,"enemies":"2 Louse","floor":4.0,"turns":1.0},{"damage":0.0,"enemies":"Exordium Wildlife","floor":5.0,"turns":2.0},{"damage":10.0,"enemies":"The Mushroom Lair","floor":7.0,"turns":3.0},{"damage":22.0,"enemies":"3 Sentries","floor":11.0,"turns":5.0},{"damage":8.0,"enemies":"Red Slaver","floor":12.0,"turns":2.0},{"damage":0.0,"enemies":"Blue Slaver","floor":13.0,"turns":3.0},{"damage":0.0,"enemies":"Lots of Slimes","floor":14.0,"turns":2.0},{"damage":22.0,"enemies":"Hexaghost","floor":16.0,"turns":8.0},{"damage":0.0,"enemies":"Spheric Guardian","floor":18.0,"turns":1.0},{"damage":19.0,"enemies":"Gremlin Leader","floor":24.0,"turns":5.0},{"damage":0.0,"enemies":"3 Byrds","floor":25.0,"turns":3.0},{"damage":8.0,"enemies":"Snake Plant","floor":28.0,"turns":3.0},{"damage":0.0,"enemies":"Shelled Parasite and Fungi","floor":31.0,"turns":2.0},{"damage":26.0,"enemies":"Automaton","floor":33.0,"turns":6.0},{"damage":0.0,"enemies":"3 Darklings","floor":35.0,"turns":4.0},{"damage":17.0,"enemies":"3 Shapes","floor":37.0,"turns":5.0},{"damage":0.0,"enemies":"Reptomancer","floor":41.0,"turns":3.0},{"damage":5.0,"enemies":"Spire Growth","floor":46.0,"turns":5.0},{"damage":22.0,"enemies":"4 Shapes","floor":47.0,"turns":6.0},{"damage":3.0,"enemies":"Giant Head","floor":48.0,"turns":4.0},{"damage":12,"enemies":"Time Eater","floor":50,"turns":6},{"damage":0,"enemies":"Shield and Spear","floor":54,"turns":3},{"damage":32,"enemies":"The Heart","floor":55,"turns":6}],"seed_played":"6820784908623812745","potions_obtained":[{"floor":4.0,"key":"PowerPotion"},{"floor":5.0,"key":"Dexterity Potion"},{"floor":7.0,"key":"Dexterity Potion"},{"floor":24.0,"key":"Ancient Potion"},{"floor":33.0,"key":"SkillPotion"},{"floor":35.0,"key":"Energy Potion"},{"floor":47.0,"key":"Energy Potion"},{"floor":54,"key":"SteroidPotion"}],"is_trial":false,"path_per_floor":["M","?","M","M","M","R","?","R","T","T","E","M","M","M","R","B",null,"M","$","?","T","?","R","E","M","T","$","M","$","?","M","R","B",null,"M","$","M","?","$","R","E","R","T","R","?","M","M","E","R","B",null,"R","$","E","B",null],"character_chosen":"WATCHER","items_purchased":["Brilliance","ClockworkSouvenir","Anchor","DollysMirror","Tantrum","GamblersBrew"],"campfire_rested":1,"item_purchase_floors":[19,19,27,29,39,53],"current_hp_per_floor":[65,65,65,65,65,65,55,55,55,55,33,37,37,37,37,27,56,56,56,56,56,56,56,37,37,37,37,41,41,41,41,41,27,56,56,56,39,39,39,39,39,39,39,39,39,34,24,33,51,39,56,56,56,56,36],"gold":35,"neow_bonus":"TRANSFORM_TWO_CARDS","is_daily":false,"chose_seed":false,"campfire_upgraded":8,"win_rate":0.0,"timestamp":1613561000,"path_taken":["M","?","M","M","M","R","?","R","T","?","E","M","M","M","R","BOSS","M","$","?","?","?","R","E","?","T","$","M","?","?","?","R","BOSS","M","$","?","?","$","R","E","R","T","R","?","M","M","E","R","BOSS","R","$","E","BOSS"],"items_purchased_type":["Card","Relic","Relic","Relic","Card","Potion"],"build_version":"2020-12-22","purchased_purges":4,"victory":true,"max_hp_per_floor":[65,65,65,65,65,65,65,65,65,65,65,65,65,65,65,65,65,65,65,65,65,65,65,65,65,65,65,65,65,65,65,65,65,65,65,65,65,65,65,65,65,65,65,65,62,62,62,62,62,62,62,62,62,62,62],"relic_stats":{"counters":[25,91],"Astrolabe":["FearNoEvil","BattleHymn","Vault"],"StoneCalendar":[0],"Whetstone":["Brilliance","FearNoEvil"],"Orichalcum":[120],"Boot":[109],"Cursed Key":1,"Smiling Mask":250,"obtain_stats":[{"Astrolabe":34,"Oddly Smooth Stone":48,"StoneCalendar":41,"Whetstone":54,"Odd Mushroom":7,"Orichalcum":9,"Boot":11,"Cursed Key":17,"Smiling Mask":24,"ClockworkSouvenir":19,"Anchor":27,"DollysMirror":29,"PureWater":0,"Meat on the Bone":10},{"Astrolabe":16,"Oddly Smooth Stone":22,"StoneCalendar":19,"Whetstone":24,"Odd Mushroom":5,"Orichalcum":5,"Boot":6,"Cursed Key":10,"Smiling Mask":12,"ClockworkSouvenir":11,"Anchor":13,"DollysMirror":14,"PureWater":0,"Meat on the Bone":5},{"Astrolabe":49,"Oddly Smooth Stone":76,"StoneCalendar":61,"Whetstone":85,"Odd Mushroom":9,"Orichalcum":9,"Boot":14,"Cursed Key":29,"Smiling Mask":35,"ClockworkSouvenir":30,"Anchor":38,"DollysMirror":41,"PureWater":0,"Meat on the Bone":9}],"Meat on the Bone":84},"card_choices":[{"not_picked":["Worship","Prostrate"],"picked":"FlurryOfBlows","floor":1.0},{"not_picked":["Fasting2","FollowUp","Evaluate"],"picked":"SKIP","floor":3.0},{"not_picked":["DeceiveReality","CutThroughFate"],"picked":"FearNoEvil","floor":4.0},{"not_picked":["FlurryOfBlows","Protect","Study"],"picked":"SKIP","floor":5.0},{"not_picked":["CarveReality","Evaluate"],"picked":"EmptyBody","floor":7.0},{"not_picked":["SignatureMove","FlyingSleeves"],"picked":"Judgement","floor":11.0},{"not_picked":["Consecrate","Prostrate"],"picked":"Vengeance","floor":12.0},{"not_picked":["FlurryOfBlows","ClearTheMind","Consecrate"],"picked":"SKIP","floor":13.0},{"not_picked":["Indignation","Consecrate"],"picked":"WheelKick","floor":14.0},{"not_picked":["Devotion","Blasphemy"],"picked":"Ragnarok","floor":16.0},{"not_picked":["Protect","EmptyBody"],"picked":"Pray+1","floor":18.0},{"not_picked":["SashWhip","Alpha"],"picked":"Adaptation","floor":24.0},{"not_picked":["Indignation+1","Nirvana","ClearTheMind"],"picked":"SKIP","floor":25.0},{"not_picked":["Indignation","ThirdEye"],"picked":"InnerPeace","floor":28.0},{"not_picked":["Worship+1","Meditate","Evaluate+1"],"picked":"SKIP","floor":31.0},{"not_picked":["Ragnarok","Alpha"],"picked":"DeusExMachina","floor":33.0},{"not_picked":["SandsOfTime+1","EmptyBody"],"picked":"Pray+1","floor":35.0},{"not_picked":["ThirdEye+1","FlyingSleeves","Fasting2+1"],"picked":"SKIP","floor":37.0},{"not_picked":["Fasting2","Protect","FollowUp+1"],"picked":"SKIP","floor":41.0},{"not_picked":["FlyingSleeves+1","EmptyMind+1","PathToVictory+1"],"picked":"SKIP","floor":46.0},{"not_picked":["JustLucky+1","SpiritShield","PathToVictory+1"],"picked":"SKIP","floor":47.0},{"not_picked":["JustLucky+1","SpiritShield","PathToVictory+1"],"picked":"SKIP","floor":47.0},{"not_picked":["JustLucky","FearNoEvil+1","FlyingSleeves+1"],"picked":"SKIP","floor":48.0},{"not_picked":["Ragnarok","CarveReality","Halt+1"],"picked":"SKIP","floor":54}],"player_experience":1478212,"relics_obtained":[{"floor":7.0,"key":"Odd Mushroom"},{"floor":9.0,"key":"Orichalcum"},{"floor":10.0,"key":"Meat on the Bone"},{"floor":11.0,"key":"Boot"},{"floor":24.0,"key":"Smiling Mask"},{"floor":41.0,"key":"StoneCalendar"},{"floor":48.0,"key":"Oddly Smooth Stone"},{"floor":54,"key":"Whetstone"}],"event_choices":[{"damage_healed":0.0,"max_hp_gain":0.0,"max_hp_loss":0.0,"gold_gain":0.0,"event_name":"Liars Game","player_choice":"Ignored","floor":2.0,"gold_loss":0.0,"damage_taken":0.0},{"damage_healed":0.0,"max_hp_gain":0.0,"max_hp_loss":0.0,"gold_gain":0.0,"event_name":"Mushrooms","player_choice":"Fought Mushrooms","floor":7.0,"gold_loss":0.0,"damage_taken":0.0},{"damage_healed":0.0,"max_hp_gain":0.0,"max_hp_loss":0.0,"gold_gain":99.0,"event_name":"Nest","player_choice":"Stole From Cult","floor":20.0,"gold_loss":0.0,"damage_taken":0.0},{"damage_healed":0.0,"max_hp_gain":0.0,"max_hp_loss":0.0,"gold_gain":0.0,"cards_transformed":["Strike_P","Strike_P"],"event_name":"Drug Dealer","player_choice":"Became Test Subject","floor":22.0,"gold_loss":0.0,"damage_taken":0.0,"cards_obtained":["MentalFortress","CrushJoints"]},{"damage_healed":0.0,"max_hp_gain":0.0,"max_hp_loss":0.0,"gold_gain":0.0,"event_name":"Upgrade Shrine","player_choice":"Upgraded","floor":30.0,"gold_loss":0.0,"damage_taken":0.0,"cards_upgraded":["Adaptation"]},{"cards_removed":["SashWhip"],"damage_healed":0.0,"max_hp_gain":0.0,"max_hp_loss":0.0,"gold_gain":0.0,"event_name":"Falling","player_choice":"Removed Attack","floor":38.0,"gold_loss":0.0,"damage_taken":0.0},{"damage_healed":0.0,"max_hp_gain":0.0,"max_hp_loss":3.0,"gold_gain":0.0,"event_name":"Winding Halls","player_choice":"Max HP","floor":45.0,"gold_loss":0.0,"damage_taken":0.0}],"is_beta":false,"boss_relics":[{"not_picked":["Black Star","Fusion Hammer"],"picked":"Cursed Key"},{"not_picked":["Tiny House","Empty Cage"],"picked":"Astrolabe"}],"items_purged_floors":[27,36,39,53],"is_endless":false,"potions_floor_spawned":[4,5,7,12,13,24,28,33,35,47,48,54],"ascension_level":10}}