{"host":"xg4r5pv6chpuampg","time":1613594097,"event":{"mods":["AchievementEnabler","BaseMod","Googly Eyes","Minty Spire (QoL Compilation)","StSLib","Together in Spire"],"gold_per_floor":[112,128,53,228,228,253,264,229,256,267,267,267,286,305,305,407,407,420,439,349,13,13,13,27,47,47,47,47],"floor_reached":27,"language":"ENG","playtime":964,"items_purged":[],"score":215,"play_id":"441c3c07-631d-4cc6-b997-f913c3f2a250","local_time":"20210217233457","is_ascension_mode":false,"campfire_choices":[{"floor":11,"key":"REST"},{"floor":15,"key":"REST"},{"data":"Ragnarok","floor":23,"key":"SMITH"}],"circlet_count":0,"master_deck":["Eruption","Vigilance","FlurryOfBlows","Tantrum","CarveReality","Doubt","FollowUp","SignatureMove+1","Evaluate","FlurryOfBlows","DeusExMachina+1","MentalFortress","EmptyFist","CutThroughFate","Ragnarok+1","Perseverance","Vengeance","Halt","FollowUp+1","FlurryOfBlows"],"relics":["PureWater","MealTicket","Centennial Puzzle","Pandora\u0027s Box","Blood Vial","Pen Nib","Ornamental Fan"],"acts_visited":["Exordium","TheCity"],"potions_floor_usage":[16,16],"damage_taken":[{"damage":0,"enemies":"2 Louse","floor":1,"turns":2},{"damage":0,"enemies":"Small Slimes","floor":2,"turns":2},{"damage":40,"enemies":"3 Sentries","floor":6,"turns":6},{"damage":6,"enemies":"Jaw Worm","floor":7,"turns":2},{"damage":9,"enemies":"Blue Slaver","floor":10,"turns":3},{"damage":6,"enemies":"3 Louse","floor":13,"turns":3},{"damage":36,"enemies":"Gremlin Gang","floor":14,"turns":3},{"damage":31,"enemies":"Hexaghost","floor":16,"turns":7},{"damage":22,"enemies":"2 Thieves","floor":18,"turns":3},{"damage":13,"enemies":"3 Byrds","floor":19,"turns":4},{"damage":26,"enemies":"Snecko","floor":24,"turns":3},{"damage":19,"enemies":"Centurion and Healer","floor":25,"turns":3},{"damage":15,"enemies":"Snake Plant","floor":27,"turns":3}],"seed_played":"-1231864426447271072","potions_obtained":[{"floor":7,"key":"SneckoOil"},{"floor":14,"key":"FearPotion"},{"floor":16,"key":"DuplicationPotion"},{"floor":18,"key":"SkillPotion"},{"floor":22,"key":"Regen Potion"}],"is_trial":false,"path_per_floor":["M","M","$","?","?","E","M","?","T","M","R","?","M","M","R","B",null,"M","M","?","$","?","R","M","M","T","M"],"character_chosen":"WATCHER","items_purchased":["CarveReality","Blood Vial","Pen Nib","FlurryOfBlows"],"campfire_rested":2,"item_purchase_floors":[3,21,21,21],"current_hp_per_floor":[72,72,72,72,69,29,23,41,41,32,53,53,47,11,32,1,72,50,37,37,52,52,52,28,11,11,0,0],"gold":47,"neow_bonus":"REMOVE_CARD","is_daily":false,"chose_seed":false,"campfire_upgraded":1,"win_rate":0.0,"timestamp":1613594097,"path_taken":["M","M","$","?","?","E","?","?","T","M","R","?","?","M","R","BOSS","M","M","?","$","?","R","?","M","T","M"],"items_purchased_type":["Card","Relic","Relic","Card"],"build_version":"2020-12-22","purchased_purges":0,"victory":false,"max_hp_per_floor":[72,72,72,72,72,72,72,72,72,72,72,72,72,72,72,72,72,72,72,72,72,72,72,72,72,72,72,72],"card_choices":[{"not_picked":["FollowUp","WindmillStrike"],"picked":"FlurryOfBlows","floor":1},{"not_picked":["ThirdEye","Halt"],"picked":"Tantrum","floor":2},{"not_picked":["SashWhip","ThirdEye"],"picked":"FollowUp","floor":6},{"not_picked":["FlurryOfBlows","Consecrate"],"picked":"SignatureMove","floor":7},{"not_picked":["Indignation","WreathOfFlame","BowlingBash"],"picked":"SKIP","floor":10},{"not_picked":["LikeWater","Meditate"],"picked":"Evaluate","floor":13},{"not_picked":["CutThroughFate","MentalFortress"],"picked":"FlurryOfBlows","floor":14},{"not_picked":["ConjureBlade","SpiritShield"],"picked":"DeusExMachina","floor":16},{"not_picked":["EmptyBody","Protect"],"picked":"Halt","floor":18},{"not_picked":["EmptyBody","FlyingSleeves"],"picked":"FollowUp+1","floor":19},{"not_picked":["Swivel","Adaptation","InnerPeace"],"picked":"SKIP","floor":24},{"not_picked":["Crescendo","PathToVictory","Study"],"picked":"SKIP","floor":25}],"player_experience":140007,"relics_obtained":[{"floor":6,"key":"Centennial Puzzle"},{"floor":26,"key":"Ornamental Fan"}],"event_choices":[{"damage_healed":0,"gold_gain":175,"player_choice":"AGREE","damage_taken":0,"max_hp_gain":0,"max_hp_loss":0,"event_name":"Liars Game","floor":4,"gold_loss":0,"cards_obtained":["Doubt"]},{"damage_healed":0,"gold_gain":0,"player_choice":"Success","damage_taken":3,"relics_obtained":["MealTicket"],"max_hp_gain":0,"max_hp_loss":0,"event_name":"Scrap Ooze","floor":5,"gold_loss":0},{"damage_healed":18,"gold_gain":0,"player_choice":"Healed","damage_taken":0,"max_hp_gain":0,"max_hp_loss":0,"event_name":"The Cleric","floor":8,"gold_loss":35},{"damage_healed":0,"gold_gain":0,"player_choice":"Forge","damage_taken":0,"max_hp_gain":0,"max_hp_loss":0,"event_name":"Accursed Blacksmith","floor":12,"gold_loss":0,"cards_upgraded":["SignatureMove"]},{"cards_removed":["EmptyMind"],"damage_healed":0,"gold_gain":0,"player_choice":"Upgrade and Remove","damage_taken":0,"max_hp_gain":0,"max_hp_loss":0,"event_name":"Designer","floor":20,"gold_loss":90,"cards_upgraded":["DeusExMachina"]},{"damage_healed":0,"gold_gain":0,"player_choice":"Got Potions","damage_taken":0,"max_hp_gain":0,"max_hp_loss":0,"event_name":"Lab","floor":22,"gold_loss":0}],"is_beta":false,"boss_relics":[{"not_picked":["Calling Bell","Coffee Dripper"],"picked":"Pandora\u0027s Box"}],"items_purged_floors":[],"is_endless":false,"potions_floor_spawned":[7,14,16,18,24],"killed_by":"Snake Plant","ascension_level":0}}