{"host":"2ty4h143nj8vwezc","time":1613534376,"event":{"mods":["BaseMod","Colored Map","Googly Eyes","Highlight Path","Minty Spire (QoL Compilation)","Quick Restart","StSLib"],"gold_per_floor":[113,63,110,110,130,155,175,175,175,175,208,37,37,62,62,167,167,186,186,204,204,216,216,131,147,147,147,181,70,82,97,97,97,97],"floor_reached":33,"language":"ENG","playtime":1753,"items_purged":["Defend_B"],"score":493,"play_id":"fc9f731d-18b7-434d-8781-9aacd3d59c2c","local_time":"20210216225936","is_ascension_mode":true,"campfire_choices":[{"data":"Turbo","floor":8,"key":"SMITH"},{"data":"Double Energy","floor":10,"key":"SMITH"},{"floor":15,"key":"REST"},{"floor":23,"key":"REST"},{"data":"Reboot","floor":27,"key":"SMITH"},{"floor":32,"key":"REST"}],"circlet_count":0,"master_deck":["AscendersBane","Strike_B","Strike_B","Strike_B","Defend_B","Defend_B","Zap","Dualcast","Double Energy+1","BootSequence","Turbo+1","Reboot+1","The Bomb","Self Repair+1","Hyperbeam","Sweeping Beam+1","Reprogram","Turbo","Leap","Hello World+1","Auto Shields+1","Melter","All For One","Turbo+1"],"relics":["Cracked Core","NeowsBlessing","PreservedInsect","Ice Cream","Darkstone Periapt","Tiny Chest","CaptainsWheel","Frozen Egg 2","Strawberry","Centennial Puzzle","Matryoshka","Potion Belt"],"acts_visited":["Exordium","TheCity"],"potions_floor_usage":[11,20,28,33],"damage_taken":[{"damage":0,"enemies":"Cultist","floor":1,"turns":1},{"damage":0,"enemies":"Jaw Worm","floor":5,"turns":1},{"damage":0,"enemies":"Lagavulin","floor":6,"turns":1},{"damage":0,"enemies":"2 Louse","floor":7,"turns":2},{"damage":29,"enemies":"Gremlin Nob","floor":11,"turns":4},{"damage":10,"enemies":"3 Sentries","floor":14,"turns":3},{"damage":40,"enemies":"Hexaghost","floor":16,"turns":9},{"damage":6,"enemies":"Spheric Guardian","floor":18,"turns":4},{"damage":22,"enemies":"3 Byrds","floor":20,"turns":3},{"damage":30,"enemies":"Snake Plant","floor":22,"turns":5},{"damage":2,"enemies":"Chosen and Byrds","floor":25,"turns":3},{"damage":15,"enemies":"Slavers","floor":28,"turns":2},{"damage":23,"enemies":"Centurion and Healer","floor":30,"turns":4},{"damage":23,"enemies":"Cultist and Chosen","floor":31,"turns":6},{"damage":49,"enemies":"Champ","floor":33,"turns":8}],"seed_played":"3433628580158030586","potions_obtained":[{"floor":6,"key":"Weak Potion"},{"floor":16,"key":"PowerPotion"},{"floor":25,"key":"Strength Potion"},{"floor":28,"key":"Fire Potion"},{"floor":31,"key":"Energy Potion"}],"is_trial":false,"path_per_floor":["M","?","T","?","M","E","M","R","T","R","E","$","?","E","R","B",null,"M","?","M","T","M","R","?","M","T","R","E","$","M","M","R","B"],"character_chosen":"DEFECT","items_purchased":["The Bomb","Melter"],"campfire_rested":3,"item_purchase_floors":[12,29],"current_hp_per_floor":[68,68,68,68,68,68,68,68,68,68,39,39,36,26,48,18,61,65,65,43,50,30,54,54,62,62,62,57,57,34,21,45,0,0],"gold":97,"neow_bonus":"THREE_ENEMY_KILL","is_daily":false,"chose_seed":false,"campfire_upgraded":3,"win_rate":0.0,"timestamp":1613534376,"path_taken":["M","?","?","?","M","E","?","R","T","R","E","?","?","E","R","BOSS","M","?","M","?","M","R","?","M","T","R","E","?","M","M","R","BOSS"],"items_purchased_type":["Card","Card"],"build_version":"2020-12-22","purchased_purges":1,"victory":false,"max_hp_per_floor":[75,75,75,75,75,75,75,75,75,75,75,75,75,75,75,75,75,75,75,75,82,82,82,82,82,82,82,82,82,82,82,82,82,82],"card_choices":[{"not_picked":["Conserve Battery","Ball Lightning"],"picked":"Double Energy","floor":1},{"not_picked":["Steam","Hologram"],"picked":"BootSequence","floor":5},{"not_picked":["Stack","Static Discharge","Barrage"],"picked":"SKIP","floor":6},{"not_picked":["Gash","Sweeping Beam"],"picked":"Turbo","floor":7},{"not_picked":["Rip and Tear","Reinforced Body"],"picked":"Reboot","floor":11},{"not_picked":["Reboot","Cold Snap"],"picked":"Self Repair+1","floor":14},{"not_picked":["Core Surge","Meteor Strike"],"picked":"Hyperbeam","floor":16},{"not_picked":["Leap","Ball Lightning"],"picked":"Sweeping Beam+1","floor":18},{"not_picked":["Stack","Gash"],"picked":"Turbo","floor":20},{"not_picked":["Recycle","Compile Driver+1"],"picked":"Leap","floor":22},{"not_picked":["Compile Driver","White Noise"],"picked":"Hello World+1","floor":25},{"not_picked":["Rebound","Leap"],"picked":"Auto Shields+1","floor":28},{"not_picked":["Redo","Steam+1"],"picked":"All For One","floor":30},{"not_picked":["Leap","Undo"],"picked":"Turbo+1","floor":31}],"player_experience":435052,"relics_obtained":[{"floor":3,"key":"PreservedInsect"},{"floor":6,"key":"Ice Cream"},{"floor":9,"key":"Darkstone Periapt"},{"floor":11,"key":"Tiny Chest"},{"floor":14,"key":"Frozen Egg 2"},{"floor":21,"key":"Strawberry"},{"floor":26,"key":"Matryoshka"},{"floor":28,"key":"Potion Belt"}],"event_choices":[{"cards_removed":["Defend_B"],"damage_healed":0,"gold_gain":0,"player_choice":"Card Removal","damage_taken":0,"max_hp_gain":0,"max_hp_loss":0,"event_name":"The Cleric","floor":2,"gold_loss":50},{"cards_removed":["Strike_B"],"damage_healed":0,"gold_gain":0,"player_choice":"Purged","damage_taken":0,"max_hp_gain":0,"max_hp_loss":0,"event_name":"Purifier","floor":4,"gold_loss":0},{"damage_healed":0,"gold_gain":0,"player_choice":"Success","damage_taken":3,"relics_obtained":["CaptainsWheel"],"max_hp_gain":0,"max_hp_loss":0,"event_name":"Scrap Ooze","floor":13,"gold_loss":0},{"damage_healed":0,"gold_gain":0,"player_choice":"Read","damage_taken":0,"max_hp_gain":0,"max_hp_loss":0,"event_name":"The Library","floor":19,"gold_loss":0,"cards_obtained":["Reprogram"]},{"damage_healed":0,"gold_gain":0,"player_choice":"Obtained Relic","damage_taken":0,"relics_obtained":["Centennial Puzzle"],"max_hp_gain":0,"max_hp_loss":0,"event_name":"Addict","floor":24,"gold_loss":85}],"is_beta":false,"boss_relics":[{"not_picked":["Fusion Hammer","Inserter","Philosopher\u0027s Stone"]}],"items_purged_floors":[29],"is_endless":false,"potions_floor_spawned":[6,16,25,28,31],"killed_by":"Champ","ascension_level":12}}