{"host":"6q5en8l1tdm8cus3","time":1613523294,"event":{"mods":["Act Like it!","Arknights","Aspiration","Bartender","BaseMod","BetterRewards","Downfall","Duelist Mod","Energized Spire","Gensokyo","Hallownest","Hermit","Hubris","Jorbs\u0027s Wanderer Trilogy","KinomotoSakuraMod(????)","Koishi","KomeijiMod","LagranYue(???·?)","Marisa????????","Minty Spire (QoL Compilation)","READ ME - Guardian Mod","Reimu??????","Remilia??????","Replay The Spire","Spicy Shops","StSLib","SuperFastMode","Td1madao Mod","The Administrix","The Animator","The Bug Knight","The Construct","The Cursed","The Disciple","The Florist","The Hierophant","The Marked","The Mystic","The Necromancer","The Poker Player","The Runesmith","The Servant 0.9.4","The Valiant","The Wild Card","TheBandit","Wandering Minibosses","Youmu??????"],"gold_per_floor":[99,199,217,217,229,229,283,300,329,341,341,86,86,97,107,107,107],"floor_reached":16,"language":"ENG","playtime":1153,"items_purged":[],"score":127,"play_id":"a48f1655-46d5-4a2d-aeeb-4b129e23e954","local_time":"20210216195454","is_ascension_mode":false,"campfire_choices":[{"floor":1,"key":"DIG"},{"floor":11,"key":"REST"},{"data":"SpellCardSeal","floor":13,"key":"SMITH"}],"circlet_count":0,"master_deck":["ClowCardTheSword","ClowCardTheSword","ClowCardTheSword","ClowCardTheSword","ClowCardTheShield","ClowCardTheShield","ClowCardTheShield","ClowCardTheShield","SpellCardSeal+1","SpellCardRelease","ClowCardTheMaze","ClowCardTheSand","ClowCardTheDream","ClowCardTheMist","ClowCardTheSnow","ClowCardTheSand","ClowCardThePower","ClowCardTheShadow"],"relics":["KSMOD_SealedBook","KSMOD_SealedWand","LagranYue:RandomDrawCardRelic","hubris:TenFootPole","hubris:Icosahedron","MealTicket","ReplayTheSpireMod:Ninjato","Replay:Wax Seal","BargainBundle"],"acts_visited":["Exordium"],"potions_floor_usage":[9,14],"damage_taken":[{"damage":11,"enemies":"ats:Genji","floor":3,"turns":5},{"damage":2,"enemies":"Small Slimes","floor":5,"turns":5},{"damage":0,"enemies":"2 Louse","floor":8,"turns":1},{"damage":0,"enemies":"HollowMod:MossKnight","floor":9,"turns":7},{"damage":19,"enemies":"Exordium Thugs","floor":10,"turns":7},{"damage":5,"enemies":"downfall:FleeingMerchant","floor":12,"turns":4},{"damage":8,"enemies":"Red Slaver","floor":14,"turns":3},{"damage":30,"enemies":"Lots of Slimes","floor":15,"turns":5},{"damage":35,"enemies":"IC_STATUS_ARCHETYPE","floor":16,"turns":8}],"seed_played":"6099783086353438568","potions_obtained":[{"floor":5,"key":"Elixir"},{"floor":8,"key":"Adrenaline Potion"},{"floor":10,"key":"ColorlessPotion"}],"is_trial":false,"path_per_floor":["R","?","M","?","M","?","T","M","E","M","R","$","R","M","M","B"],"character_chosen":"KINOMOTOSAKURA","items_purchased":["Replay:Wax Seal","BargainBundle"],"campfire_rested":1,"item_purchase_floors":[12,12],"current_hp_per_floor":[77,77,66,66,64,64,64,64,64,45,68,72,72,64,34,0,0],"gold":107,"neow_bonus":"TEN_PERCENT_HP_BONUS","is_daily":false,"chose_seed":false,"campfire_upgraded":1,"win_rate":0.0,"timestamp":1613523294,"path_taken":["R","?","M","?","M","?","T","?","E","M","R","$","R","M","M","BOSS"],"items_purchased_type":["Relic","Relic"],"build_version":"2020-12-22","purchased_purges":0,"victory":false,"max_hp_per_floor":[77,77,77,77,77,77,77,77,77,77,77,77,77,77,77,77,77],"card_choices":[{"not_picked":["ClowCardTheSand","ClowCardTheCloud"],"picked":"ClowCardTheMaze","floor":3},{"not_picked":["ClowCardTheErase","ClowCardTheDash"],"picked":"ClowCardTheDream","floor":5},{"not_picked":["ClowCardTheSilent","ClowCardTheIllusion"],"picked":"ClowCardTheMist","floor":8},{"not_picked":["ClowCardTheSilent","ClowCardTheThrough"],"picked":"ClowCardTheSnow","floor":9},{"not_picked":["ClowCardTheVoice","ClowCardTheLibra"],"picked":"ClowCardTheSand","floor":10},{"not_picked":["ClowCardTheErase","ClowCardTheWindy"],"picked":"ClowCardThePower","floor":12},{"not_picked":["ClowCardTheStorm","ClowCardTheWood","ClowCardTheLight"],"picked":"SKIP","floor":14},{"not_picked":["ClowCardTheIllusion","ClowCardTheDream"],"picked":"ClowCardTheShadow","floor":15}],"player_experience":1066540,"relics_obtained":[{"floor":1,"key":"hubris:TenFootPole"},{"floor":7,"key":"MealTicket"},{"floor":9,"key":"ReplayTheSpireMod:Ninjato"}],"event_choices":[],"is_beta":false,"boss_relics":[],"items_purged_floors":[],"is_endless":false,"potions_floor_spawned":[5,8,10],"killed_by":"IC_STATUS_ARCHETYPE","ascension_level":0}}