{"host":"27c1zwn2rxlukojz","time":1613592926,"event":{"mods":["BaseMod","Filter the Spire","Minty Spire (QoL Compilation)","Relic Stats","StSLib"],"gold_per_floor":[109,109,284,297,86,86,86,86,86,101,101,101,119,194,194,298,298,313,313,263,282,8,8,8,8,8,28,28,54,54,54,54,54,54],"floor_reached":33,"language":"DEU","playtime":758,"items_purged":["Doubt"],"score":299,"play_id":"4ff3f7ad-5127-4e54-8772-c6efd93ed7ba","local_time":"20210217211526","daily_mods":["Time Dilation","Flight"],"is_ascension_mode":false,"campfire_choices":[{"data":"Clothesline","floor":6,"key":"SMITH"},{"data":"Clothesline","floor":8,"key":"SMITH"},{"data":"Whirlwind","floor":12,"key":"SMITH"},{"data":"Blood for Blood","floor":15,"key":"SMITH"},{"data":"Carnage","floor":23,"key":"SMITH"},{"data":"Corruption","floor":24,"key":"SMITH"},{"data":"Fiend Fire","floor":28,"key":"SMITH"},{"data":"Apotheosis","floor":32,"key":"SMITH"}],"circlet_count":0,"master_deck":["Strike_R","Strike_R","Defend_R","Defend_R","Defend_R","Defend_R","Bash","Clothesline+1","Shrug It Off","Flame Barrier+1","Clothesline+1","Whirlwind+1","Blood for Blood+1","Corruption+1","Fiend Fire+1","Thunderclap","Infernal Blade","Apotheosis+1","Carnage+1","Metallicize+1"],"relics":["Snecko Eye","Kunai"],"acts_visited":["Exordium","TheCity"],"potions_floor_usage":[29,29],"damage_taken":[{"damage":6,"enemies":"Jaw Worm","floor":1,"turns":3},{"damage":0,"enemies":"2 Louse","floor":4,"turns":3},{"damage":0,"enemies":"Small Slimes","floor":10,"turns":1},{"damage":0,"enemies":"Blue Slaver","floor":13,"turns":2},{"damage":0,"enemies":"Hexaghost","floor":16,"turns":6},{"damage":0,"enemies":"3 Byrds","floor":18,"turns":3},{"damage":0,"enemies":"Chosen","floor":21,"turns":3},{"damage":0,"enemies":"Shelled Parasite and Fungi","floor":27,"turns":4},{"damage":8,"enemies":"Book of Stabbing","floor":29,"turns":4},{"damage":3,"enemies":"Champ","floor":33,"turns":4}],"seed_played":"-7274738530558386640","potions_obtained":[{"floor":4,"key":"SpeedPotion"},{"floor":13,"key":"SkillPotion"},{"floor":21,"key":"DistilledChaos"}],"is_trial":true,"path_per_floor":["M","?","?","M","$","R","?","R","T","M","?","R","M","?","R","B",null,"M","?","?","M","$","R","R","?","T","M","R","E","?","?","R","B"],"character_chosen":"IRONCLAD","items_purchased":["Flame Barrier","Energy Potion","Clothesline","Apotheosis","Carnage"],"campfire_rested":0,"item_purchase_floors":[5,5,5,22,22],"current_hp_per_floor":[74,74,74,74,74,74,74,74,74,74,67,67,67,56,56,56,80,80,80,80,80,80,80,80,80,80,80,80,72,72,72,72,69,69],"gold":54,"neow_bonus":"","is_daily":false,"chose_seed":false,"campfire_upgraded":8,"win_rate":0.0,"timestamp":1613592926,"path_taken":["M","?","?","M","$","R","?","R","T","M","?","R","?","?","R","BOSS","M","?","?","?","?","R","R","?","T","?","R","E","?","?","R","BOSS"],"items_purchased_type":["Card","Potion","Card","Card","Card"],"build_version":"2020-12-22","purchased_purges":1,"victory":false,"max_hp_per_floor":[80,80,80,80,80,80,80,80,80,80,80,80,80,80,80,80,80,80,80,80,80,80,80,80,80,80,80,80,80,80,80,80,80,80],"relic_stats":{"counters":[10,32],"Snecko Eye":[59,47,64,50],"Kunai":[2],"obtain_stats":[{"Snecko Eye":0,"Kunai":29},{"Snecko Eye":0,"Kunai":9},{"Snecko Eye":0,"Kunai":29}]},"card_choices":[{"not_picked":["Cleave","Heavy Blade"],"picked":"Clothesline","floor":1},{"not_picked":["Anger","Iron Wave"],"picked":"Shrug It Off","floor":4},{"not_picked":["Twin Strike","Body Slam"],"picked":"Whirlwind","floor":10},{"not_picked":["Flex","Entrench"],"picked":"Blood for Blood","floor":13},{"not_picked":["Feed","Double Tap"],"picked":"Corruption","floor":16},{"not_picked":["Wild Strike+1","Havoc+1","Twin Strike"],"picked":"SKIP","floor":18},{"not_picked":["Clash","Anger"],"picked":"Infernal Blade","floor":21},{"not_picked":["Heavy Blade","Pommel Strike"],"picked":"Metallicize+1","floor":27},{"not_picked":["Body Slam","Havoc","Sword Boomerang"],"picked":"SKIP","floor":29}],"player_experience":4011484,"relics_obtained":[{"floor":29,"key":"Kunai"}],"event_choices":[{"damage_healed":0,"gold_gain":0,"player_choice":"Fled","damage_taken":0,"max_hp_gain":0,"max_hp_loss":0,"event_name":"Scrap Ooze","floor":2,"gold_loss":0},{"damage_healed":0,"gold_gain":175,"player_choice":"AGREE","damage_taken":0,"max_hp_gain":0,"max_hp_loss":0,"event_name":"Liars Game","floor":3,"gold_loss":0,"cards_obtained":["Doubt"]},{"damage_healed":0,"gold_gain":0,"player_choice":"Ignored","damage_taken":0,"max_hp_gain":0,"max_hp_loss":0,"event_name":"Golden Idol","floor":7,"gold_loss":0},{"cards_removed":["Strike_R"],"damage_healed":0,"gold_gain":0,"player_choice":"Card Removal","damage_taken":7,"max_hp_gain":0,"max_hp_loss":0,"event_name":"Golden Wing","floor":11,"gold_loss":0},{"damage_healed":0,"gold_gain":75,"player_choice":"Gather Gold","damage_taken":11,"max_hp_gain":0,"max_hp_loss":0,"event_name":"World of Goop","floor":14,"gold_loss":0},{"damage_healed":0,"gold_gain":0,"cards_transformed":["Strike_R","Strike_R"],"player_choice":"Became Test Subject","damage_taken":0,"max_hp_gain":0,"max_hp_loss":0,"event_name":"Drug Dealer","floor":19,"gold_loss":0,"cards_obtained":["Fiend Fire","Thunderclap"]},{"damage_healed":0,"gold_gain":0,"player_choice":"Bet on Murderer","damage_taken":0,"max_hp_gain":0,"max_hp_loss":0,"event_name":"The Joust","floor":20,"gold_loss":50},{"damage_healed":0,"gold_gain":0,"player_choice":"Forge","damage_taken":0,"max_hp_gain":0,"max_hp_loss":0,"event_name":"Accursed Blacksmith","floor":25,"gold_loss":0,"cards_upgraded":["Flame Barrier"]},{"damage_healed":0,"gold_gain":0,"player_choice":"Ignored","damage_taken":0,"max_hp_gain":0,"max_hp_loss":0,"event_name":"Ghosts","floor":31,"gold_loss":0}],"is_beta":false,"boss_relics":[{"not_picked":["Cursed Key","Fusion Hammer","Runic Pyramid"]}],"items_purged_floors":[5],"is_endless":false,"potions_floor_spawned":[4,13,18,21],"killed_by":"Champ","ascension_level":0}}