{"host":"wi1dz5t8299iil0b","time":1613599545,"event":{"mods":["2.2 Compatiblity","Act Like it!","Aspiration","Astrologer","BaseMod","Beaked The Cultist","Better Debug","Better Match","Better Note","Better Sensory Stone","Better Synergies","Better Third Choice","BetterRewards","Bossed Relics","Colored Map","Colored Powertips","Communication Mod","Conjunction","Conspire","Downfall","Fiend Mod","Fox Events","Friendly Minions","GifTheSpireLib","GungeonMod","Halation","Hallownest","Highlight Path","Hubris","Infinite Spire","Jedi Mod","Lobotomy","Mad Scientist","Minty Spire (QoL Compilation)","Permanent Neow","RNG Fix","Reliquary","Replay The Spire","Ruina","Shade Mod","Shapeshifter Mod","Shop Mod","Spikes Relics","Spire Arcade","StS++","StSLib","Stuff the Spire","The Blackbeard","The Blue Laboratory","The Bug Knight","The Construct","The Cursed","The Death Knight","The Dragonkin","The Druid","The Necromancer","The Problem Sleuth","The Sage","TheHeartMod","TheSurvivalist","Trackpad","Wandering Minibosses","????"],"gold_per_floor":[119,232,246,206,206,206,221,231,231,231,231,231,257,272,272,368,368,382,382,397,397,413,446,446,133,215,233,233,233,247,260,260,358,358,374,374,391,106,106,106,106,127,127,127,127,151,171,171,171,171,171],"floor_reached":50,"language":"ENG","playtime":4976,"items_purged":["StSShapeShifter:Lynx_Form+1"],"score":639,"play_id":"16ea7e4c-9032-4493-bdbe-53bcd164ffc6","local_time":"20210217170545","is_ascension_mode":false,"campfire_choices":[{"data":"StSShapeShifter:WolfForm","floor":15,"key":"SMITH"},{"data":"StSShapeShifter:BarkSkin","floor":29,"key":"SMITH"},{"data":"StSShapeShifter:Pounce","floor":32,"key":"SMITH"},{"floor":40,"key":"REST"},{"floor":44,"key":"REST"},{"data":"StSShapeShifter:Ensconce","floor":49,"key":"SMITH"}],"circlet_count":0,"master_deck":["StSShapeShifter:ShapeShifter_Strike","StSShapeShifter:ShapeShifter_Strike","StSShapeShifter:ShapeShifter_Strike","StSShapeShifter:ShapeShifter_Strike","StSShapeShifter:ShapeShifter_Strike","StSShapeShifter:ShapeShifter_Defend","StSShapeShifter:ShapeShifter_Defend","StSShapeShifter:ShapeShifter_Defend","StSShapeShifter:ShapeShifter_Defend","StSShapeShifter:ShapeShifter_Defend","StSShapeShifter:Tortoise_Form","StSShapeShifter:EagleForm","StSShapeShifter:Ensconce+1","StSShapeShifter:BarkSkin+1","StSShapeShifter:BaskInBloom","StSShapeShifter:WolfForm+1","StSShapeShifter:FesteringBite","StSShapeShifter:ClimbTree","Regret","StSShapeShifter:BloomingSlash","StSShapeShifter:DragonForm+1","StSShapeShifter:BarkSkin+1","StSShapeShifter:Hunt+1","StSShapeShifter:RaptorForm+1","StSShapeShifter:Pounce+1","StSShapeShifter:FullMoon+1","StSShapeShifter:WolfsBane+1","infinitespire:Fortify+1","StSShapeShifter:Synchronicity+1"],"relics":["StSShapeShifter:AnimalHeart","StSShapeShifter:TheShapeShiftersMagnolia","halation:Jellyphish","Lizard Tail","Lantern","RetroEgg","Du-Vu Doll","reliquary:RoseTintedGlasses","Fiend:Scarf","StSShapeShifter:BeastkeepersGift","StuffTheSpire:Mouthbags","infinitespire:EmpoweringShard","Snack Pack","aspiration:RandomNobGenerator","hubris:HollowSoul","Juzu Bracelet","infinitespire:EvilPickle","trackpad:PetRock","PreservedInsect","trackpad:AdjectivePendant"],"acts_visited":["Exordium","TheCity","TheBeyond"],"potions_floor_usage":[18,23],"damage_taken":[{"damage":2,"enemies":"conspire:RoseBush","floor":1,"turns":5},{"damage":0,"enemies":"2 Louse","floor":2,"turns":1},{"damage":0,"enemies":"Small Slimes","floor":3,"turns":6},{"damage":20,"enemies":"Gremlin Gang","floor":7,"turns":10},{"damage":6,"enemies":"3 Louse","floor":8,"turns":5},{"damage":16,"enemies":"Replay:BlueRogue","floor":13,"turns":11},{"damage":0,"enemies":"Blue Slaver","floor":14,"turns":4},{"damage":118,"enemies":"The Guardian","floor":16,"turns":17},{"damage":31,"enemies":"2 Thieves","floor":18,"turns":5},{"damage":4,"enemies":"3 Byrds","floor":20,"turns":3},{"damage":21,"enemies":"Shelled Parasite and Fungi","floor":22,"turns":5},{"damage":103,"enemies":"Slavers","floor":23,"turns":9},{"damage":30,"enemies":"conspire:HollyBat","floor":27,"turns":10},{"damage":2,"enemies":"Cultist and Chosen","floor":30,"turns":4},{"damage":12,"enemies":"Snake Plant","floor":31,"turns":4},{"damage":26,"enemies":"Pondfish","floor":33,"turns":9},{"damage":6,"enemies":"3 Shapes","floor":35,"turns":2},{"damage":8,"enemies":"Orb Walker","floor":37,"turns":3},{"damage":5,"enemies":"Spire Growth","floor":42,"turns":5},{"damage":5,"enemies":"Maw","floor":46,"turns":5},{"damage":53,"enemies":"Sphere and 2 Shapes","floor":47,"turns":7},{"damage":15,"enemies":"Awakened One","floor":50,"turns":2}],"seed_played":"-6558583044397342476","potions_obtained":[{"floor":1,"key":"blueLaboratory:TrueEctoplasm"},{"floor":2,"key":"blueLaboratory:TrueEctoplasm"},{"floor":4,"key":"Guardian:BlockOnCardUsePotion"},{"floor":4,"key":"FairyPotion"},{"floor":4,"key":"Strength Potion"},{"floor":16,"key":"DistilledChaos"},{"floor":22,"key":"SkillPotion"},{"floor":23,"key":"GamblersBrew"},{"floor":27,"key":"blueLaboratory:BottleOfRum"},{"floor":42,"key":"Weak Potion"}],"is_trial":false,"path_per_floor":["M","M","M","?","?","T","M","M","T","?","?","$","E","M","R","B",null,"M","?","M","T","M","E","?","$","T","M","AVR","R","M","M","R","B",null,"M","?","M","$","?","R","?","M","T","R","?","M","M","?","R","B"],"character_chosen":"SHAPESHIFTER","items_purchased":["halation:Jellyphish","StSShapeShifter:EagleForm","StSShapeShifter:Ensconce","StSShapeShifter:BarkSkin","StSShapeShifter:BaskInBloom","infinitespire:EmpoweringShard","Juzu Bracelet","StSShapeShifter:WolfsBane"],"campfire_rested":2,"item_purchase_floors":[0,0,0,0,0,25,38,38],"current_hp_per_floor":[76,76,78,78,78,78,66,74,74,74,74,74,78,78,78,78,78,53,53,49,49,49,31,31,31,31,53,53,53,53,47,47,55,58,52,52,51,51,37,55,37,32,32,50,50,45,46,46,46,0,0],"gold":171,"neow_bonus":"","is_daily":false,"chose_seed":false,"campfire_upgraded":4,"win_rate":0.0,"timestamp":1613599545,"path_taken":["M","M","M","?","?","?","?","?","T","?","?","?","E","M","R","BOSS","M","?","M","?","M","E","?","?","T","?","AVR","R","M","?","R","BOSS","M","?","M","$","?","R","?","M","T","R","?","M","M","?","R","BOSS"],"items_purchased_type":["Relic","Card","Card","Card","Card","Relic","Relic","Card"],"build_version":"2020-12-22","purchased_purges":1,"victory":false,"max_hp_per_floor":[78,78,78,78,78,78,78,78,78,78,78,78,78,78,78,78,78,78,78,78,78,78,78,78,78,78,58,58,58,58,58,58,58,58,58,58,63,63,63,63,63,63,63,63,63,63,64,64,64,64,64],"card_choices":[{"not_picked":["StSShapeShifter:ThornToss","StSShapeShifter:Sapling","StSShapeShifter:BurstingSpore"],"picked":"SKIP","floor":1},{"not_picked":["StSShapeShifter:MonkeyForm","StSShapeShifter:BarkSkin"],"picked":"StSShapeShifter:WolfForm","floor":2},{"not_picked":["StSShapeShifter:Roar","StSShapeShifter:SquirrelForm"],"picked":"StSShapeShifter:FesteringBite","floor":3},{"not_picked":["StSShapeShifter:AdaptiveStrikes","StSShapeShifter:CosmicShifter","StSShapeShifter:BarkSkin"],"picked":"SKIP","floor":7},{"not_picked":["StSShapeShifter:ThornToss","StSShapeShifter:SquirrelForm"],"picked":"StSShapeShifter:ClimbTree","floor":8},{"not_picked":["StSShapeShifter:Maul","StSShapeShifter:DeerForm"],"picked":"StSShapeShifter:BloomingSlash","floor":13},{"not_picked":["StSShapeShifter:Roar","StSShapeShifter:LeapingSlash","StSShapeShifter:FlowerShield"],"picked":"SKIP","floor":14},{"not_picked":["StSShapeShifter:HydraForm","StSShapeShifter:Tornado"],"picked":"StSShapeShifter:DragonForm","floor":16},{"not_picked":["StSShapeShifter:OakBlade","StSShapeShifter:RockSlide","StSShapeShifter:Wildfire2+1"],"picked":"SKIP","floor":18},{"not_picked":["StSShapeShifter:EmbraceTheCycle","StSShapeShifter:Guard+1","StSShapeShifter:DeerForm"],"picked":"SKIP","floor":20},{"not_picked":["StSShapeShifter:BearForm","StSShapeShifter:ClimbTree"],"picked":"StSShapeShifter:BarkSkin+1","floor":22},{"not_picked":["StSShapeShifter:MonkeyForm","StSShapeShifter:VineHandcuffs","StSShapeShifter:Sapling"],"picked":"SKIP","floor":23},{"not_picked":["StSShapeShifter:MonkeyForm","StSShapeShifter:VineHandcuffs","StSShapeShifter:Sapling"],"picked":"SKIP","floor":23},{"not_picked":["StSShapeShifter:MonkeyForm","StSShapeShifter:AdaptiveStrikes+1"],"picked":"StSShapeShifter:Hunt+1","floor":27},{"not_picked":["StSShapeShifter:FlowerShield","StSShapeShifter:PoisonIvy"],"picked":"StSShapeShifter:RaptorForm+1","floor":30},{"not_picked":["StSShapeShifter:WaspSwarmForm","StSShapeShifter:FallingLeaves"],"picked":"StSShapeShifter:Pounce","floor":31},{"not_picked":["StSShapeShifter:RestoreBalance","StSShapeShifter:Summer"],"picked":"StSShapeShifter:FullMoon","floor":33},{"not_picked":["StSShapeShifter:VileMushroom","StSShapeShifter:MonkeyForm+1","StSShapeShifter:Sapling+1"],"picked":"SKIP","floor":35},{"not_picked":["StSShapeShifter:FallingLeaves+1","StSShapeShifter:BladeOfGrass+1","StSShapeShifter:Rest"],"picked":"SKIP","floor":37},{"not_picked":["infinitespire:DeathsTouch","infinitespire:SevenWalls"],"picked":"infinitespire:Fortify","floor":39},{"not_picked":["StSShapeShifter:DeerForm","StSShapeShifter:FallingLeaves","StSShapeShifter:OakBlade+1"],"picked":"SKIP","floor":42},{"not_picked":["StSShapeShifter:EagleForm","StSShapeShifter:FesteringBite","StSShapeShifter:FallingLeaves+1"],"picked":"SKIP","floor":46},{"not_picked":["StSShapeShifter:Rabid+1","StSShapeShifter:ThornToss+1"],"picked":"StSShapeShifter:Synchronicity+1","floor":47}],"player_experience":199689,"relics_obtained":[{"floor":6,"key":"Lantern"},{"floor":9,"key":"RetroEgg"},{"floor":13,"key":"reliquary:RoseTintedGlasses"},{"floor":21,"key":"StSShapeShifter:BeastkeepersGift"},{"floor":23,"key":"StuffTheSpire:Mouthbags"},{"floor":26,"key":"Snack Pack"},{"floor":43,"key":"trackpad:PetRock"}],"event_choices":[{"damage_healed":0,"gold_gain":0,"player_choice":"Bought 3 Potions","damage_taken":0,"max_hp_gain":0,"max_hp_loss":0,"event_name":"The Woman in Blue","floor":4,"gold_loss":0},{"damage_healed":0,"gold_gain":0,"player_choice":"Leave","damage_taken":0,"max_hp_gain":0,"max_hp_loss":0,"event_name":"conspire:Investor","floor":10,"gold_loss":0},{"damage_healed":0,"gold_gain":0,"player_choice":"Box","damage_taken":0,"relics_obtained":["Du-Vu Doll"],"max_hp_gain":0,"max_hp_loss":0,"event_name":"Big Fish","floor":11,"gold_loss":0,"cards_obtained":["Regret"]},{"damage_healed":0,"gold_gain":0,"player_choice":"Ignored","damage_taken":0,"max_hp_gain":0,"max_hp_loss":0,"event_name":"betterNote:BetterNote","floor":19,"gold_loss":0,"cards_obtained":["infinitespire:UltimateForm"]},{"damage_healed":0,"gold_gain":0,"player_choice":"Ignored","damage_taken":0,"max_hp_gain":0,"max_hp_loss":0,"event_name":"Ghosts","floor":24,"gold_loss":0}],"is_beta":false,"boss_relics":[{"not_picked":["Runic Pyramid","Ectoplasm"],"picked":"Fiend:Scarf"},{"not_picked":["hubris:CrackedHourglass","ChewingGum"],"picked":"hubris:HollowSoul"}],"items_purged_floors":[25],"is_endless":false,"potions_floor_spawned":[1,2,16,22,23,27,42],"killed_by":"Awakened One","ascension_level":0}}