{"host":"qekv59dthhdg54sz","time":1613557224,"event":{"mods":["AchievementEnabler","BaseMod","Colored Map","DeckTracker","KOR Keyword Fix","Minty Spire (QoL Compilation)","Rare Cards Sparkle","StSLib","SuperFastMode"],"gold_per_floor":[115,131,131,131,131,131,158,175,175,188,21,38,38,38,38,38,38],"floor_reached":16,"language":"KOR","playtime":298,"items_purged":[],"score":250,"play_id":"b3278d07-73b4-4c68-b7d5-cfdab6136672","local_time":"20210217192024","is_ascension_mode":true,"campfire_choices":[{"data":"Lockon","floor":6.0,"key":"SMITH"},{"floor":15.0,"key":"REST"}],"circlet_count":0,"master_deck":["AscendersBane","Strike_B","Strike_B","Strike_B","Defend_B+1","Defend_B+1","Defend_B","Defend_B","Zap","Dualcast","Hyperbeam","Hologram","Doom and Gloom","Lockon+1","White Noise","Chaos","Glacier","Compile Driver"],"relics":["Cracked Core","Ancient Tea Set","Symbiotic Virus","Nunchaku","Lantern"],"acts_visited":["Exordium"],"potions_floor_usage":[16],"damage_taken":[{"damage":9.0,"enemies":"Jaw Worm","floor":1.0,"turns":3.0},{"damage":1.0,"enemies":"Small Slimes","floor":2.0,"turns":3.0},{"damage":0.0,"enemies":"3 Sentries","floor":7.0,"turns":4.0},{"damage":0.0,"enemies":"Cultist","floor":8.0,"turns":2.0},{"damage":11.0,"enemies":"Blue Slaver","floor":10.0,"turns":4.0},{"damage":1.0,"enemies":"Exordium Wildlife","floor":12.0,"turns":4.0},{"damage":45,"enemies":"Slime Boss","floor":16,"turns":9}],"seed_played":"-654665023355190958","potions_obtained":[{"floor":2.0,"key":"SpeedPotion"},{"floor":10.0,"key":"PotionOfCapacity"}],"is_trial":false,"path_per_floor":["M","M","?","T","?","R","E","M","T","M","$","M","?","$","R","B"],"character_chosen":"DEFECT","items_purchased":["Lantern"],"campfire_rested":1,"item_purchase_floors":[11],"current_hp_per_floor":[55,54,54,54,54,54,54,54,54,43,43,42,21,21,42,0,0],"gold":38,"neow_bonus":"ONE_RANDOM_RARE_CARD","is_daily":false,"chose_seed":false,"campfire_upgraded":1,"win_rate":0.0,"timestamp":1613557224,"path_taken":["M","M","?","?","?","R","E","M","T","?","$","M","?","?","R","BOSS"],"items_purchased_type":["Relic"],"build_version":"2020-12-22","purchased_purges":0,"victory":false,"max_hp_per_floor":[71,71,71,71,71,71,71,71,71,71,71,71,71,71,71,71,71],"card_choices":[{"not_picked":["Stack","Scrape"],"picked":"Hologram","floor":1.0},{"not_picked":["BootSequence","Cold Snap"],"picked":"Doom and Gloom","floor":2.0},{"not_picked":["Scrape","Ball Lightning"],"picked":"White Noise","floor":7.0},{"not_picked":["Hologram","Stack"],"picked":"Chaos","floor":8.0},{"not_picked":["Undo","Gash"],"picked":"Glacier","floor":10.0},{"not_picked":["Blizzard","Reprogram"],"picked":"Compile Driver","floor":12.0}],"player_experience":883143,"relics_obtained":[{"floor":4.0,"key":"Ancient Tea Set"},{"floor":7.0,"key":"Symbiotic Virus"},{"floor":9.0,"key":"Nunchaku"}],"event_choices":[{"damage_healed":0.0,"max_hp_gain":0.0,"max_hp_loss":0.0,"gold_gain":0.0,"event_name":"Liars Game","player_choice":"Ignored","floor":3.0,"gold_loss":0.0,"damage_taken":0.0},{"damage_healed":0.0,"max_hp_gain":0.0,"max_hp_loss":0.0,"gold_gain":0.0,"cards_transformed":["Strike_B"],"event_name":"Transmorgrifier","player_choice":"Transformed","floor":5.0,"gold_loss":0.0,"damage_taken":0.0,"cards_obtained":["Lockon"]},{"damage_healed":0.0,"max_hp_gain":0.0,"max_hp_loss":0.0,"gold_gain":0.0,"event_name":"Shining Light","player_choice":"Entered Light","floor":13.0,"gold_loss":0.0,"damage_taken":21.0,"cards_upgraded":["Defend_B","Defend_B"]}],"is_beta":false,"boss_relics":[],"items_purged_floors":[],"is_endless":false,"potions_floor_spawned":[2,10],"killed_by":"Slime Boss","ascension_level":20}}