{"host":"blnmo1e2jbqugfxh","time":1613574464,"event":{"mods":["2.2 Compatiblity","Astrologer","Bard","BaseMod","Beaked The Cultist","Colored Powertips","Conspire","Downfall","Friendly Minions","Googly Eyes","Hermit","Highlight Path","Hubris","Infinite Spire","Lobotomy","Marisa????????","Mimic Mod","Minty Spire (QoL Compilation)","Prisma Mod","Quick Restart","Rare Cards Sparkle","Replay The Spire","Shop Mod","StSLib","The Construct","The Cursed","The Disciple","The Exalted","The Hierophant","The Mystic","The Servant 0.9.4"],"gold_per_floor":[112,130,29,29,49,49,78,78,78,95,95,129,129,129,129,226,226,243,254,273,45,45,45,63,94,94,94,108,134,134,144,144,245,245,264,264,279,22,41,74,74,91,91,91,102,147,162,174,174,174],"floor_reached":51,"language":"ENG","playtime":4081,"items_purged":[],"score":904,"play_id":"2af59828-8793-42b9-9362-3fe40961441a","local_time":"20210217100744","is_ascension_mode":true,"campfire_choices":[{"data":"Neutralize","floor":6.0,"key":"SMITH"},{"data":"Terror","floor":8.0,"key":"SMITH"},{"floor":11.0,"key":"REST"},{"data":"Footwork","floor":15.0,"key":"SMITH"},{"floor":23.0,"key":"REST"},{"data":"infinitespire:Execution","floor":30.0,"key":"SMITH"},{"floor":32.0,"key":"REST"},{"data":"Catalyst","floor":41.0,"key":"SMITH"},{"data":"hubris:InfiniteBlow","floor":44.0,"key":"SMITH"},{"data":"hubris:InfiniteBlow+1","floor":49.0,"key":"SMITH"}],"circlet_count":0,"master_deck":["Strike_G","Strike_G","Strike_G","Strike_G","Strike_G","Defend_G","Defend_G","Defend_G","Defend_G","Defend_G+1","Survivor","Neutralize+1","Flying Knee","Well Laid Plans","Poisoned Stab+1","Terror+1","Footwork+1","Calculated Gamble","Finisher+1","infinitespire:Neurotoxin","Dodge and Roll+1","Dagger Throw","Escape Plan","Blade Dance+1","Dodge and Roll+1","infinitespire:Execution+1","PiercingWail+1","hubris:TrickCloak+1","Catalyst+1","Wraith Form v2","Cloak And Dagger","hubris:InfiniteBlow+2","Flying Knee","Deflect","Slice","Hidden Blade","Acrobatics","Dash+1","Acrobatics+1","Heel Hook","Parasite","hubris:Counter+1","Flechettes+1"],"relics":["conspire:SlowCooker","Letter Opener","Darkstone Periapt","conspire:TopHat","Incense Burner","hubris:GrandSneckoEye","Anchor","Eternal Feather","Replay:Ringing Soul","Sling","Thread and Needle","Bromod:ArcaneGrace","Frozen Eye","infinitespire:Satchel","Bromod:ArcaneUltimatum","hubris:DeckOfHolding","CatCart"],"acts_visited":["Exordium","TheCity","TheBeyond"],"potions_floor_usage":[],"damage_taken":[{"damage":7.0,"enemies":"Jaw Worm","floor":1.0,"turns":6.0},{"damage":0.0,"enemies":"Cultist","floor":2.0,"turns":4.0},{"damage":1.0,"enemies":"Small Slimes","floor":5.0,"turns":4.0},{"damage":28.0,"enemies":"Gremlin Nob","floor":7.0,"turns":5.0},{"damage":8.0,"enemies":"Blue Slaver","floor":10.0,"turns":3.0},{"damage":1.0,"enemies":"Lagavulin","floor":12.0,"turns":7.0},{"damage":14.0,"enemies":"Slime Boss","floor":16.0,"turns":12.0},{"damage":13.0,"enemies":"Spheric Guardian","floor":18.0,"turns":4.0},{"damage":20.0,"enemies":"2 Thieves","floor":19.0,"turns":4.0},{"damage":5.0,"enemies":"Snecko","floor":20.0,"turns":5.0},{"damage":4.0,"enemies":"Snake Plant","floor":24.0,"turns":5.0},{"damage":0.0,"enemies":"Book of Stabbing","floor":25.0,"turns":4.0},{"damage":23.0,"enemies":"Cultist and Chosen","floor":28.0,"turns":6.0},{"damage":2.0,"enemies":"conspire:Head Lice","floor":29.0,"turns":3.0},{"damage":23.0,"enemies":"Centurion and Healer","floor":31.0,"turns":7.0},{"damage":4.0,"enemies":"Automaton","floor":33.0,"turns":6.0},{"damage":7.0,"enemies":"Orb Walker","floor":35.0,"turns":4.0},{"damage":0.0,"enemies":"3 Shapes","floor":37.0,"turns":5.0},{"damage":0.0,"enemies":"Spire Growth","floor":39.0,"turns":4.0},{"damage":0.0,"enemies":"Reptomancer","floor":40.0,"turns":4.0},{"damage":0.0,"enemies":"Maw","floor":42.0,"turns":4.0},{"damage":8.0,"enemies":"4 Shapes","floor":45.0,"turns":5.0},{"damage":58.0,"enemies":"Orin","floor":46.0,"turns":6.0},{"damage":0.0,"enemies":"Writhing Mass","floor":47.0,"turns":6.0},{"damage":0.0,"enemies":"Maw","floor":48.0,"turns":7.0},{"damage":47,"enemies":"Time Eater","floor":50,"turns":12}],"seed_played":"6729513379043640234","potions_obtained":[{"floor":5.0,"key":"DistilledChaos"},{"floor":12.0,"key":"Languid Potion"},{"floor":16.0,"key":"GamblersBrew"},{"floor":20.0,"key":"SmokeBomb"},{"floor":25.0,"key":"GhostInAJar"},{"floor":31.0,"key":"Milkshake"},{"floor":33.0,"key":"infinitespire:BlackPotion"},{"floor":37.0,"key":"Block Potion"},{"floor":40.0,"key":"hexamod:SoulburnPotion"},{"floor":46.0,"key":"SpeedPotion"}],"is_trial":false,"path_per_floor":["M","M","$","?","M","R","E","R","T","M","R","E","?","?","R","B",null,"M","M","M","$","?","R","M","E","T","AVR","M","E","R","M","R","B",null,"M","AVR","M","$","M","E","R","M","T","R","M","?","M","M","R","B",null],"character_chosen":"THE_SILENT","items_purchased":["Well Laid Plans","Poisoned Stab+1","Anchor","Escape Plan","infinitespire:Satchel","Deflect","Slice"],"campfire_rested":3,"item_purchase_floors":[3,3,21,21,38,38,38],"current_hp_per_floor":[63,63,63,63,62,62,34,34,34,26,47,46,46,46,46,32,70,57,37,32,32,32,53,49,49,49,52,32,33,48,28,67,66,85,82,85,88,91,94,97,103,106,106,106,103,64,73,76,100,57],"gold":174,"neow_bonus":"BOSS_RELIC","is_daily":false,"chose_seed":false,"campfire_upgraded":7,"win_rate":0.0,"timestamp":1613574464,"path_taken":["M","M","$","?","?","R","E","R","T","M","R","E","?","?","R","BOSS","M","M","M","$","?","R","?","E","T","AVR","M","E","R","M","R","BOSS","M","AVR","M","$","M","E","R","M","T","R","M","?","M","M","R","BOSS"],"items_purchased_type":["Card","Card","Relic","Card","Relic","Card","Card"],"build_version":"2020-12-22","purchased_purges":0,"victory":true,"max_hp_per_floor":[70,70,70,70,70,70,70,70,70,70,70,70,70,70,70,70,70,70,70,70,70,70,70,70,70,70,73,76,79,79,82,82,85,85,88,91,94,97,100,103,103,106,106,106,109,112,121,124,124,124],"card_choices":[{"not_picked":["Fluid Movement","Flechettes"],"picked":"Blade Dance","floor":1.0},{"not_picked":["Dagger Spray","Poisoned Stab"],"picked":"Flying Knee","floor":2.0},{"not_picked":["Underhanded Strike","conspire:PoisonWeapons"],"picked":"Terror","floor":5.0},{"not_picked":["Sneak Up","Slice"],"picked":"Footwork","floor":7.0},{"not_picked":["Underhanded Strike","hubris:SlightOfHand"],"picked":"Calculated Gamble","floor":10.0},{"not_picked":["Slice","Dagger Spray"],"picked":"Finisher","floor":12.0},{"not_picked":["Glass Knife","Tools of the Trade"],"picked":"infinitespire:Neurotoxin","floor":16.0},{"not_picked":["Noxious Fumes","Deflect","ReplayTheSpireMod:The Works"],"picked":"SKIP","floor":18.0},{"not_picked":["Noxious Fumes","Outmaneuver"],"picked":"Dodge and Roll+1","floor":19.0},{"not_picked":["Deadly Poison","Underhanded Strike"],"picked":"Dagger Throw","floor":20.0},{"not_picked":["Slice","Sucker Punch"],"picked":"Blade Dance+1","floor":24.0},{"not_picked":["Deadly Poison","Catalyst"],"picked":"Dodge and Roll+1","floor":25.0},{"not_picked":["Slice+1","Poisoned Stab"],"picked":"PiercingWail+1","floor":28.0},{"not_picked":["ReplayTheSpireMod:Scrap Shanks","Bullet Time"],"picked":"hubris:TrickCloak+1","floor":29.0},{"not_picked":["Slice","Expertise","Catalyst"],"picked":"SKIP","floor":31.0},{"not_picked":["Slice","Expertise"],"picked":"Catalyst","floor":31.0},{"not_picked":["Unload","After Image"],"picked":"Wraith Form v2","floor":33.0},{"not_picked":["Sneak Up","Sucker Punch+1"],"picked":"Cloak And Dagger","floor":35.0},{"not_picked":["Dagger Throw+1","Deflect"],"picked":"Flying Knee","floor":37.0},{"not_picked":["Draining Mist+1","Noxious Fumes+1"],"picked":"Hidden Blade","floor":39.0},{"not_picked":["hubris:SlightOfHand+1","ReplayTheSpireMod:Shiv Toss+1"],"picked":"Acrobatics","floor":40.0},{"not_picked":["Masterful Stab","Accuracy"],"picked":"Dash+1","floor":42.0},{"not_picked":["Prepared","Poisoned Stab"],"picked":"Acrobatics+1","floor":45.0},{"not_picked":["Leg Sweep+1","conspire:DoublingDagger"],"picked":"Heel Hook","floor":46.0},{"not_picked":["All Out Attack","Slice+1"],"picked":"hubris:Counter+1","floor":47.0},{"not_picked":["ReplayTheSpireMod:Tripwire+1","Dodge and Roll"],"picked":"Flechettes+1","floor":48.0}],"player_experience":59831,"relics_obtained":[{"floor":7.0,"key":"Darkstone Periapt"},{"floor":9.0,"key":"conspire:TopHat"},{"floor":12.0,"key":"Incense Burner"},{"floor":25.0,"key":"Eternal Feather"},{"floor":26.0,"key":"Replay:Ringing Soul"},{"floor":29.0,"key":"Thread and Needle"},{"floor":40.0,"key":"Bromod:ArcaneUltimatum"},{"floor":43.0,"key":"hubris:DeckOfHolding"},{"floor":46.0,"key":"CatCart"}],"event_choices":[{"cards_removed":["Blade Dance"],"damage_healed":0.0,"max_hp_gain":0.0,"max_hp_loss":0.0,"gold_gain":0.0,"event_name":"WeMeetAgain","player_choice":"Gave Card","floor":4.0,"gold_loss":0.0,"damage_taken":0.0,"relics_obtained":["Letter Opener"]},{"damage_healed":0.0,"max_hp_gain":0.0,"max_hp_loss":0.0,"gold_gain":0.0,"event_name":"Upgrade Shrine","player_choice":"Upgraded","floor":22.0,"gold_loss":0.0,"damage_taken":0.0,"cards_upgraded":["Finisher"]},{"damage_healed":0.0,"max_hp_gain":0.0,"max_hp_loss":0.0,"gold_gain":0.0,"event_name":"OrinTheCat","player_choice":"Fight","floor":46.0,"gold_loss":0.0,"damage_taken":0.0}],"is_beta":false,"boss_relics":[{"not_picked":["Coffee Dripper","conspire:RoyalGoblet"],"picked":"hubris:GrandSneckoEye"},{"not_picked":["hubris:VirtuousBlindfold","hubris:HollowSoul"],"picked":"Bromod:ArcaneGrace"}],"items_purged_floors":[],"is_endless":false,"potions_floor_spawned":[5,12,16,20,25,31,33,37,40,46],"ascension_level":2}}