{"host":"y5gwkyp54bvo4ymw","time":1613572747,"event":{"mods":["Aspiration","BaseMod","Better Synergies","Better Third Choice","BetterRewards","Challenge The Spire","Clawfect","Colored Map","Conspire","DeckTracker","Dota2Spire","Energized Spire","GifTheSpireLib","Gold Saver","Halation","Hermit","Hubris","Infinite Spire","Jedi Mod","Minty Spire (QoL Compilation)","Permanent Neow","Rare Cards Sparkle","Reliquary","Replay The Spire","Spikes Relics","StSLib","Stuff the Spire","The Blue Laboratory","The Cursed","Virulent Crown","Wandering Minibosses"],"gold_per_floor":[124,124,141,141,159,186,186,200,200,22,57,70,83,93,93,195,145,157,167,187,187,187,219,239,90,90,104,104,104,137,137,137,238,238,257,257,276,276,293,322,322,355,431,431,464,464,480,498,498,498],"floor_reached":51,"language":"ENG","playtime":2951,"items_purged":["Strike_G"],"score":1350,"play_id":"acd2f414-8237-4ada-8e03-352a0983ca02","local_time":"20210217093907","is_ascension_mode":true,"campfire_choices":[{"floor":7.0,"key":"REST"},{"data":"Hidden Blade","floor":15.0,"key":"SMITH"},{"floor":28.0,"key":"REST"},{"data":"After Image","floor":32.0,"key":"SMITH"},{"data":"infinitespire:Menacing","floor":41.0,"key":"SMITH"},{"data":"infinitespire:NeuralNetwork","floor":44.0,"key":"SMITH"},{"data":"Backstab","floor":46.0,"key":"SMITH"},{"data":"Prepared","floor":49.0,"key":"SMITH"}],"circlet_count":0,"master_deck":["Strike_G","Strike_G","Strike_G","Strike_G","Defend_G","Defend_G","Defend_G","Defend_G","Defend_G","Survivor","Neutralize","jedi:studyshivs+1","Blade Dance+1","Backflip","Dodge and Roll","Fluid Movement","hubris:Sniper","jedi:studyshivs","Strike_G","Backstab+1","StuffTheSpire:Shiver","StuffTheSpire:Shiver","infinitespire:NeuralNetwork+1","After Image+1","Hidden Blade","Infinite Blades","Tactician+1","RitualDagger","Cloak And Dagger","Replay:Hysterical Blindness","infinitespire:Menacing+1","Neutralize","hubris:TrickCloak+1","Prepared+1"],"relics":["Ring of the Snake","jedi:rubbersling","Dota2Spire:MonkeyKingBar","halation:PromiseList","Gremlin Horn","energizedSpire:HugeHouse","hubris:Metronome","reliquary:PartyBalloon","reliquary:SharkskinSheath","aspiration:HummingbirdHeart","reliquary:TridentHead","StuffTheSpire:SapphireSignet","aspiration:RitualDagger","StuffTheSpire:Rhapsscallions","infinitespire:Eraser","halation:BottledLove","Dota2Spire:LinkenSphere"],"acts_visited":["Exordium","TheCity","TheBeyond"],"potions_floor_usage":[50],"damage_taken":[{"damage":9.0,"enemies":"Jaw Worm","floor":1.0,"turns":5.0},{"damage":4.0,"enemies":"Small Slimes","floor":3.0,"turns":5.0},{"damage":0.0,"enemies":"Cultist","floor":5.0,"turns":4.0},{"damage":25.0,"enemies":"Lagavulin","floor":6.0,"turns":7.0},{"damage":0.0,"enemies":"Exordium Thugs","floor":8.0,"turns":3.0},{"damage":5.0,"enemies":"Gremlin Nob","floor":11.0,"turns":3.0},{"damage":4.0,"enemies":"3 Louse","floor":12.0,"turns":2.0},{"damage":0.0,"enemies":"Lots of Slimes","floor":13.0,"turns":1.0},{"damage":2.0,"enemies":"Exordium Thugs","floor":14.0,"turns":4.0},{"damage":18.0,"enemies":"Hexaghost","floor":16.0,"turns":9.0},{"damage":30.0,"enemies":"conspire:FuzzyDice","floor":18.0,"turns":4.0},{"damage":1.0,"enemies":"Spheric Guardian","floor":19.0,"turns":3.0},{"damage":14.0,"enemies":"Snake Plant","floor":20.0,"turns":2.0},{"damage":0.0,"enemies":"conspire:Head Lice","floor":23.0,"turns":3.0},{"damage":0.0,"enemies":"Sentry and Sphere","floor":24.0,"turns":3.0},{"damage":0.0,"enemies":"3 Cultists","floor":27.0,"turns":3.0},{"damage":0.0,"enemies":"Book of Stabbing","floor":30.0,"turns":3.0},{"damage":11.0,"enemies":"hubris:MusketHawk","floor":33.0,"turns":5.0},{"damage":6.0,"enemies":"3 Shapes","floor":35.0,"turns":2.0},{"damage":9.0,"enemies":"Orb Walker","floor":37.0,"turns":3.0},{"damage":9.0,"enemies":"3 Darklings","floor":39.0,"turns":3.0},{"damage":12.0,"enemies":"Reptomancer","floor":40.0,"turns":4.0},{"damage":15.0,"enemies":"Giant Head","floor":42.0,"turns":5.0},{"damage":15.0,"enemies":"R_Hoarder","floor":45.0,"turns":5.0},{"damage":43.0,"enemies":"Writhing Mass","floor":47.0,"turns":5.0},{"damage":5.0,"enemies":"Sphere and 2 Shapes","floor":48.0,"turns":1.0},{"damage":30,"enemies":"hubris:GrandSnecko","floor":50,"turns":4}],"seed_played":"-4944994723271478124","potions_obtained":[{"floor":1.0,"key":"Fire Potion"},{"floor":6.0,"key":"PowerPotion"},{"floor":8.0,"key":"Ancient Potion"},{"floor":16.0,"key":"blueLaboratory:EnvenomedCoating"},{"floor":24.0,"key":"Explosive Potion"},{"floor":27.0,"key":"blueLaboratory:BottleOfVodka"},{"floor":30.0,"key":"blueLaboratory:NinjaPotion"},{"floor":37.0,"key":"blueLaboratory:HorrorPotion"},{"floor":42.0,"key":"jedi:wingpotion"},{"floor":45.0,"key":"jedi:mysterypotion"}],"is_trial":false,"path_per_floor":["M","?","M","?","M","E","R","M","T","$","E","M","M","M","R","B",null,"M","M","M","T","AVR","E","M","$","T","M","R","T","E","?","R","B",null,"M","?","M","?","M","E","R","E","T","R","E","R","M","M","R","B",null],"character_chosen":"THE_SILENT","items_purchased":["halation:PromiseList","Dodge and Roll","Infinite Blades"],"campfire_rested":2,"item_purchase_floors":[10,10,25],"current_hp_per_floor":[54,54,50,50,50,25,46,46,46,46,41,37,37,35,35,17,53,23,22,8,8,8,8,8,8,8,8,27,27,27,21,21,12,52,46,46,37,37,28,17,17,2,2,2,66,66,39,50,50,66],"gold":498,"neow_bonus":"ONE_RANDOM_RARE_CARD","is_daily":false,"chose_seed":false,"campfire_upgraded":6,"win_rate":0.0,"timestamp":1613572747,"path_taken":["M","?","M","?","?","E","R","M","T","?","E","M","M","M","R","BOSS","M","M","?","?","AVR","E","M","$","T","?","R","?","E","?","R","BOSS","M","?","M","?","M","E","R","E","T","R","E","R","M","?","R","BOSS"],"items_purchased_type":["Relic","Card","Card"],"build_version":"2020-12-22","purchased_purges":1,"victory":true,"max_hp_per_floor":[70,70,70,70,70,70,70,70,70,70,70,70,70,70,70,70,65,65,65,65,65,65,65,65,65,65,65,65,65,65,65,65,65,65,65,65,65,65,65,66,66,66,66,66,66,66,66,66,66,66],"card_choices":[{"not_picked":["Quick Slash","Sneak Up","Acrobatics"],"picked":"SKIP","floor":1.0},{"not_picked":["hubris:Counter","Quick Slash"],"picked":"Blade Dance","floor":3.0},{"not_picked":["Endless Agony","StuffTheSpire:BumpUp","Distraction"],"picked":"SKIP","floor":5.0},{"not_picked":["hubris:SlightOfHand","Underhanded Strike","StuffTheSpire:MirrorStance"],"picked":"SKIP","floor":6.0},{"not_picked":["Wraith Form v2","PiercingWail"],"picked":"Backflip","floor":8.0},{"not_picked":["Slice","Blur"],"picked":"Hidden Blade","floor":11.0},{"not_picked":["Deflect","Blade Dance"],"picked":"Fluid Movement","floor":12.0},{"not_picked":["jedi:pocketpoison","Bouncing Flask","Flying Knee"],"picked":"SKIP","floor":13.0},{"not_picked":["Poisoned Stab","Catalyst"],"picked":"hubris:Sniper","floor":14.0},{"not_picked":["jedi:rejectivetoxin","ReplayTheSpireMod:Necrosis"],"picked":"jedi:studyshivs","floor":16.0},{"not_picked":["Deflect","Hidden Blade"],"picked":"StuffTheSpire:Shiver","floor":18.0},{"not_picked":["Underhanded Strike","StuffTheSpire:ClusterCrunch","Dodge and Roll"],"picked":"SKIP","floor":19.0},{"not_picked":["Choke","Masterful Stab"],"picked":"StuffTheSpire:Shiver","floor":20.0},{"not_picked":["Dagger Throw","Pace"],"picked":"After Image","floor":23.0},{"not_picked":["ReplayTheSpireMod:Speed Training","Masterful Stab"],"picked":"Hidden Blade","floor":24.0},{"not_picked":["ReplayTheSpireMod:Exploit Weakness","All Out Attack+1"],"picked":"Tactician+1","floor":27.0},{"not_picked":["Poisoned Stab","Dash","jedi:collectorvenom"],"picked":"SKIP","floor":30.0},{"not_picked":["StuffTheSpire:BumpUp","StuffTheSpire:ClusterCrunch"],"picked":"Cloak And Dagger","floor":35.0},{"not_picked":["infinitespire:NeuralNetwork","hubris:InfiniteBlow+2"],"picked":"infinitespire:Menacing","floor":36.0},{"not_picked":["Distraction+1","Bane","ShadowRift+1"],"picked":"SKIP","floor":37.0},{"not_picked":["Reflex","StuffTheSpire:Python+1","jedi:unstablefumes"],"picked":"SKIP","floor":39.0},{"not_picked":["Sneak Up","Dagger Spray+1","Reflex"],"picked":"SKIP","floor":40.0},{"not_picked":["Deflect+1","StuffTheSpire:Sprint+1"],"picked":"hubris:TrickCloak+1","floor":42.0},{"not_picked":["StuffTheSpire:Python+1","ReplayTheSpireMod:Shiv Toss+1","Backstab+1"],"picked":"SKIP","floor":45.0},{"not_picked":["Slice","Acrobatics","Burst"],"picked":"SKIP","floor":47.0},{"not_picked":["Expertise","hubris:SlightOfHand+1"],"picked":"Prepared","floor":48.0}],"player_experience":594620,"relics_obtained":[{"floor":6.0,"key":"jedi:rubbersling"},{"floor":9.0,"key":"Dota2Spire:MonkeyKingBar"},{"floor":11.0,"key":"Gremlin Horn"},{"floor":21.0,"key":"hubris:Metronome"},{"floor":23.0,"key":"reliquary:SharkskinSheath"},{"floor":26.0,"key":"aspiration:HummingbirdHeart"},{"floor":29.0,"key":"reliquary:TridentHead"},{"floor":30.0,"key":"StuffTheSpire:SapphireSignet"},{"floor":40.0,"key":"StuffTheSpire:Rhapsscallions"},{"floor":42.0,"key":"infinitespire:Eraser"},{"floor":43.0,"key":"halation:BottledLove"},{"floor":45.0,"key":"Dota2Spire:LinkenSphere"}],"event_choices":[{"damage_healed":0.0,"max_hp_gain":0.0,"max_hp_loss":0.0,"gold_gain":0.0,"event_name":"Accursed Blacksmith","player_choice":"Forge","floor":4.0,"gold_loss":0.0,"damage_taken":0.0,"cards_upgraded":["Blade Dance"]},{"damage_healed":0.0,"max_hp_gain":0.0,"max_hp_loss":0.0,"gold_gain":0.0,"event_name":"betterThird:BetterNest","player_choice":"Dagger","floor":31.0,"gold_loss":0.0,"damage_taken":6.0,"cards_obtained":["RitualDagger"]},{"damage_healed":0.0,"max_hp_gain":0.0,"max_hp_loss":0.0,"gold_gain":0.0,"event_name":"betterThird:BetterPortal","player_choice":"Random: Orange","floor":38.0,"gold_loss":0.0,"damage_taken":0.0},{"damage_healed":0.0,"max_hp_gain":0.0,"max_hp_loss":0.0,"gold_gain":0.0,"event_name":"Match and Keep!","player_choice":"1 cards matched","floor":38.0,"gold_loss":0.0,"damage_taken":0.0,"cards_obtained":["Neutralize"]}],"is_beta":false,"boss_relics":[{"not_picked":["reliquary:RedPaperclip","energizedSpire:RedRose"],"picked":"energizedSpire:HugeHouse"},{"not_picked":["ChewingGum","jedi:hotpepper"],"picked":"aspiration:RitualDagger"}],"items_purged_floors":[25],"is_endless":false,"potions_floor_spawned":[1,6,8,16,24,27,30,37,39,42,45],"ascension_level":9}}