{"host":"y4mx56vxqys6xwyn","time":1613520110,"event":{"mods":["BaseMod","Hermit","Minty Spire (QoL Compilation)","StSLib","The Bug Knight"],"gold_per_floor":[113,123,141,31,131,163,180,180,207,207,217,63,98,124,124,221,221,240,59,76,90,90,90,90,90,90,120,120,132,132,132,132,132,132],"floor_reached":33,"language":"ENG","playtime":1988,"items_purged":["Strike_G","Tactician"],"score":298,"play_id":"05895f7c-40dc-45ae-84ba-b8f5564dda14","local_time":"20210216180150","is_ascension_mode":false,"campfire_choices":[{"floor":15,"key":"REST"},{"floor":24,"key":"REST"},{"floor":30,"key":"REST"},{"floor":32,"key":"REST"}],"circlet_count":0,"master_deck":["Survivor+1","Neutralize","Finisher","Dash+1","Cloak And Dagger","Crippling Poison","Deadly Poison","Corpse Explosion","Bouncing Flask","Bane","Envenom","Poisoned Stab","Dodge and Roll","Deflect","Adrenaline","Deflect","Corpse Explosion","Wraith Form v2","Outmaneuver","Malaise","Leg Sweep","Envenom","Flechettes","Crippling Poison","Noxious Fumes","Dagger Spray","Footwork","Reflex","Calculated Gamble","Backflip","RitualDagger","Poisoned Stab","Backstab","Poisoned Stab","Necronomicurse"],"relics":["Ring of the Snake","NeowsBlessing","Tiny Chest","Centennial Puzzle","Orrery","Dream Catcher","Happy Flower","Pandora\u0027s Box","Bottled Flame","The Courier","Ornamental Fan","Necronomicon"],"acts_visited":["Exordium","TheCity"],"potions_floor_usage":[16,27,27,33],"damage_taken":[{"damage":0,"enemies":"Cultist","floor":1,"turns":1},{"damage":0,"enemies":"Jaw Worm","floor":2,"turns":1},{"damage":0,"enemies":"2 Louse","floor":3,"turns":1},{"damage":27,"enemies":"Lagavulin","floor":6,"turns":11},{"damage":2,"enemies":"2 Fungi Beasts","floor":7,"turns":4},{"damage":3,"enemies":"Exordium Wildlife","floor":11,"turns":4},{"damage":30,"enemies":"Gremlin Nob","floor":13,"turns":5},{"damage":9,"enemies":"Slime Boss","floor":16,"turns":6},{"damage":6,"enemies":"Spheric Guardian","floor":18,"turns":4},{"damage":16,"enemies":"2 Thieves","floor":20,"turns":4},{"damage":2,"enemies":"Sentry and Sphere","floor":21,"turns":5},{"damage":22,"enemies":"Slavers","floor":27,"turns":3},{"damage":30,"enemies":"Snake Plant","floor":29,"turns":6},{"damage":50,"enemies":"Automaton","floor":33,"turns":6}],"seed_played":"5033445851007658255","potions_obtained":[{"floor":1,"key":"Strength Potion"},{"floor":2,"key":"Swift Potion"},{"floor":13,"key":"Swift Potion"},{"floor":20,"key":"Fire Potion"},{"floor":27,"key":"DuplicationPotion"}],"is_trial":false,"path_per_floor":["M","M","M","$","?","E","M","?","T","?","M","$","E","T","R","B",null,"M","$","M","M","?","?","R","?","T","E","T","M","R","?","R","B"],"character_chosen":"THE_SILENT","items_purchased":["Crippling Poison","Orrery","Noxious Fumes"],"campfire_rested":4,"item_purchase_floors":[4,12,19],"current_hp_per_floor":[70,70,70,70,70,43,41,64,64,50,47,47,17,17,38,29,70,64,64,48,46,46,46,67,61,61,39,39,9,30,14,35,0,0],"gold":132,"neow_bonus":"THREE_ENEMY_KILL","is_daily":false,"chose_seed":false,"campfire_upgraded":0,"win_rate":0.0,"timestamp":1613520110,"path_taken":["M","M","?","$","?","E","?","?","T","?","M","$","E","?","R","BOSS","M","$","M","M","?","?","R","?","T","E","?","?","R","?","R","BOSS"],"items_purchased_type":["Card","Relic","Card"],"build_version":"2020-12-22","purchased_purges":2,"victory":false,"max_hp_per_floor":[70,70,70,70,70,70,70,70,70,70,70,70,70,70,70,70,70,70,70,70,70,70,70,70,70,70,70,70,70,70,70,70,70,70],"card_choices":[{"not_picked":["Well Laid Plans","Dagger Spray"],"picked":"Finisher","floor":1},{"not_picked":["Flying Knee","Sucker Punch"],"picked":"Dash","floor":2},{"not_picked":["Deadly Poison","Quick Slash"],"picked":"Cloak And Dagger","floor":3},{"not_picked":["Slice","Flying Knee"],"picked":"Deadly Poison","floor":6},{"not_picked":["Dodge and Roll","Accuracy"],"picked":"Corpse Explosion","floor":7},{"not_picked":["Cloak And Dagger","Accuracy"],"picked":"Bouncing Flask","floor":11},{"not_picked":["Outmaneuver","Infinite Blades"],"picked":"Bane","floor":12},{"not_picked":["Choke","PiercingWail"],"picked":"Envenom","floor":12},{"not_picked":["Backflip","Reflex"],"picked":"Poisoned Stab","floor":12},{"not_picked":["Sucker Punch","Envenom"],"picked":"Dodge and Roll","floor":12},{"not_picked":["Heel Hook","Sucker Punch"],"picked":"Deflect","floor":12},{"not_picked":["Reflex","Terror"],"picked":"Adrenaline","floor":13},{"not_picked":["Acrobatics","Prepared"],"picked":"Deflect","floor":15},{"not_picked":["After Image","Die Die Die"],"picked":"Corpse Explosion","floor":16},{"not_picked":["Bouncing Flask","Calculated Gamble"],"picked":"Crippling Poison","floor":18},{"not_picked":["Acrobatics","Expertise+1"],"picked":"Dagger Spray","floor":20},{"not_picked":["Quick Slash","Slice"],"picked":"Footwork","floor":21},{"not_picked":["Acrobatics","Prepared"],"picked":"Backflip","floor":24},{"not_picked":["Well Laid Plans","Dagger Spray"],"picked":"Poisoned Stab","floor":27},{"not_picked":["Accuracy","Masterful Stab"],"picked":"Backstab","floor":29},{"not_picked":["Finisher","Masterful Stab"],"picked":"Poisoned Stab","floor":30}],"player_experience":67585,"relics_obtained":[{"floor":6,"key":"Tiny Chest"},{"floor":9,"key":"Centennial Puzzle"},{"floor":13,"key":"Dream Catcher"},{"floor":14,"key":"Happy Flower"},{"floor":26,"key":"Bottled Flame"},{"floor":27,"key":"The Courier"},{"floor":28,"key":"Ornamental Fan"},{"floor":31,"key":"Necronomicon"}],"event_choices":[{"damage_healed":0,"gold_gain":100,"player_choice":"Pray","damage_taken":0,"max_hp_gain":0,"max_hp_loss":0,"event_name":"Golden Shrine","floor":5,"gold_loss":0},{"damage_healed":23,"gold_gain":0,"player_choice":"Banana","damage_taken":0,"max_hp_gain":0,"max_hp_loss":0,"event_name":"Big Fish","floor":8,"gold_loss":0},{"damage_healed":0,"gold_gain":0,"player_choice":"Entered Light","damage_taken":14,"max_hp_gain":0,"max_hp_loss":0,"event_name":"Shining Light","floor":10,"gold_loss":0,"cards_upgraded":["Survivor","Dash"]},{"damage_healed":0,"gold_gain":0,"cards_transformed":["Blade Dance","Well Laid Plans"],"player_choice":"Became Test Subject","damage_taken":0,"max_hp_gain":0,"max_hp_loss":0,"event_name":"Drug Dealer","floor":22,"gold_loss":0,"cards_obtained":["Reflex","Calculated Gamble"]},{"damage_healed":0,"gold_gain":0,"player_choice":"Ignored","damage_taken":0,"max_hp_gain":0,"max_hp_loss":0,"event_name":"Vampires","floor":23,"gold_loss":0},{"damage_healed":0,"gold_gain":0,"player_choice":"Joined the Cult","damage_taken":6,"max_hp_gain":0,"max_hp_loss":0,"event_name":"Nest","floor":25,"gold_loss":0,"cards_obtained":["RitualDagger"]},{"damage_healed":0,"gold_gain":0,"player_choice":"Obtained Book","damage_taken":16,"max_hp_gain":0,"max_hp_loss":0,"event_name":"Cursed Tome","floor":31,"gold_loss":0}],"is_beta":false,"boss_relics":[{"not_picked":["SlaversCollar","Tiny House"],"picked":"Pandora\u0027s Box"}],"items_purged_floors":[4,19],"is_endless":false,"potions_floor_spawned":[1,2,13,20,27],"killed_by":"Automaton","ascension_level":0}}