{"host":"o221npfsfw6z66k1","time":1613598547,"event":{"mods":["BaseMod","Downfall","Googly Eyes","Hermit","Hero for Fun","Jorbs\u0027s Wanderer Trilogy","Minty Spire (QoL Compilation)","Random Character Button","Replay The Spire","Robot Space Explorer","StSLib","The Animator","The Cursed","The Hierophant","The Jungle","The Runesmith","The Servant 0.9.4"],"gold_per_floor":[115,134,134,134,151,151,184,198,198,198,224,236,161,179,179,280,280,300,300,316,329,341,341,371,371,371,404,304,321,353,353,353,457,457,470,470,17,28,238,238,264,264,264,276,276,302,302,302,302,302,302],"floor_reached":50,"language":"ENG","playtime":11069,"items_purged":["Strike_B","Strike_B","Strike_B"],"score":883,"play_id":"4fb6ce8d-9408-4313-9768-c201e78e1c12","local_time":"20210217144907","is_ascension_mode":true,"campfire_choices":[{"data":"Zap","floor":6,"key":"SMITH"},{"data":"Genetic Algorithm","floor":10,"key":"SMITH"},{"floor":15,"key":"REST"},{"floor":23,"key":"REST"},{"data":"Seek","floor":25,"key":"SMITH"},{"floor":32,"key":"REST"},{"data":"Storm","floor":40,"key":"SMITH"},{"data":"Static Discharge","floor":42,"key":"SMITH"},{"floor":45,"key":"RECALL"}],"circlet_count":0,"master_deck":["Defend_B","Defend_B","Defend_B","Zap+1","Dualcast","Cold Snap","Ball Lightning","Capacitor","Creative AI","Genetic Algorithm+1","Seek+1","Panic Button","Electrodynamics","Static Discharge+1","Compile Driver+1","Loop","Multi-Cast","Storm+1","Glacier+1","ReplayTheSpireMod:Splinters","Skim+1","Seek","FIFO Queue"],"relics":["Cracked Core","Mango","Replay:Bottled Snecko","Garlic","Ice Cream","SlaversCollar","Divine Protection","Replay:Ringing Soul","Orichalcum","Replay:Antivirus Software","Sozu","Solar Panel","Potion Belt","Pen Nib"],"acts_visited":["Exordium","theJungle:Jungle","TheBeyond"],"potions_floor_usage":[8,16,21,33,33,47],"damage_taken":[{"damage":0,"enemies":"Small Slimes","floor":1,"turns":2},{"damage":0,"enemies":"Jaw Worm","floor":2,"turns":3},{"damage":0,"enemies":"Cultist","floor":5,"turns":3},{"damage":25,"enemies":"3 Sentries","floor":7,"turns":8},{"damage":13,"enemies":"Lots of Slimes","floor":8,"turns":3},{"damage":28,"enemies":"Gremlin Nob","floor":11,"turns":5},{"damage":0,"enemies":"Large Slime","floor":12,"turns":3},{"damage":11,"enemies":"Red Slaver","floor":14,"turns":3},{"damage":18,"enemies":"Slime Boss","floor":16,"turns":10},{"damage":13,"enemies":"theJungle:Flameango_and_Byrd","floor":18,"turns":4},{"damage":8,"enemies":"theJungle:MUSHROOMGANG","floor":20,"turns":4},{"damage":15,"enemies":"theJungle:2_Flameangoes","floor":21,"turns":6},{"damage":11,"enemies":"theJungle:Snecko_Cultist_And_Trap","floor":22,"turns":6},{"damage":11,"enemies":"theJungle:MamaSnecko","floor":24,"turns":5},{"damage":0,"enemies":"theJungle:Cassacara","floor":27,"turns":5},{"damage":10,"enemies":"theJungle:Lyon","floor":29,"turns":4},{"damage":21,"enemies":"theJungle:MamaSnecko","floor":30,"turns":6},{"damage":38,"enemies":"theJungle:TotemBoss","floor":33,"turns":10},{"damage":4,"enemies":"Orb Walker","floor":35,"turns":4},{"damage":12,"enemies":"3 Darklings","floor":38,"turns":4},{"damage":10,"enemies":"R_Hoarder","floor":41,"turns":6},{"damage":0,"enemies":"Maw","floor":44,"turns":7},{"damage":55,"enemies":"Nemesis","floor":46,"turns":5},{"damage":0,"enemies":"Sphere and 2 Shapes","floor":47,"turns":1},{"damage":66,"enemies":"Replay:Hell Engine","floor":50,"turns":6}],"seed_played":"-6993425921401729247","potions_obtained":[{"floor":1,"key":"Energy Potion"},{"floor":7,"key":"SmokeBomb"},{"floor":12,"key":"Adrenaline Potion"},{"floor":16,"key":"Guardian:BlockOnCardUsePotion"},{"floor":22,"key":"Explosive Potion"},{"floor":24,"key":"Energy Potion"}],"is_trial":false,"path_per_floor":["M","M","?","T","M","R","E","M","T","R","E","M","$","M","R","B",null,"M","?","M","M","M","R","E","R","T","E","$","M","E","?","R","B",null,"M","?","$","M","?","R","E","R","T","M","R","E","M","?","R","B"],"character_chosen":"DEFECT","items_purchased":["Storm","Solar Panel"],"campfire_rested":3,"item_purchase_floors":[37,37],"current_hp_per_floor":[75,75,75,89,89,89,64,51,51,51,23,23,23,12,40,22,78,65,65,57,42,31,59,48,48,48,51,51,41,20,20,49,14,80,76,76,79,74,77,77,81,81,81,97,97,51,53,53,56,0,0],"gold":302,"neow_bonus":"TEN_PERCENT_HP_BONUS","is_daily":false,"chose_seed":false,"campfire_upgraded":5,"win_rate":0.0,"timestamp":1613598547,"path_taken":["M","M","?","?","M","R","E","M","T","R","E","?","?","M","R","BOSS","M","?","M","?","M","R","E","R","T","E","$","M","E","?","R","BOSS","M","?","$","M","?","R","E","R","T","M","R","E","M","?","R","BOSS"],"items_purchased_type":["Card","Relic"],"build_version":"2020-12-22","purchased_purges":3,"victory":false,"max_hp_per_floor":[82,82,82,96,96,96,96,96,96,96,96,96,96,96,96,96,96,96,96,96,96,96,96,96,96,96,99,99,99,99,99,99,102,102,102,102,105,108,111,111,111,111,111,111,111,114,114,114,117,117,117],"card_choices":[{"not_picked":["Reprogram","Turbo"],"picked":"Cold Snap","floor":1},{"not_picked":["Capacitor","Loop"],"picked":"Ball Lightning","floor":2},{"not_picked":["Redo","Streamline"],"picked":"Capacitor","floor":5},{"not_picked":["Stack","Turbo"],"picked":"Creative AI","floor":7},{"not_picked":["Panic Button","Barrage"],"picked":"Genetic Algorithm","floor":8},{"not_picked":["Compile Driver","Streamline"],"picked":"Seek","floor":11},{"not_picked":["Conserve Battery","Turbo","Blizzard"],"picked":"SKIP","floor":12},{"not_picked":["Undo","Turbo"],"picked":"Panic Button","floor":14},{"not_picked":["Core Surge","Multi-Cast"],"picked":"Electrodynamics","floor":16},{"not_picked":["Streamline","Capacitor+1"],"picked":"Static Discharge","floor":18},{"not_picked":["Skim+1","Rebound"],"picked":"Compile Driver+1","floor":20},{"not_picked":["Ball Lightning","Panic Button+1","Barrage+1"],"picked":"SKIP","floor":21},{"not_picked":["Redo","Rip and Tear","Compile Driver"],"picked":"SKIP","floor":22},{"not_picked":["Aggregate","Reboot","BasicCrystalCard"],"picked":"SKIP","floor":24},{"not_picked":["Steam+1","Barrage+1"],"picked":"Loop","floor":27},{"not_picked":["Fusion","Coolheaded","Doom and Gloom"],"picked":"SKIP","floor":29},{"not_picked":["Hologram+1","Go for the Eyes","Turbo"],"picked":"SKIP","floor":30},{"not_picked":["Meteor Strike","All For One"],"picked":"Multi-Cast","floor":33},{"not_picked":["Crystallizer+1","Turbo","Cold Snap"],"picked":"SKIP","floor":35},{"not_picked":["Sweeping Beam","BasicCrystalCard+1"],"picked":"Glacier+1","floor":38},{"not_picked":["Melter","Lockon+1"],"picked":"Skim+1","floor":39},{"not_picked":["Coolheaded+1","Ball Lightning","ReplayTheSpireMod:Repulse"],"picked":"SKIP","floor":41},{"not_picked":["FIFO Queue","Turbo+1","Panic Button"],"picked":"SKIP","floor":44},{"not_picked":["Cold Snap+1","Leap"],"picked":"Seek","floor":46}],"player_experience":423507,"relics_obtained":[{"floor":4,"key":"Mango"},{"floor":7,"key":"Replay:Bottled Snecko"},{"floor":9,"key":"Garlic"},{"floor":11,"key":"Ice Cream"},{"floor":24,"key":"Divine Protection"},{"floor":26,"key":"Replay:Ringing Soul"},{"floor":27,"key":"Orichalcum"},{"floor":30,"key":"Replay:Antivirus Software"},{"floor":41,"key":"Potion Belt"},{"floor":46,"key":"Pen Nib"}],"event_choices":[{"damage_healed":0,"gold_gain":0,"player_choice":"Ignored","damage_taken":0,"max_hp_gain":0,"max_hp_loss":0,"event_name":"Liars Game","floor":3,"gold_loss":0},{"cards_removed":["Strike_B"],"damage_healed":0,"gold_gain":0,"player_choice":"Purged","damage_taken":0,"max_hp_gain":0,"max_hp_loss":0,"event_name":"Purifier","floor":19,"gold_loss":0},{"damage_healed":0,"gold_gain":0,"player_choice":"Ignored","damage_taken":0,"max_hp_gain":0,"max_hp_loss":0,"event_name":"Tomb of Lord Red Mask","floor":36,"gold_loss":0}],"is_beta":false,"boss_relics":[{"not_picked":["Runic Pyramid","Runesmith:UraniumAnvil"],"picked":"SlaversCollar"},{"not_picked":["Replay:Wanted Poster","SacredBark"],"picked":"Sozu"}],"items_purged_floors":[13,28,37],"is_endless":false,"potions_floor_spawned":[1,7,12,16,22,24,29,30,35,38,44],"killed_by":"Replay:Hell Engine","ascension_level":8}}