{"host":"en4narc5947t7k9n","time":1613564955,"event":{"mods":["AchievementEnabler","BaseMod","Colored Map","Minty Spire (QoL Compilation)","SuperFastMode"],"gold_per_floor":[111,111,27,37,54,54,82,82,162,53,79,98,98,108,108,213,213,224,184,200,180,112,126,144,144,144],"floor_reached":25,"language":"KOR","playtime":1621,"items_purged":["Doubt"],"score":213,"play_id":"46893cdc-ee85-4822-a8bf-269cc4ee7ee3","local_time":"20210217212915","is_ascension_mode":false,"campfire_choices":[{"data":"A Thousand Cuts","floor":6,"key":"SMITH"},{"data":"Terror","floor":8,"key":"SMITH"},{"data":"Slice","floor":13,"key":"SMITH"},{"data":"Neutralize","floor":15,"key":"SMITH"}],"circlet_count":0,"master_deck":["Strike_G","Strike_G","Strike_G+1","Strike_G","Defend_G","Defend_G","Defend_G","Defend_G","Survivor","Neutralize+1","A Thousand Cuts+1","Blade Dance+1","Catalyst","Finesse","Deflect+1","Terror+1","Bane","Caltrops","Slice+1","Deadly Poison","Tactician","Corpse Explosion","Calculated Gamble","Bouncing Flask","Crippling Poison","Poisoned Stab","Blade Dance+1"],"relics":["Ring of the Snake","Regal Pillow","Singing Bowl","Gambling Chip","Philosopher\u0027s Stone"],"acts_visited":["Exordium","TheCity"],"potions_floor_usage":[21,24,24,25],"damage_taken":[{"damage":2,"enemies":"Jaw Worm","floor":1,"turns":5},{"damage":0,"enemies":"Cultist","floor":4,"turns":3},{"damage":0,"enemies":"Small Slimes","floor":5,"turns":3},{"damage":16,"enemies":"3 Sentries","floor":7,"turns":6},{"damage":24,"enemies":"Gremlin Nob","floor":11,"turns":4},{"damage":3,"enemies":"Red Slaver","floor":12,"turns":3},{"damage":0,"enemies":"Large Slime","floor":14,"turns":3},{"damage":23,"enemies":"Slime Boss","floor":16,"turns":7},{"damage":0,"enemies":"Chosen","floor":18,"turns":3},{"damage":0,"enemies":"Spheric Guardian","floor":20,"turns":3},{"damage":39,"enemies":"Shelled Parasite and Fungi","floor":23,"turns":4},{"damage":34,"enemies":"Cultist and Chosen","floor":24,"turns":6},{"damage":4,"enemies":"Sentry and Sphere","floor":25,"turns":2}],"seed_played":"-7122816255785395819","potions_obtained":[{"floor":4,"key":"Dexterity Potion"},{"floor":16,"key":"Dexterity Potion"},{"floor":21,"key":"Fruit Juice"},{"floor":23,"key":"LiquidMemories"}],"is_trial":false,"path_per_floor":["M","?","$","M","M","R","E","R","T","$","E","M","R","M","R","B",null,"M","?","M","?","$","M","M","M"],"character_chosen":"THE_SILENT","items_purchased":["Finesse","Caltrops","Crippling Poison"],"campfire_rested":0,"item_purchase_floors":[3,10,22],"current_hp_per_floor":[68,68,68,68,68,68,52,52,52,52,28,25,25,25,25,2,70,70,70,70,75,75,36,2,0,0],"gold":144,"neow_bonus":"TRANSFORM_TWO_CARDS","is_daily":false,"chose_seed":false,"campfire_upgraded":4,"win_rate":0.0,"timestamp":1613564955,"path_taken":["M","?","$","M","M","R","E","R","T","?","E","M","R","M","R","BOSS","M","?","?","?","$","M","M","M"],"items_purchased_type":["Card","Card","Card"],"build_version":"2020-12-22","purchased_purges":1,"victory":false,"max_hp_per_floor":[70,70,70,70,70,70,70,70,70,70,70,70,70,70,70,70,70,70,70,70,75,75,75,75,75,75],"card_choices":[{"not_picked":["Predator","Deadly Poison"],"picked":"Catalyst","floor":1},{"not_picked":["Dagger Spray","Blade Dance"],"picked":"Deflect","floor":4},{"not_picked":["Underhanded Strike","A Thousand Cuts"],"picked":"Terror","floor":5},{"not_picked":["Well Laid Plans","Quick Slash"],"picked":"Bane","floor":7},{"not_picked":["Prepared","Flechettes"],"picked":"Slice","floor":11},{"not_picked":["Bane","Deflect"],"picked":"Deadly Poison","floor":12},{"not_picked":["Bane","Eviscerate"],"picked":"Tactician","floor":14},{"not_picked":["Bullet Time","Glass Knife"],"picked":"Corpse Explosion","floor":16},{"not_picked":["Finisher+1","Blur"],"picked":"Calculated Gamble","floor":18},{"not_picked":["Finisher","Caltrops"],"picked":"Bouncing Flask","floor":20},{"not_picked":["Acrobatics","Deflect"],"picked":"Poisoned Stab","floor":23},{"not_picked":["Footwork","Outmaneuver"],"picked":"Blade Dance+1","floor":24}],"player_experience":36637,"relics_obtained":[{"floor":7,"key":"Regal Pillow"},{"floor":9,"key":"Singing Bowl"},{"floor":11,"key":"Gambling Chip"}],"event_choices":[{"damage_healed":0,"gold_gain":0,"player_choice":"Upgraded","damage_taken":0,"max_hp_gain":0,"max_hp_loss":0,"event_name":"Upgrade Shrine","floor":2,"gold_loss":0,"cards_upgraded":["Blade Dance"]},{"damage_healed":0,"gold_gain":0,"player_choice":"Upgraded Two","damage_taken":0,"max_hp_gain":0,"max_hp_loss":0,"event_name":"Designer","floor":19,"gold_loss":40,"cards_upgraded":["Strike_G","Deflect"]},{"damage_healed":0,"gold_gain":0,"player_choice":"Bought 1 Potion","damage_taken":0,"max_hp_gain":0,"max_hp_loss":0,"event_name":"The Woman in Blue","floor":21,"gold_loss":0}],"is_beta":false,"boss_relics":[{"not_picked":["Snecko Eye","Cursed Key"],"picked":"Philosopher\u0027s Stone"}],"items_purged_floors":[10],"is_endless":false,"potions_floor_spawned":[4,16,23],"killed_by":"Sentry and Sphere","ascension_level":0}}