{"host":"254qdhpnbonm8z0p","time":1613550755,"event":{"mods":["AchievementEnabler","BaseMod","Block Reminder","Colored Map","Colored Powertips","Minty Spire (QoL Compilation)","ojb\u0027s Better Paths Mod"],"gold_per_floor":[112,126,126,141,155,155,189,43,66,66,79,79,99,65,65,163,163,179,22,41,55,255,283,295,310,333,333,333],"floor_reached":27,"language":"ENG","playtime":2564,"items_purged":["Defend_B"],"score":249,"play_id":"2912cf76-0d29-4c97-a028-009a44782bf1","local_time":"20210217003235","is_ascension_mode":true,"campfire_choices":[{"data":"Loop","floor":6,"key":"SMITH"},{"floor":12,"key":"REST"},{"floor":15,"key":"REST"}],"circlet_count":0,"master_deck":["Strike_B","Strike_B","Defend_B","Defend_B","Zap","Dualcast","Loop+1","Sunder+1","Ball Lightning","Barrage","Auto Shields","Biased Cognition","Lockon","Storm","Seek","Multi-Cast+1","Electrodynamics+1","Seek+1","Recycle+1","Storm","Double Energy+1","Conserve Battery","Meteor Strike","Coolheaded+1"],"relics":["Cracked Core","NeowsBlessing","Omamori","Runic Capacitor","Astrolabe","Smiling Mask","Vajra"],"acts_visited":["Exordium","TheCity"],"potions_floor_usage":[16,23,25,25,25,25,25,27],"damage_taken":[{"damage":0,"enemies":"Cultist","floor":1,"turns":1},{"damage":0,"enemies":"Small Slimes","floor":2,"turns":1},{"damage":0,"enemies":"2 Louse","floor":4,"turns":1},{"damage":21,"enemies":"Lots of Slimes","floor":5,"turns":4},{"damage":30,"enemies":"Gremlin Nob","floor":7,"turns":4},{"damage":2,"enemies":"Exordium Thugs","floor":11,"turns":3},{"damage":0,"enemies":"3 Louse","floor":13,"turns":2},{"damage":37,"enemies":"Hexaghost","floor":16,"turns":7},{"damage":10,"enemies":"Chosen","floor":18,"turns":3},{"damage":11,"enemies":"Shell Parasite","floor":20,"turns":3},{"damage":10,"enemies":"Cultist and Chosen","floor":21,"turns":3},{"damage":16,"enemies":"Slavers","floor":23,"turns":2},{"damage":8,"enemies":"Centurion and Healer","floor":24,"turns":4},{"damage":20,"enemies":"Shelled Parasite and Fungi","floor":25,"turns":4},{"damage":14,"enemies":"Snake Plant","floor":27,"turns":1}],"seed_played":"2333992390010468091","potions_obtained":[{"floor":1,"key":"Energy Potion"},{"floor":3,"key":"ColorlessPotion"},{"floor":3,"key":"Ancient Potion"},{"floor":13,"key":"EntropicBrew"},{"floor":23,"key":"BlessingOfTheForge"},{"floor":25,"key":"Regen Potion"}],"is_trial":false,"path_per_floor":["M","M","?","M","M","R","E","$","T","?","M","R","M","$","R","B",null,"M","$","M","M","?","E","M","M","T","M"],"character_chosen":"DEFECT","items_purchased":["Runic Capacitor","Storm","Storm"],"campfire_rested":2,"item_purchase_floors":[8,14,19],"current_hp_per_floor":[75,75,75,75,54,54,24,24,24,24,22,44,44,44,66,29,75,65,65,54,44,44,28,20,9,9,0,0],"gold":333,"neow_bonus":"THREE_ENEMY_KILL","is_daily":false,"chose_seed":false,"campfire_upgraded":1,"win_rate":0.0,"timestamp":1613550755,"path_taken":["M","?","?","M","?","R","E","$","T","?","?","R","M","?","R","BOSS","M","$","M","M","?","E","M","?","T","M"],"items_purchased_type":["Relic","Card","Card"],"build_version":"2020-12-22","purchased_purges":1,"victory":false,"max_hp_per_floor":[75,75,75,75,75,75,75,75,75,75,75,75,75,75,75,75,75,75,75,75,75,75,75,75,75,75,75,75],"card_choices":[{"not_picked":["Recycle","Coolheaded"],"picked":"Loop","floor":1},{"not_picked":["Beam Cell","Conserve Battery"],"picked":"Sunder","floor":2},{"not_picked":["Sweeping Beam","Reprogram"],"picked":"Ball Lightning","floor":4},{"not_picked":["Hologram","Sweeping Beam"],"picked":"Barrage","floor":5},{"not_picked":["Sweeping Beam","Skim"],"picked":"Auto Shields","floor":7},{"not_picked":["Beam Cell","Barrage"],"picked":"Biased Cognition","floor":11},{"not_picked":["Redo","Doom and Gloom"],"picked":"Lockon","floor":13},{"not_picked":["Multi-Cast","Fission"],"picked":"Seek","floor":16},{"not_picked":["Go for the Eyes","Sweeping Beam"],"picked":"Recycle+1","floor":18},{"not_picked":["Turbo","Ball Lightning"],"picked":"Double Energy+1","floor":20},{"not_picked":["Electrodynamics","Recycle"],"picked":"Conserve Battery","floor":21},{"not_picked":["Seek","Compile Driver"],"picked":"Meteor Strike","floor":23},{"not_picked":["Ball Lightning","Conserve Battery"],"picked":"Coolheaded+1","floor":24},{"not_picked":["Sweeping Beam","Conserve Battery","Doom and Gloom"],"picked":"SKIP","floor":25}],"player_experience":118473,"relics_obtained":[{"floor":7,"key":"Omamori"},{"floor":23,"key":"Smiling Mask"},{"floor":26,"key":"Vajra"}],"event_choices":[{"damage_healed":0,"gold_gain":0,"player_choice":"Got Potions","damage_taken":0,"max_hp_gain":0,"max_hp_loss":0,"event_name":"Lab","floor":3,"gold_loss":0},{"damage_healed":0,"gold_gain":0,"player_choice":"Upgraded","damage_taken":0,"max_hp_gain":0,"max_hp_loss":0,"event_name":"Upgrade Shrine","floor":10,"gold_loss":0,"cards_upgraded":["Sunder"]},{"damage_healed":0,"gold_gain":250,"player_choice":"Bet on Owner","damage_taken":0,"max_hp_gain":0,"max_hp_loss":0,"event_name":"The Joust","floor":22,"gold_loss":50}],"is_beta":false,"boss_relics":[{"not_picked":["Black Star","Cursed Key"],"picked":"Astrolabe"}],"items_purged_floors":[19],"is_endless":false,"potions_floor_spawned":[1,4,7,13,23,25],"killed_by":"Snake Plant","ascension_level":1}}