{"host":"h3ogdo6no3ehk88q","time":1613581837,"event":{"mods":["AchievementEnabler","BaseMod","Hermit","Marisa????????","Minty Spire (QoL Compilation)","StSLib","SuperFastMode","The Bug Knight","The Cursed","The Disciple","The Necromancer","The Servant 0.9.4"],"gold_per_floor":[217,233,333,348,365,365,395,395,405,405,429,429,429,167,185,260,35,62,62,136,136,136,208,208,228,241,156,168,168,168,168,193,193,205,240,267,267,267,278,304,61,61,61,132,132,144,162,162,162,19,53,53,81,100,123,123,149,149,179,179,196,196,196,196,196,40,65,65],"floor_reached":69,"language":"ENG","playtime":2094,"items_purged":[],"score":2843,"play_id":"850bb594-e4ab-4d8e-bc9e-37b9f7d8e52b","local_time":"20210217121037","is_ascension_mode":true,"campfire_choices":[{"floor":8,"key":"REST"},{"data":"Feed","floor":10,"key":"SMITH"},{"data":"Entrench","floor":13,"key":"SMITH"},{"floor":19,"key":"REST"},{"floor":22,"key":"REST"},{"data":"Bludgeon","floor":31,"key":"SMITH"},{"floor":33,"key":"REST"},{"data":"Inflame","floor":42,"key":"SMITH"},{"data":"Shockwave","floor":43,"key":"SMITH"},{"floor":52,"key":"RECALL"},{"floor":60,"key":"REST"},{"floor":62,"key":"REST"},{"floor":65,"key":"REST"}],"circlet_count":0,"master_deck":["AscendersBane","Strike_R+1","Strike_R","Strike_R","Strike_R","Strike_R","Defend_R","Defend_R","Defend_R","Defend_R","Bash","Headbutt+1","Shockwave+1","Feed+1","Entrench+1","Disarm","True Grit+1","Ghostly Armor+1","Bludgeon+1","Feed","Inflame+1","Impervious+1","Clothesline","Limit Break+1","Shrug It Off+1","Immolate","True Grit+1","Impervious+1","Intimidate+1","Shockwave+1"],"relics":["Burning Blood","Sundial","Dream Catcher","Red Skull","Meat on the Bone","Toxic Egg 2","Omamori","Blood Vial","Snecko Eye","Black Star","Regal Pillow","Paper Frog","Bottled Tornado","Bag of Marbles","Mummified Hand","Mercury Hourglass","MutagenicStrength","Eternal Feather","Blue Candle","Frozen Egg 2","Fusion Hammer","ClockworkSouvenir","Gambling Chip","Self Forming Clay","Anchor","Whetstone","Bag of Preparation","Gremlin Horn","Vajra","Unceasing Top","Pen Nib","Bottled Lightning","Centennial Puzzle","White Beast Statue","Shuriken"],"acts_visited":["Exordium","TheCity","TheBeyond","TheEnding"],"potions_floor_usage":[7,18,23,39,39,68],"damage_taken":[{"damage":20,"enemies":"Cultist","floor":1,"turns":5},{"damage":2,"enemies":"2 Louse","floor":2,"turns":3},{"damage":0,"enemies":"Small Slimes","floor":4,"turns":6},{"damage":22,"enemies":"Looter","floor":5,"turns":3},{"damage":23,"enemies":"HollowMod:MossKnight","floor":7,"turns":8},{"damage":24,"enemies":"3 Louse","floor":9,"turns":3},{"damage":15,"enemies":"Blue Slaver","floor":15,"turns":6},{"damage":24,"enemies":"Lagavulin","floor":18,"turns":8},{"damage":55,"enemies":"Hexaghost","floor":20,"turns":15},{"damage":13,"enemies":"Hexaghost","floor":23,"turns":6},{"damage":10,"enemies":"Chosen","floor":25,"turns":7},{"damage":14,"enemies":"2 Thieves","floor":26,"turns":4},{"damage":13,"enemies":"Shelled Parasite and Fungi","floor":28,"turns":6},{"damage":31,"enemies":"Slavers","floor":32,"turns":5},{"damage":9,"enemies":"Snake Plant","floor":34,"turns":4},{"damage":15,"enemies":"Book of Stabbing","floor":35,"turns":4},{"damage":16,"enemies":"Sentry and Sphere","floor":39,"turns":4},{"damage":0,"enemies":"Gremlin Leader","floor":40,"turns":4},{"damage":66,"enemies":"Champ","floor":44,"turns":7},{"damage":11,"enemies":"Orb Walker","floor":46,"turns":2},{"damage":6,"enemies":"3 Shapes","floor":47,"turns":4},{"damage":14,"enemies":"Reptomancer","floor":51,"turns":6},{"damage":25,"enemies":"Nemesis","floor":53,"turns":3},{"damage":0,"enemies":"3 Darklings","floor":54,"turns":3},{"damage":0,"enemies":"Giant Head","floor":57,"turns":4},{"damage":0,"enemies":"Nemesis","floor":59,"turns":5},{"damage":7,"enemies":"Writhing Mass","floor":61,"turns":5},{"damage":26,"enemies":"Donu and Deca","floor":63,"turns":7},{"damage":0,"enemies":"Shield and Spear","floor":67,"turns":2},{"damage":80,"enemies":"The Heart","floor":68,"turns":7}],"seed_played":"5254326013972734297","potions_obtained":[{"floor":4,"key":"AttackPotion"},{"floor":5,"key":"SkillPotion"},{"floor":18,"key":"BlessingOfTheForge"},{"floor":20,"key":"Dexterity Potion"},{"floor":25,"key":"HeartOfIron"},{"floor":39,"key":"SteroidPotion"},{"floor":44,"key":"ColorlessPotion"},{"floor":53,"key":"Block Potion"}],"is_trial":false,"path_per_floor":["M","M","?","M","M","?","E","R","M","R","T","T","R","$","M","?","$","E","R","B",null,"R","B",null,"M","M","?","M","?","?","R","E","R","M","E","T","?","?","M","E","$","R","R","B",null,"M","M","?","?","$","E","R","E","M","T","T","E","?","E","R","M","R","B",null,"R","$","E","B",null],"character_chosen":"IRONCLAD","items_purchased":["Toxic Egg 2","Ghostly Armor+1","Omamori","Frozen Egg 2","ClockworkSouvenir","Centennial Puzzle"],"campfire_rested":7,"item_purchase_floors":[14,17,17,41,50,66],"current_hp_per_floor":[58,62,62,68,52,49,32,56,38,38,38,38,38,38,45,34,34,32,58,23,23,49,56,80,82,80,80,79,79,79,79,59,103,103,100,100,77,77,69,81,81,93,105,59,104,101,107,107,107,107,104,119,102,110,110,110,118,118,126,126,125,126,110,125,130,130,134,72],"gold":65,"neow_bonus":"HUNDRED_GOLD","is_daily":false,"chose_seed":false,"campfire_upgraded":5,"win_rate":0.0,"timestamp":1613581837,"path_taken":["M","?","?","M","?","?","E","R","M","R","T","T","R","$","M","?","$","E","R","BOSS","R","BOSS","M","M","?","M","?","?","R","E","R","?","E","T","?","?","M","E","$","R","R","BOSS","M","M","?","?","$","E","R","E","M","T","T","E","?","E","R","?","R","BOSS","R","$","E","BOSS"],"items_purchased_type":["Relic","Card","Relic","Relic","Relic","Relic"],"build_version":"2020-12-22","purchased_purges":0,"victory":true,"max_hp_per_floor":[80,80,80,80,80,80,80,80,80,80,80,80,80,80,84,84,84,88,88,88,88,88,88,88,92,96,96,100,100,100,100,103,103,106,110,110,115,115,115,119,119,119,119,119,119,119,123,123,123,123,126,126,126,126,126,126,126,126,126,126,126,126,130,130,130,130,134,134],"card_choices":[{"not_picked":["Armaments","Flex","Fire Breathing"],"picked":"SKIP","floor":1},{"not_picked":["Feel No Pain","Thunderclap"],"picked":"Headbutt","floor":2},{"not_picked":["Flame Barrier","Sentinel"],"picked":"Whirlwind","floor":4},{"not_picked":["Flex","Warcry"],"picked":"Shockwave","floor":5},{"not_picked":["Impervious","Intimidate"],"picked":"Feed","floor":7},{"not_picked":["Whirlwind","Reckless Charge"],"picked":"Entrench","floor":8},{"not_picked":["Cleave","Wild Strike"],"picked":"Disarm","floor":9},{"not_picked":["Cleave","Clothesline"],"picked":"True Grit+1","floor":15},{"not_picked":["Thunderclap","Havoc+1"],"picked":"Bludgeon","floor":18},{"not_picked":["Brutality","Barricade"],"picked":"Feed","floor":20},{"not_picked":["Second Wind+1","Searing Blow"],"picked":"Inflame","floor":22},{"not_picked":["Juggernaut","Brutality"],"picked":"Impervious+1","floor":23},{"not_picked":["Entrench+1","Rage+1","Anger"],"picked":"SKIP","floor":25},{"not_picked":["Dual Wield+1","Thunderclap","Clash"],"picked":"SKIP","floor":26},{"not_picked":["Entrench+1","Wild Strike","Sever Soul"],"picked":"SKIP","floor":28},{"not_picked":["Sword Boomerang","Wild Strike","Power Through+1"],"picked":"SKIP","floor":32},{"not_picked":["Brutality","Cleave"],"picked":"Clothesline","floor":34},{"not_picked":["Double Tap+1","Twin Strike","Flex+1"],"picked":"SKIP","floor":35},{"not_picked":["Body Slam+1","Warcry+1","Dual Wield+1"],"picked":"SKIP","floor":39},{"not_picked":["Wild Strike","Reckless Charge","Thunderclap"],"picked":"SKIP","floor":40},{"not_picked":["Feed","Berserk+1"],"picked":"Limit Break+1","floor":44},{"not_picked":["Feel No Pain+1","Headbutt","Flex+1"],"picked":"SKIP","floor":46},{"not_picked":["Warcry+1","Twin Strike","Sword Boomerang+1"],"picked":"SKIP","floor":47},{"not_picked":["Seeing Red+1","Clothesline"],"picked":"Shrug It Off+1","floor":51},{"not_picked":["Bloodletting+1","Havoc+1"],"picked":"Immolate","floor":53},{"not_picked":["Dark Embrace+1","Shockwave+1","Heavy Blade+1"],"picked":"SKIP","floor":54},{"not_picked":["Reckless Charge+1","Whirlwind"],"picked":"True Grit+1","floor":57},{"not_picked":["Twin Strike","Body Slam+1"],"picked":"Intimidate+1","floor":59},{"not_picked":["Hemokinesis","Headbutt","Evolve+1"],"picked":"SKIP","floor":61},{"not_picked":["Cleave","Wild Strike+1"],"picked":"Shockwave+1","floor":62},{"not_picked":["Warcry+1","Uppercut+1","Feel No Pain+1"],"picked":"SKIP","floor":67}],"player_experience":908471,"relics_obtained":[{"floor":7,"key":"Dream Catcher"},{"floor":11,"key":"Red Skull"},{"floor":12,"key":"Meat on the Bone"},{"floor":18,"key":"Blood Vial"},{"floor":32,"key":"Bottled Tornado"},{"floor":32,"key":"Bag of Marbles"},{"floor":35,"key":"Mummified Hand"},{"floor":35,"key":"Mercury Hourglass"},{"floor":40,"key":"Eternal Feather"},{"floor":40,"key":"Blue Candle"},{"floor":51,"key":"Gambling Chip"},{"floor":51,"key":"Self Forming Clay"},{"floor":53,"key":"Anchor"},{"floor":53,"key":"Whetstone"},{"floor":55,"key":"Bag of Preparation"},{"floor":56,"key":"Gremlin Horn"},{"floor":57,"key":"Vajra"},{"floor":57,"key":"Unceasing Top"},{"floor":59,"key":"Pen Nib"},{"floor":59,"key":"Bottled Lightning"},{"floor":67,"key":"White Beast Statue"},{"floor":67,"key":"Shuriken"}],"event_choices":[{"damage_healed":0,"gold_gain":100,"player_choice":"Pray","damage_taken":0,"max_hp_gain":0,"max_hp_loss":0,"event_name":"Golden Shrine","floor":3,"gold_loss":0},{"damage_healed":0,"gold_gain":0,"player_choice":"Success","damage_taken":3,"relics_obtained":["Sundial"],"max_hp_gain":0,"max_hp_loss":0,"event_name":"Scrap Ooze","floor":6,"gold_loss":0},{"damage_healed":0,"gold_gain":75,"player_choice":"Gather Gold","damage_taken":11,"max_hp_gain":0,"max_hp_loss":0,"event_name":"World of Goop","floor":16,"gold_loss":0},{"damage_healed":0,"gold_gain":0,"player_choice":"Obtained Relic","damage_taken":0,"relics_obtained":["Regal Pillow"],"max_hp_gain":0,"max_hp_loss":0,"event_name":"Addict","floor":27,"gold_loss":85},{"damage_healed":0,"gold_gain":0,"player_choice":"Opened","damage_taken":0,"relics_obtained":["Paper Frog"],"max_hp_gain":0,"max_hp_loss":0,"event_name":"The Mausoleum","floor":29,"gold_loss":0},{"damage_healed":0,"gold_gain":0,"player_choice":"Ignored","damage_taken":0,"max_hp_gain":0,"max_hp_loss":0,"event_name":"Ghosts","floor":30,"gold_loss":0},{"damage_healed":0,"gold_gain":0,"player_choice":"Shed Blood","damage_taken":28,"max_hp_gain":5,"max_hp_loss":0,"event_name":"Forgotten Altar","floor":37,"gold_loss":0},{"damage_healed":0,"gold_gain":0,"player_choice":"Inject Mutagens","damage_taken":0,"relics_obtained":["MutagenicStrength"],"max_hp_gain":0,"max_hp_loss":0,"event_name":"Drug Dealer","floor":38,"gold_loss":0},{"damage_healed":0,"gold_gain":0,"player_choice":"Ignored","damage_taken":0,"max_hp_gain":0,"max_hp_loss":0,"event_name":"Tomb of Lord Red Mask","floor":48,"gold_loss":0},{"cards_removed":["Whirlwind"],"damage_healed":0,"gold_gain":0,"player_choice":"Removed Attack","damage_taken":0,"max_hp_gain":0,"max_hp_loss":0,"event_name":"Falling","floor":49,"gold_loss":0},{"damage_healed":0,"gold_gain":0,"player_choice":"Copied","damage_taken":0,"max_hp_gain":0,"max_hp_loss":0,"event_name":"Duplicator","floor":58,"gold_loss":0,"cards_obtained":["Impervious"]}],"is_beta":false,"boss_relics":[{"not_picked":["Tiny House","Ectoplasm"],"picked":"Snecko Eye"},{"not_picked":["Sozu","SacredBark"],"picked":"Black Star"},{"not_picked":["Runic Cube","Philosopher\u0027s Stone"],"picked":"Fusion Hammer"}],"items_purged_floors":[],"is_endless":false,"potions_floor_spawned":[4,5,18,20,25,34,35,39,44,53,59],"ascension_level":13}}