{"host":"og21o26alpnbwmz8","time":1613597053,"event":{"mods":["2.2 Compatiblity","A Magickal Journey","Act Like it!","Aspiration","BaseMod","Conspire","Downfall","Gensokyo","GungeonMod","Halation","Hubris","Jedi Mod","Mimic Mod","Minty Spire (QoL Compilation)","Pale of the Ancients","Reliquary","Replay The Spire","Shop Mod","Spikes Relics","StSLib","The Alterego","The Animator","The Blue Laboratory","The Exalted","The Florist","The Poker Player","Waifu the Spire","Yuri Mod"],"gold_per_floor":[111,121,121,51,62,62,29,49,75,102,120,146,160,160,160,255,255,273,163,179,197,217,217,217,217,240,240,240,240],"floor_reached":28,"language":"ENG","playtime":839,"items_purged":[],"score":255,"play_id":"a2d10135-007f-487c-9090-9a762347dddd","local_time":"20210217162413","is_ascension_mode":false,"campfire_choices":[{"data":"Bromod:JaggedEdge","floor":6,"key":"SMITH"},{"data":"Bromod:SteelFiber","floor":15,"key":"SMITH"},{"data":"Bromod:FashionFrame","floor":23,"key":"SMITH"},{"floor":25,"key":"RECALL"}],"circlet_count":0,"master_deck":["Bromod:Defend_Bro","Bromod:Defend_Bro","Bromod:Defend_Bro","Bromod:Defend_Bro","Bromod:SlashDash","Bromod:SlashDash+1","Bromod:SlashDash+1","Bromod:JaggedEdge+1","Bromod:SlashDash","Bromod:SlashDash","Bromod:NorthWind","Bromod:OrganShatter+1","Bromod:SteelFiber+1","Bromod:SlashDash","Sucker Punch","Bromod:FashionFrame+1","Bromod:SteelCharge"],"relics":["Bromod:Ordis","Bromod:AscarisDevice","Pear","Anchor","Painkiller Herb","ReplayFunnel","Gensokyo:RedStar","Smiling Mask","champ:DuelingGlove"],"acts_visited":["Exordium","Gensokyo:Gensokyo"],"potions_floor_usage":[16],"damage_taken":[{"damage":1,"enemies":"Gensokyo:Python","floor":1,"turns":3},{"damage":0,"enemies":"Gensokyo:2_Kodama","floor":2,"turns":3},{"damage":0,"enemies":"Gensokyo:3_Fairies","floor":5,"turns":3},{"damage":5,"enemies":"Gensokyo:CorruptedTreant","floor":8,"turns":2},{"damage":8,"enemies":"Gensokyo:Aya","floor":10,"turns":3},{"damage":0,"enemies":"Gensokyo:Kitsune","floor":11,"turns":3},{"damage":22,"enemies":"Gensokyo:Cirno","floor":12,"turns":6},{"damage":9,"enemies":"Gensokyo:Gryphon_and_Rabbit","floor":13,"turns":4},{"damage":18,"enemies":"Gensokyo:Reimu","floor":16,"turns":5},{"damage":1,"enemies":"Gensokyo:2_Gloops","floor":18,"turns":4},{"damage":17,"enemies":"Gensokyo:CosmicMonolith","floor":20,"turns":3},{"damage":14,"enemies":"Gensokyo:Slime_Group","floor":21,"turns":4},{"damage":16,"enemies":"Gensokyo:Mirror_and_Dog","floor":22,"turns":4},{"damage":43,"enemies":"Gensokyo:3_Gloops","floor":28,"turns":5}],"seed_played":"6802148646383468725","potions_obtained":[{"floor":2,"key":"Strength Potion"},{"floor":10,"key":"Bromod:AmmoRestore"},{"floor":11,"key":"ColorlessPotion"},{"floor":16,"key":"hexamod:SoulburnPotion"},{"floor":21,"key":"SteroidPotion"}],"is_trial":false,"path_per_floor":["M","M","?","?","M","R","$","M","T","E","M","E","M","?","R","B",null,"?","COS","?","?","?","T","?","T","T","?","?"],"character_chosen":"THE_EXALTED","items_purchased":["Bromod:OrganShatter+1"],"campfire_rested":0,"item_purchase_floors":[7],"current_hp_per_floor":[74,74,69,69,69,69,69,64,64,56,56,34,25,25,25,7,85,84,84,67,53,37,37,37,37,37,37,0,0],"gold":240,"neow_bonus":"ONE_RANDOM_RARE_CARD","is_daily":false,"chose_seed":false,"campfire_upgraded":3,"win_rate":0.0,"timestamp":1613597053,"path_taken":["M","?","?","?","M","R","$","M","T","E","M","E","?","?","R","BOSS","?","COS","?","?","?","T","?","T","T","?","?"],"items_purchased_type":["Card"],"build_version":"2020-12-22","purchased_purges":0,"victory":false,"max_hp_per_floor":[75,75,85,85,85,85,85,85,85,85,85,85,85,85,85,85,85,85,85,85,85,85,85,85,85,85,85,85,85],"card_choices":[{"not_picked":["Bromod:Stormbringer","Bromod:Foundry"],"picked":"Bromod:SlashDash","floor":1},{"not_picked":["Bromod:SlipMagazine","Bromod:BodyCount"],"picked":"Bromod:SlashDash","floor":2},{"not_picked":["Bromod:Foundry","Bromod:FastHands"],"picked":"Bromod:NorthWind","floor":5},{"not_picked":["Bromod:PressurePoint","Bromod:Reflection","Bromod:ArchwingLauncher"],"picked":"SKIP","floor":8},{"not_picked":["Bromod:ShatteringImpact","Bromod:Redirection","Bromod:OrganShatter"],"picked":"SKIP","floor":10},{"not_picked":["Bromod:Redirection","Bromod:Foundry"],"picked":"Bromod:SteelFiber","floor":11},{"not_picked":["Bromod:RadialBlind","Bromod:ShatteringImpact"],"picked":"Bromod:SlashDash","floor":12},{"not_picked":["Bromod:ShatteringImpact","Bromod:Reflection","Bromod:Rejuvenation"],"picked":"SKIP","floor":13},{"not_picked":["Bromod:ThermiteRounds","Bromod:Flow"],"picked":"Bromod:FashionFrame","floor":16},{"not_picked":["Bromod:Maglev","Bromod:Redirection+1","Bromod:Foundry"],"picked":"SKIP","floor":18},{"not_picked":["Bromod:Redirection","Bromod:OrganShatter"],"picked":"Bromod:SteelCharge","floor":20},{"not_picked":["Bromod:EnergySiphon","Bromod:BulletJump","Bromod:SlashDash"],"picked":"SKIP","floor":21},{"not_picked":["Bromod:Redirection+1","Bromod:VitalSense","Bromod:SeismicWave+1"],"picked":"SKIP","floor":22}],"player_experience":351131,"relics_obtained":[{"floor":10,"key":"Anchor"},{"floor":12,"key":"Blue Doll"},{"floor":26,"key":"Smiling Mask"}],"event_choices":[],"is_beta":false,"boss_relics":[{"not_picked":["hubris:ScarierMask","Calling Bell"],"picked":"Painkiller Herb"}],"items_purged_floors":[],"is_endless":false,"potions_floor_spawned":[2,10,11,12,16,20,21],"killed_by":"Gensokyo:3_Gloops","ascension_level":0}}