{"host":"1vqon1dbpr5c1qll","time":1613545281,"event":{"mods":["2.2 Compatiblity","AchievementEnabler","BaseMod","BetterRewards","Colored Map","DeckTracker","Hermit","Highlight Path","Lobotomy","Minty Spire (QoL Compilation)","Permanent Neow","Quick Restart","Random Character Button","Replay The Spire","StSLib","SuperFastMode","The Cursed","The Servant 0.9.4","everything is the same but u backflip on backflip"],"gold_per_floor":[114,166,41,56,71,71,101,101,101,116,131,146,146,161,161,261,261,276,276,291,59,59,59,89,104,179,379,394,394,409,424,424,524,524,539,554,569,569,569],"floor_reached":38,"language":"KOR","playtime":1787,"items_purged":[],"score":477,"play_id":"93653ca7-42ce-4726-927d-a9303ba3fa4b","local_time":"20210217160121","daily_mods":["Chimera","Uncertain Future","Terminal"],"is_ascension_mode":false,"campfire_choices":[{"data":"Apotheosis","floor":6.0,"key":"SMITH"},{"floor":8.0,"key":"REST"},{"data":"ReplayTheSpireMod:Brewmster","floor":15.0,"key":"SMITH"},{"data":"FTL","floor":23,"key":"SMITH"},{"floor":29,"key":"REST"},{"floor":32,"key":"REST"}],"circlet_count":0,"master_deck":["Bash","Survivor","Zap","Eruption","Strike_R","Strike_G","Strike_B","Defend_R","Defend_G","Defend_P","Melter","Ball Lightning","Apotheosis+1","Swift Strike","ReplayTheSpireMod:Brewmster+1","Barrage","Glacier","Streamline","Sunder","Ball Lightning","Turbo","Regret","Stack","Echo Form","Skim","FTL+1","Auto Shields","RitualDagger","White Noise+1","Sweeping Beam","Coolheaded+1","Rip and Tear","Gash","Buffer","Redo+1","Cold Snap","Turbo+1"],"relics":["Cracked Core","Replay:Wax Seal","ReplayTheSpireMod:ShopPack","Counterbalance","Pear","Ring of Hypnosis","Ring of Fury","Replay:Bronze Core","Toolbox","Juzu Bracelet","Matryoshka","Snecko Eye"],"acts_visited":["Exordium","TheCity","TheBeyond"],"potions_floor_usage":[20,20,24,24,28,30,31,33,33,33,33,33,37,37,37],"damage_taken":[{"damage":3.0,"enemies":"2 Louse","floor":1.0,"turns":3.0},{"damage":0.0,"enemies":"Small Slimes","floor":4.0,"turns":3.0},{"damage":0.0,"enemies":"Cultist","floor":5.0,"turns":2.0},{"damage":6.0,"enemies":"Lagavulin","floor":7.0,"turns":4.0},{"damage":0.0,"enemies":"Looter","floor":10.0,"turns":2.0},{"damage":0.0,"enemies":"2 Fungi Beasts","floor":11.0,"turns":2.0},{"damage":2.0,"enemies":"Blue Slaver","floor":12.0,"turns":2.0},{"damage":0.0,"enemies":"Red Slaver","floor":14.0,"turns":2.0},{"damage":2.0,"enemies":"Slime Boss","floor":16.0,"turns":3.0},{"damage":0,"enemies":"Spheric Guardian","floor":18,"turns":1},{"damage":4,"enemies":"2 Thieves","floor":20,"turns":3},{"damage":10,"enemies":"Book of Stabbing","floor":24,"turns":5},{"damage":0,"enemies":"Cultist and Chosen","floor":25,"turns":3},{"damage":25,"enemies":"Snake Plant","floor":28,"turns":4},{"damage":1,"enemies":"Shelled Parasite and Fungi","floor":30,"turns":2},{"damage":2,"enemies":"Centurion and Healer","floor":31,"turns":3},{"damage":10,"enemies":"Champ","floor":33,"turns":9},{"damage":11,"enemies":"Orb Walker","floor":35,"turns":3},{"damage":8,"enemies":"3 Shapes","floor":36,"turns":2},{"damage":19,"enemies":"Maw","floor":37,"turns":6},{"damage":13,"enemies":"3 Darklings","floor":38,"turns":2}],"seed_played":"6706742764168558924","potions_obtained":[{"floor":1.0,"key":"Milkshake"},{"floor":2.0,"key":"LiquidMemories"},{"floor":2.0,"key":"GamblersBrew"},{"floor":4.0,"key":"Block Potion"},{"floor":7.0,"key":"Fire Potion"},{"floor":11.0,"key":"ColorlessPotion"},{"floor":12.0,"key":"Explosive Potion"},{"floor":20,"key":"Languid Potion"},{"floor":28,"key":"Swift Potion"},{"floor":31,"key":"Adrenaline Potion"},{"floor":36,"key":"Adrenaline Potion"}],"is_trial":false,"path_per_floor":["M","?","$","M","M","R","E","R","T","M","M","M","?","M","R","B",null,"M","?","M","$","?","R","E","M","T","?","M","R","M","M","R","B",null,"M","M","M","M"],"character_chosen":"DEFECT","items_purchased":["ReplayTheSpireMod:ShopPack","Toolbox","Auto Shields"],"campfire_rested":3,"item_purchase_floors":[3,21,21],"current_hp_per_floor":[71,53,53,53,53,53,47,66,75,74,73,71,71,70,69,67,67,66,65,61,61,55,55,45,45,45,45,20,36,35,33,48,38,50,39,31,12,14,14],"gold":569,"neow_bonus":"","is_daily":true,"chose_seed":false,"campfire_upgraded":3,"win_rate":0.0,"timestamp":1613545281,"path_taken":["M","?","$","M","?","R","E","R","T","M","M","M","?","M","R","BOSS","M","?","M","$","?","R","E","M","T","?","M","R","M","M","R","BOSS","M","M","M","M"],"items_purchased_type":["Relic","Relic","Card"],"build_version":"2020-12-22","purchased_purges":0,"victory":false,"max_hp_per_floor":[73,72,71,70,69,68,67,66,75,74,73,72,71,70,69,68,67,66,65,64,63,62,61,60,59,58,57,56,55,54,53,52,51,50,49,48,47,47,47],"card_choices":[{"not_picked":["Reprogram","Turbo"],"picked":"Melter","floor":1.0},{"not_picked":["Leap","Turbo"],"picked":"Ball Lightning","floor":2.0},{"not_picked":["ReplayTheSpireMod:Private Reserves","Metamorphosis"],"picked":"Apotheosis","floor":3.0},{"not_picked":["Trip","Master of Strategy"],"picked":"Swift Strike","floor":3.0},{"not_picked":["Master of Strategy","Panache"],"picked":"ReplayTheSpireMod:Brewmster","floor":3.0},{"not_picked":["ReplayTheSpireMod:GoodbyeWorld","Darkness"],"picked":"Barrage","floor":4.0},{"not_picked":["Stack","Rebound"],"picked":"Glacier","floor":5.0},{"not_picked":["Multi-Cast","Lockon"],"picked":"Streamline","floor":7.0},{"not_picked":["Loop","Steam"],"picked":"Sunder","floor":10.0},{"not_picked":["Fusion","Redo"],"picked":"Ball Lightning","floor":11.0},{"not_picked":["Chaos","Coolheaded"],"picked":"Turbo","floor":12.0},{"not_picked":["Hologram","Panic Button"],"picked":"Stack","floor":14.0},{"not_picked":["Multi-Cast","Fission"],"picked":"Echo Form","floor":16.0},{"not_picked":["Panic Button","Melter+1"],"picked":"Skim","floor":18},{"not_picked":["Go for the Eyes","Blizzard"],"picked":"FTL","floor":20},{"not_picked":["BasicCrystalCard","Crystallizer+1"],"picked":"White Noise+1","floor":24},{"not_picked":["Turbo","Storm"],"picked":"Sweeping Beam","floor":25},{"not_picked":["BasicCrystalCard","Streamline+1"],"picked":"Coolheaded+1","floor":28},{"not_picked":["BasicCrystalCard","Ball Lightning"],"picked":"Rip and Tear","floor":30},{"not_picked":["Sweeping Beam","Cold Snap"],"picked":"Gash","floor":31},{"not_picked":["Echo Form","Multi-Cast"],"picked":"Buffer","floor":33},{"not_picked":["ReplayTheSpireMod:Calculation Training","Barrage+1"],"picked":"Redo+1","floor":35},{"not_picked":["Genetic Algorithm","Turbo"],"picked":"Cold Snap","floor":36},{"not_picked":["Time Bomb","ReplayTheSpireMod:System Scan"],"picked":"Turbo+1","floor":37}],"player_experience":991543,"relics_obtained":[{"floor":2.0,"key":"Replay:Wax Seal"},{"floor":7.0,"key":"Counterbalance"},{"floor":9.0,"key":"Pear"},{"floor":13.0,"key":"Ring of Hypnosis"},{"floor":13.0,"key":"Ring of Fury"},{"floor":24,"key":"Juzu Bracelet"},{"floor":26,"key":"Matryoshka"}],"event_choices":[{"damage_healed":0,"gold_gain":0,"player_choice":"Ignored","damage_taken":0,"max_hp_gain":0,"max_hp_loss":0,"event_name":"Vampires","floor":19,"gold_loss":0},{"damage_healed":0,"gold_gain":0,"player_choice":"Joined the Cult","damage_taken":6,"max_hp_gain":0,"max_hp_loss":0,"event_name":"Nest","floor":22,"gold_loss":0,"cards_obtained":["RitualDagger"]},{"damage_healed":0,"gold_gain":250,"player_choice":"Bet on Owner","damage_taken":0,"max_hp_gain":0,"max_hp_loss":0,"event_name":"The Joust","floor":27,"gold_loss":50}],"is_beta":false,"boss_relics":[{"not_picked":["Replay:Ancient Bell","Philosopher\u0027s Stone"],"picked":"Replay:Bronze Core"},{"not_picked":["Replay:Drink Me","FrozenCore"],"picked":"Snecko Eye"}],"items_purged_floors":[],"is_endless":false,"potions_floor_spawned":[1,4,7,11,12,20,28,31,36],"killed_by":"3 Darklings","ascension_level":0}}