{"host":"rylkjufw9dlhr07b","time":1613521498,"event":{"mods":["AchievementEnabler","BaseMod","Better Note","BetterRewards","Hubris","Minty Spire (QoL Compilation)","Quick Restart","StSLib","The Servant 0.9.4"],"gold_per_floor":[117,127,127,127,127,160,174,19,97,97,107,107,107,121,121,249,249,227,227,243,243,32,32,50,50,50,73,96,10,10,24,24,147,147,165,125,53,53,53,53,53,68,68,68,106,106,34,34,34,34],"floor_reached":51,"language":"FRA","playtime":2738,"items_purged":[],"score":860,"play_id":"094791d4-935d-46d3-ac1d-da569f99d7fc","local_time":"20210217012458","is_ascension_mode":true,"campfire_choices":[{"floor":13.0,"key":"REST"},{"floor":15.0,"key":"REST"},{"data":"BestPractice","floor":23.0,"key":"SMITH"},{"data":"Read","floor":32,"key":"SMITH"},{"data":"FlawlessForm","floor":40,"key":"SMITH"},{"data":"1","floor":46,"key":"LIFT"},{"data":"2","floor":49,"key":"LIFT"}],"circlet_count":0,"master_deck":["Strike_S","Strike_S","Strike_S","Defend_S","Defend_S","Defend_S","Defend_S","KidneyShot","Exchange","Potential+1","Defy","Defy+1","InstantArmor","ShatteredReality","TimeWarp","FlawlessForm+1","Reset","BestPractice+1","Potential","GearUp+1","Rearm","Read+1","Spin","DoubleEdge","Dilation+1","BottledTime+1","Barrier","SurpressingFire","Luminosity"],"relics":["Uniform","Juzu Bracelet","hubris:Icosahedron","Oddly Smooth Stone","Blood Vial","Bottled Lightning","Golden Idol","Runic Dome","Regal Pillow","hubris:DeckOfHolding","hubris:BottledHeart","SacredBark","Molten Egg 2","Eternal Feather","Girya","Question Card","InkBottle"],"acts_visited":["Exordium","TheCity","TheBeyond"],"potions_floor_usage":[33,47,50],"damage_taken":[{"damage":0.0,"enemies":"2 Louse","floor":1.0,"turns":4.0},{"damage":6.0,"enemies":"Jaw Worm","floor":2.0,"turns":3.0},{"damage":21.0,"enemies":"Gremlin Nob","floor":6.0,"turns":5.0},{"damage":0.0,"enemies":"Cultist","floor":7.0,"turns":4.0},{"damage":0.0,"enemies":"Large Slime","floor":11.0,"turns":6.0},{"damage":0.0,"enemies":"2 Fungi Beasts","floor":14.0,"turns":4.0},{"damage":18.0,"enemies":"The Guardian","floor":16.0,"turns":16.0},{"damage":6.0,"enemies":"2 Thieves","floor":18.0,"turns":5.0},{"damage":0.0,"enemies":"Chosen","floor":20.0,"turns":6.0},{"damage":0.0,"enemies":"Shelled Parasite and Fungi","floor":24.0,"turns":7.0},{"damage":0.0,"enemies":"Chosen and Byrds","floor":27.0,"turns":6.0},{"damage":9.0,"enemies":"3 Cultists","floor":28.0,"turns":6.0},{"damage":0.0,"enemies":"Centurion and Healer","floor":31.0,"turns":10.0},{"damage":0,"enemies":"Automaton","floor":33,"turns":13},{"damage":0,"enemies":"3 Darklings","floor":35,"turns":10},{"damage":0,"enemies":"3 Shapes","floor":42,"turns":3},{"damage":0,"enemies":"Reptomancer","floor":45,"turns":14},{"damage":0,"enemies":"hubris:GrandSnecko","floor":50,"turns":15}],"seed_played":"-8840456488387729203","potions_obtained":[{"floor":7.0,"key":"DistilledChaos"},{"floor":14.0,"key":"Swift Potion"},{"floor":19.0,"key":"Swift Potion"},{"floor":19.0,"key":"FearPotion"},{"floor":19.0,"key":"DistilledChaos"},{"floor":27.0,"key":"PowerPotion"},{"floor":33,"key":"Weak Potion"},{"floor":42,"key":"Dexterity Potion"},{"floor":45,"key":"Fruit Juice"}],"is_trial":false,"path_per_floor":["M","M","?","?","?","E","M","$","T","?","M","?","R","M","R","B",null,"M","?","M","?","$","R","M","?","T","M","M","$","?","M","R","B",null,"M","?","$","T","?","R","T","M","T","?","E","R","$","?","R","B",null],"character_chosen":"THE_SERVANT","items_purchased":["Blood Vial","BestPractice","Regal Pillow","Read","Spin","Barrier","Luminosity"],"campfire_rested":2,"item_purchase_floors":[8,22,22,29,29,37,47],"current_hp_per_floor":[59,53,35,35,35,14,14,14,14,14,16,16,39,41,64,48,77,71,71,73,73,73,73,75,75,75,77,68,68,1,1,1,1,1,1,1,1,1,1,1,1,1,1,1,1,1,1,1,1,1],"gold":34,"neow_bonus":"TWENTY_PERCENT_HP_BONUS","is_daily":false,"chose_seed":false,"campfire_upgraded":3,"win_rate":0.0,"timestamp":1613521498,"path_taken":["M","M","?","?","?","E","M","$","T","?","M","?","R","M","R","BOSS","M","?","M","?","?","R","M","?","T","M","M","?","?","M","R","BOSS","M","?","$","?","?","R","?","M","T","?","E","R","?","?","R","BOSS"],"items_purchased_type":["Relic","Card","Relic","Card","Card","Card","Card"],"build_version":"2020-12-22","purchased_purges":0,"victory":true,"max_hp_per_floor":[77,77,77,77,77,77,77,77,77,77,77,77,77,77,77,77,77,77,77,77,77,77,77,77,77,77,77,77,77,1,1,1,1,1,1,1,1,1,1,1,1,1,1,1,1,1,1,1,1,1],"card_choices":[{"not_picked":["Unruled","FastForward"],"picked":"Potential","floor":1.0},{"not_picked":["Snipe","BottledTime"],"picked":"Defy","floor":2.0},{"not_picked":["Rewind","Replace"],"picked":"Defy","floor":6.0},{"not_picked":["SpecialFormula","Rewind"],"picked":"InstantArmor","floor":7.0},{"not_picked":["BottledTime","ShiftingGears"],"picked":"ShatteredReality","floor":11.0},{"not_picked":["ReturningBlade","Rewind"],"picked":"TimeWarp","floor":14.0},{"not_picked":["TheWorld","Deny"],"picked":"FlawlessForm","floor":16.0},{"not_picked":["Shuttle","Replace"],"picked":"Reset","floor":18.0},{"not_picked":["StarChef+1","ReturningBlade","Alleviate"],"picked":"SKIP","floor":20.0},{"not_picked":["Rearm","WasteNot"],"picked":"Potential","floor":24.0},{"not_picked":["BottledTime+1","TimeWarp"],"picked":"GearUp+1","floor":27.0},{"not_picked":["Ricochet","TimeWarp"],"picked":"Rearm","floor":28.0},{"not_picked":["TimeWarp","Ricochet"],"picked":"DoubleEdge","floor":31.0},{"not_picked":["FlawlessForm","Duplication"],"picked":"Dilation","floor":33},{"not_picked":["Reset+1","Potential"],"picked":"BottledTime+1","floor":35},{"not_picked":["Deadline+1","Revamp","Rewind"],"picked":"SKIP","floor":42},{"not_picked":["ShatteredReality+1","Spin+1"],"picked":"SurpressingFire","floor":45}],"player_experience":609437,"relics_obtained":[{"floor":6.0,"key":"Oddly Smooth Stone"},{"floor":9.0,"key":"Bottled Lightning"},{"floor":26.0,"key":"hubris:DeckOfHolding"},{"floor":38,"key":"Molten Egg 2"},{"floor":41,"key":"Eternal Feather"},{"floor":43,"key":"Girya"},{"floor":45,"key":"Question Card"}],"event_choices":[{"damage_healed":0.0,"max_hp_gain":0.0,"max_hp_loss":0.0,"gold_gain":0.0,"event_name":"Scrap Ooze","player_choice":"Success","floor":3.0,"gold_loss":0.0,"damage_taken":18.0,"relics_obtained":["Juzu Bracelet"]},{"damage_healed":0.0,"max_hp_gain":0.0,"max_hp_loss":0.0,"gold_gain":0.0,"event_name":"Accursed Blacksmith","player_choice":"Forge","floor":4.0,"gold_loss":0.0,"damage_taken":0.0,"cards_upgraded":["Potential"]},{"damage_healed":0.0,"max_hp_gain":0.0,"max_hp_loss":0.0,"gold_gain":0.0,"event_name":"Living Wall","player_choice":"Grow","floor":10.0,"gold_loss":0.0,"damage_taken":0.0,"cards_upgraded":["Defy"]},{"damage_healed":0.0,"max_hp_gain":0.0,"max_hp_loss":0.0,"gold_gain":0.0,"event_name":"Golden Idol","player_choice":"Take Wound","floor":12.0,"gold_loss":0.0,"damage_taken":0.0,"relics_obtained":["Golden Idol"],"cards_obtained":["Injury"]},{"damage_healed":0.0,"max_hp_gain":0.0,"max_hp_loss":0.0,"gold_gain":0.0,"event_name":"Lab","player_choice":"Got Potions","floor":19.0,"gold_loss":0.0,"damage_taken":0.0},{"cards_removed":["Injury"],"damage_healed":0.0,"max_hp_gain":0.0,"max_hp_loss":0.0,"gold_gain":0.0,"event_name":"Wheel of Change","player_choice":"Card Removal","floor":21.0,"gold_loss":0.0,"damage_taken":0.0},{"damage_healed":0.0,"max_hp_gain":0.0,"max_hp_loss":0.0,"gold_gain":0.0,"event_name":"N\u0027loth","player_choice":"Ignored","floor":25.0,"gold_loss":0.0,"damage_taken":0.0},{"damage_healed":0,"gold_gain":0,"player_choice":"Upgrade","damage_taken":0,"max_hp_gain":0,"max_hp_loss":0,"event_name":"Designer","floor":36,"gold_loss":40,"cards_upgraded":["Dilation"]},{"damage_healed":0,"gold_gain":0,"player_choice":"Max HP","damage_taken":0,"max_hp_gain":0,"max_hp_loss":0,"event_name":"Winding Halls","floor":39,"gold_loss":0},{"cards_removed":["Strike_S"],"damage_healed":0,"gold_gain":0,"player_choice":"Purged","damage_taken":0,"max_hp_gain":0,"max_hp_loss":0,"event_name":"Purifier","floor":44,"gold_loss":0},{"damage_healed":0,"gold_gain":0,"player_choice":"Gave Potion","damage_taken":0,"relics_obtained":["InkBottle"],"max_hp_gain":0,"max_hp_loss":0,"event_name":"WeMeetAgain","floor":48,"gold_loss":0}],"is_beta":false,"boss_relics":[{"not_picked":["hubris:Stopwatch","Astrolabe"],"picked":"Runic Dome"},{"not_picked":["hubris:BlackHole","Runic Pyramid"],"picked":"SacredBark"}],"items_purged_floors":[],"is_endless":false,"potions_floor_spawned":[7,14,24,27,33,42,45],"ascension_level":1}}