{"host":"5wwct7e0z3l0f094","time":1613536197,"event":{"mods":["AchievementEnabler","BaseMod","Downfall","Highlight Path","Minty Spire (QoL Compilation)","StSLib","SuperFastMode"],"gold_per_floor":[360,384,286,305,315,347,347,380,441,453,465,520,532,564,576,588,588],"floor_reached":16,"language":"ENG","playtime":479,"items_purged":["Injury"],"score":183,"play_id":"796376d9-ac5b-4235-975b-fea40d9917b4","local_time":"20210216232957","is_ascension_mode":true,"campfire_choices":[{"floor":7.0,"key":"REST"},{"floor":15,"key":"REST"}],"circlet_count":0,"master_deck":["AscendersBane","Strike_G","Strike_G","Strike_G","Strike_G","Strike_G","Defend_G","Defend_G","Defend_G","Defend_G","Defend_G","Survivor","Neutralize","Backstab","Deadly Poison","Crippling Poison","Poisoned Stab","Injury","Blade Dance"],"relics":["Ring of the Snake","Snake Skull","Eternal Feather","MawBank","Lantern","Golden Idol","Turnip","GremlinMask"],"acts_visited":["Exordium"],"potions_floor_usage":[16,16],"damage_taken":[{"damage":0.0,"enemies":"Cultist","floor":1.0,"turns":4.0},{"damage":0.0,"enemies":"2 Louse","floor":4.0,"turns":2.0},{"damage":0.0,"enemies":"Jaw Worm","floor":5.0,"turns":4.0},{"damage":38.0,"enemies":"Lagavulin","floor":6.0,"turns":8.0},{"damage":25.0,"enemies":"3 Sentries","floor":8.0,"turns":10.0},{"damage":17.0,"enemies":"Gremlin Nob","floor":12.0,"turns":4.0},{"damage":9,"enemies":"Blue Slaver","floor":14,"turns":4},{"damage":26,"enemies":"Slime Boss","floor":16,"turns":6}],"seed_played":"2531569672957895235","potions_obtained":[{"floor":1.0,"key":"Swift Potion"},{"floor":6.0,"key":"DistilledChaos"},{"floor":12.0,"key":"PowerPotion"},{"floor":14,"key":"SkillPotion"}],"is_trial":false,"path_per_floor":["M","T","$","M","M","E","R","E","T","$","?","E","?","M","R","B"],"character_chosen":"THE_SILENT","items_purchased":["Deadly Poison"],"campfire_rested":2,"item_purchase_floors":[3],"current_hp_per_floor":[63,63,63,63,63,25,55,30,30,30,30,13,13,4,34,8,8],"gold":588,"neow_bonus":"TWO_FIFTY_GOLD","is_daily":false,"chose_seed":false,"campfire_upgraded":0,"win_rate":0.0,"timestamp":1613536197,"path_taken":["M","?","$","M","M","E","R","E","T","$","?","E","?","M","R","BOSS"],"items_purchased_type":["Card"],"build_version":"2020-12-22","purchased_purges":1,"victory":false,"max_hp_per_floor":[70,70,70,70,70,70,70,70,70,70,70,70,70,70,70,70,70],"card_choices":[{"not_picked":["Quick Slash","Slice"],"picked":"Backstab","floor":1.0},{"not_picked":["Dodge and Roll","Endless Agony","Cloak And Dagger"],"picked":"SKIP","floor":4.0},{"not_picked":["PiercingWail","Poisoned Stab"],"picked":"Crippling Poison","floor":5.0},{"not_picked":["Predator","Outmaneuver","Escape Plan"],"picked":"SKIP","floor":6.0},{"not_picked":["Prepared","Doppelganger"],"picked":"Poisoned Stab","floor":8.0},{"not_picked":["Underhanded Strike","Dagger Throw"],"picked":"Blade Dance","floor":12.0},{"not_picked":["Backflip","Blade Dance","All Out Attack"],"picked":"SKIP","floor":14}],"player_experience":339496,"relics_obtained":[{"floor":2.0,"key":"Snake Skull"},{"floor":6.0,"key":"Eternal Feather"},{"floor":8.0,"key":"MawBank"},{"floor":9.0,"key":"Lantern"},{"floor":12.0,"key":"Turnip"}],"event_choices":[{"damage_healed":0.0,"max_hp_gain":0.0,"max_hp_loss":0.0,"gold_gain":0.0,"event_name":"Golden Idol","player_choice":"Take Wound","floor":11.0,"gold_loss":0.0,"damage_taken":0.0,"relics_obtained":["Golden Idol"],"cards_obtained":["Injury"]},{"damage_healed":0.0,"max_hp_gain":0.0,"max_hp_loss":0.0,"gold_gain":0.0,"event_name":"FaceTrader","player_choice":"Trade","floor":13.0,"gold_loss":0.0,"damage_taken":0.0,"relics_obtained":["GremlinMask"]}],"is_beta":false,"boss_relics":[],"items_purged_floors":[3],"is_endless":false,"potions_floor_spawned":[1,6,12,14],"killed_by":"Slime Boss","ascension_level":11}}