{"host":"15ff3ltgpietarej","time":1613586869,"event":{"mods":["BaseMod","Bestiary","Downfall","Highlight Path","Minty Spire (QoL Compilation)","Relic Stats","StSLib"],"gold_per_floor":[99,99,110,127,138,169,169,169,186,186,186,204,237,237,248,344,344,344,344],"floor_reached":17,"language":"ENG","playtime":1140,"items_purged":[],"score":192,"play_id":"09e7fbbe-ab55-477f-a150-6c842b569f74","local_time":"20210217193429","is_ascension_mode":false,"campfire_choices":[{"data":"sneckomod:TailWhip","floor":1.0,"key":"SMITH"},{"data":"sneckomod:UnknownStrike","floor":8.0,"key":"SMITH"},{"data":"sneckomod:Nope","floor":11.0,"key":"SMITH"}],"circlet_count":0,"master_deck":["sneckomod:Strike","sneckomod:Strike","sneckomod:Strike","sneckomod:Defend","sneckomod:Defend","sneckomod:Defend","sneckomod:TailWhip+1","sneckomod:SnekBite","sneckomod:Unknown","sneckomod:Unknown","sneckomod:Nope","sneckomod:DiceCrush","sneckomod:UnknownX","sneckomod:UnknownStrike+1","sneckomod:Nope+1","sneckomod:UnknownRareAttack","sneckomod:UnknownDraw","sneckomod:WideSting","sneckomod:SerpentMind"],"relics":["sneckomod:SneckoSoul","Bird Faced Urn","White Beast Statue","hexamod:CandleOfCauterizing","HornCleat","Vajra","Sozu"],"acts_visited":["Exordium","TheCity"],"potions_floor_usage":[],"damage_taken":[{"damage":2.0,"enemies":"2 Louse","floor":3.0,"turns":2.0},{"damage":1.0,"enemies":"Cultist","floor":4.0,"turns":3.0},{"damage":3.0,"enemies":"Small Slimes","floor":5.0,"turns":3.0},{"damage":20.0,"enemies":"Lagavulin","floor":6.0,"turns":9.0},{"damage":2.0,"enemies":"2 Fungi Beasts","floor":9.0,"turns":3.0},{"damage":4.0,"enemies":"Blue Slaver","floor":12.0,"turns":2.0},{"damage":0.0,"enemies":"Gremlin Nob","floor":13.0,"turns":3.0},{"damage":0.0,"enemies":"3 Louse","floor":15.0,"turns":2.0},{"damage":24.0,"enemies":"SI_SHIV_ARCHETYPE","floor":16.0,"turns":6.0}],"seed_played":"6313294383279843308","potions_obtained":[{"floor":4.0,"key":"SpeedPotion"},{"floor":9.0,"key":"BlessingOfTheForge"},{"floor":12.0,"key":"Slimebound:ThreeZeroPotion"},{"floor":13.0,"key":"SteroidPotion"},{"floor":15.0,"key":"SkillPotion"},{"floor":16.0,"key":"Dexterity Potion"}],"is_trial":false,"path_per_floor":["R","?","M","M","M","E","T","R","M","?","R","M","E","?","M","B",null],"character_chosen":"THE_SNECKO","items_purchased":[],"campfire_rested":0,"item_purchase_floors":[],"current_hp_per_floor":[90,90,88,89,86,66,66,66,66,48,48,44,44,74,74,50,90,90,90],"gold":344,"neow_bonus":"ONE_RARE_RELIC","is_daily":false,"chose_seed":false,"campfire_upgraded":3,"win_rate":0.0,"timestamp":1613586869,"path_taken":["R","?","?","M","M","E","T","R","M","?","R","M","E","?","M","BOSS"],"items_purchased_type":[],"build_version":"2020-12-22","purchased_purges":0,"victory":false,"max_hp_per_floor":[90,90,90,90,90,90,90,90,90,90,90,90,90,90,90,90,90,90,90],"relic_stats":{"Sozu":0,"counters":[9,33],"Bird Faced Urn":[4],"obtain_stats":[{"Sozu":17,"hexamod:CandleOfCauterizing":7,"HornCleat":10,"Bird Faced Urn":0,"Vajra":13,"sneckomod:SneckoSoul":0,"White Beast Statue":6},{"Sozu":9,"hexamod:CandleOfCauterizing":4,"HornCleat":5,"Bird Faced Urn":0,"Vajra":7,"sneckomod:SneckoSoul":0,"White Beast Statue":4},{"Sozu":33,"hexamod:CandleOfCauterizing":17,"HornCleat":20,"Bird Faced Urn":0,"Vajra":25,"sneckomod:SneckoSoul":0,"White Beast Statue":17}]},"card_choices":[{"not_picked":["sneckomod:Rotation","sneckomod:UnknownBlock"],"picked":"sneckomod:Nope","floor":3.0},{"not_picked":["sneckomod:UnknownCommonSkill","sneckomod:SerpentIdol"],"picked":"sneckomod:DiceCrush","floor":4.0},{"not_picked":["sneckomod:UnknownCommonSkill","sneckomod:SoulRoll"],"picked":"sneckomod:UnknownX","floor":5.0},{"not_picked":["sneckomod:WideSting","sneckomod:RainOfDice"],"picked":"sneckomod:UnknownStrike","floor":6.0},{"not_picked":["sneckomod:UnknownX","sneckomod:Unknown1Cost"],"picked":"sneckomod:Nope","floor":9.0},{"not_picked":["sneckomod:DiceBlock","sneckomod:DiceCrush"],"picked":"sneckomod:UnknownRareAttack","floor":12.0},{"not_picked":["sneckomod:UnknownWeak","sneckomod:QuickMove"],"picked":"sneckomod:UnknownDraw","floor":13.0},{"not_picked":["sneckomod:IronFang","sneckomod:MasterEye"],"picked":"sneckomod:WideSting","floor":15.0},{"not_picked":["sneckomod:Cheat","sneckomod:UnknownRareSkill"],"picked":"sneckomod:SerpentMind","floor":16.0}],"player_experience":470763,"relics_obtained":[{"floor":6.0,"key":"White Beast Statue"},{"floor":7.0,"key":"hexamod:CandleOfCauterizing"},{"floor":13.0,"key":"Vajra"}],"event_choices":[{"damage_healed":0.0,"max_hp_gain":0.0,"max_hp_loss":0.0,"gold_gain":0.0,"event_name":"Scrap Ooze","player_choice":"Success","floor":10.0,"gold_loss":0.0,"damage_taken":18.0,"relics_obtained":["HornCleat"]},{"damage_healed":30.0,"max_hp_gain":0.0,"max_hp_loss":0.0,"gold_gain":0.0,"event_name":"Big Fish","player_choice":"Banana","floor":14.0,"gold_loss":0.0,"damage_taken":0.0}],"is_beta":false,"boss_relics":[{"not_picked":["Philosopher\u0027s Stone","Empty Cage"],"picked":"Sozu"}],"items_purged_floors":[],"is_endless":false,"potions_floor_spawned":[4,9,12,13,15,16],"ascension_level":0}}