{"host":"sian7qp8a9pc9xwd","time":1613520956,"event":{"mods":["BaseMod","Minty Spire (QoL Compilation)","StSLib","SuperFastMode"],"gold_per_floor":[360,144,144,9,28,28,43,71,71,71,89,89,364,382,403,403,480,480,492,504,515,40,40,67,67,87,114,14,14,114,114,127,127,203,203,219,239,288,288,288,288,288,288],"floor_reached":42,"language":"ENG","playtime":1564,"items_purged":["Writhe","Regret"],"score":857,"play_id":"bd248dd9-9621-4b34-b557-be2da5f2bad7","local_time":"20210216191556","is_ascension_mode":true,"campfire_choices":[{"data":"CutThroughFate","floor":6.0,"key":"SMITH"},{"data":"Prostrate","floor":12.0,"key":"SMITH"},{"data":"Brilliance","floor":16.0,"key":"SMITH"},{"floor":25.0,"key":"REST"},{"floor":29.0,"key":"REST"},{"floor":31.0,"key":"REST"},{"data":"CutThroughFate","floor":33.0,"key":"SMITH"},{"data":"CutThroughFate","floor":41.0,"key":"SMITH"}],"circlet_count":0,"master_deck":["AscendersBane","Strike_P+1","Strike_P","Strike_P+1","Strike_P","Defend_P+1","Defend_P","Defend_P","Defend_P+1","Eruption+1","Vigilance+1","FollowUp+1","CutThroughFate+1","Swift Strike+1","Brilliance+1","Worship","Prostrate+1","LessonLearned","Devotion+1","CutThroughFate","Evaluate+1","CutThroughFate+1","SpiritShield+1","Consecrate","CutThroughFate+1"],"relics":["HolyWater","Shuriken","Pantograph","Odd Mushroom","VioletLotus","Gremlin Horn","Damaru","Boot","Bronze Scales","CaptainsWheel","Letter Opener","StoneCalendar","Matryoshka"],"acts_visited":["Exordium","TheCity","TheBeyond"],"potions_floor_usage":[],"damage_taken":[{"damage":0.0,"enemies":"Small Slimes","floor":1.0,"turns":3.0},{"damage":0.0,"enemies":"Cultist","floor":5.0,"turns":2.0},{"damage":0.0,"enemies":"2 Louse","floor":7.0,"turns":1.0},{"damage":20.0,"enemies":"3 Sentries","floor":8.0,"turns":3.0},{"damage":0.0,"enemies":"Blue Slaver","floor":11.0,"turns":2.0},{"damage":15.0,"enemies":"Looter","floor":14.0,"turns":4.0},{"damage":2.0,"enemies":"The Mushroom Lair","floor":15.0,"turns":2.0},{"damage":3.0,"enemies":"Slime Boss","floor":17.0,"turns":4.0},{"damage":27.0,"enemies":"2 Thieves","floor":19.0,"turns":4.0},{"damage":8.0,"enemies":"Chosen","floor":20.0,"turns":4.0},{"damage":24.0,"enemies":"Snake Plant","floor":21.0,"turns":3.0},{"damage":6.0,"enemies":"Book of Stabbing","floor":24.0,"turns":2.0},{"damage":21.0,"enemies":"Centurion and Healer","floor":26.0,"turns":4.0},{"damage":4.0,"enemies":"Colosseum Slavers","floor":30.0,"turns":4.0},{"damage":20.0,"enemies":"Colosseum Nobs","floor":30.0,"turns":3.0},{"damage":5.0,"enemies":"Chosen and Byrds","floor":32.0,"turns":4.0},{"damage":28.0,"enemies":"Automaton","floor":34.0,"turns":6.0},{"damage":1.0,"enemies":"Orb Walker","floor":36.0,"turns":2.0},{"damage":5.0,"enemies":"3 Darklings","floor":37.0,"turns":4.0},{"damage":28.0,"enemies":"2 Orb Walkers","floor":38.0,"turns":4.0},{"damage":0,"enemies":"Reptomancer","floor":42,"turns":1}],"seed_played":"-3382716452890543833","potions_obtained":[{"floor":7.0,"key":"SmokeBomb"},{"floor":14.0,"key":"PowerPotion"},{"floor":15.0,"key":"Energy Potion"},{"floor":19.0,"key":"DuplicationPotion"},{"floor":26.0,"key":"Ancient Potion"},{"floor":32.0,"key":"DuplicationPotion"},{"floor":34.0,"key":"EssenceOfSteel"},{"floor":36.0,"key":"Regen Potion"},{"floor":38.0,"key":"SkillPotion"}],"is_trial":false,"path_per_floor":["M","$","?","$","M","R","M","E","E","T","M","R","?","M","?","R","B",null,"M","M","M","$","?","E","R","M","T","$","R","?","R","M","R","B",null,"M","M","?","?","T","R","E"],"character_chosen":"WATCHER","items_purchased":["CutThroughFate","Swift Strike","Brilliance","Gremlin Horn","Damaru","LiquidMemories"],"campfire_rested":3,"item_purchase_floors":[2,2,4,22,22,22],"current_hp_per_floor":[65,65,65,65,65,65,65,45,45,45,45,45,45,30,28,28,50,67,40,32,8,8,32,26,47,26,26,26,47,23,44,39,39,36,63,62,57,29,63,63,63,63,63],"gold":288,"neow_bonus":"TWO_FIFTY_GOLD","is_daily":false,"chose_seed":false,"campfire_upgraded":5,"win_rate":0.0,"timestamp":1613520956,"path_taken":["M","$","?","$","M","R","?","E","E","T","M","R","?","?","?","R","BOSS","M","M","M","$","?","E","R","M","T","$","R","?","R","M","R","BOSS","M","M","?","?","?","R","E"],"items_purchased_type":["Card","Card","Card","Relic","Relic","Potion"],"build_version":"2020-12-22","purchased_purges":2,"victory":false,"max_hp_per_floor":[72,72,72,72,72,72,72,72,72,72,72,72,72,72,72,72,72,72,72,72,72,72,72,72,72,72,72,72,72,72,72,72,72,72,72,72,72,72,63,63,63,63,63],"card_choices":[{"not_picked":["EmptyBody","Prostrate"],"picked":"FollowUp","floor":1.0},{"not_picked":["Sanctity","WheelKick","Evaluate"],"picked":"SKIP","floor":5.0},{"not_picked":["CutThroughFate","Crescendo"],"picked":"Worship","floor":7.0},{"not_picked":["FlurryOfBlows","WheelKick"],"picked":"Prostrate","floor":8.0},{"not_picked":["Evaluate","FlyingSleeves","SashWhip"],"picked":"SKIP","floor":11.0},{"not_picked":["ThirdEye","FlyingSleeves"],"picked":"LessonLearned","floor":14.0},{"not_picked":["Alpha","Wish"],"picked":"Devotion","floor":17.0},{"not_picked":["FlyingSleeves","Consecrate","Crescendo"],"picked":"SKIP","floor":19.0},{"not_picked":["Halt","WindmillStrike"],"picked":"CutThroughFate","floor":20.0},{"not_picked":["Sanctity","SignatureMove","Wireheading"],"picked":"SKIP","floor":21.0},{"not_picked":["Collect","Weave"],"picked":"Evaluate+1","floor":24.0},{"not_picked":["Perseverance","EmptyBody"],"picked":"CutThroughFate","floor":26.0},{"not_picked":["FollowUp","Meditate","Wallop"],"picked":"SKIP","floor":32.0},{"not_picked":["Establishment","Ragnarok"],"picked":"SpiritShield","floor":34.0},{"not_picked":["Evaluate","JustLucky+1"],"picked":"Consecrate","floor":36.0},{"not_picked":["WheelKick","EmptyFist+1","JustLucky"],"picked":"SKIP","floor":37.0},{"not_picked":["Tantrum","ReachHeaven+1"],"picked":"CutThroughFate","floor":38.0}],"player_experience":990321,"relics_obtained":[{"floor":8.0,"key":"Shuriken"},{"floor":10.0,"key":"Pantograph"},{"floor":15.0,"key":"Odd Mushroom"},{"floor":24.0,"key":"Boot"},{"floor":27.0,"key":"Bronze Scales"},{"floor":30.0,"key":"CaptainsWheel"},{"floor":30.0,"key":"Letter Opener"},{"floor":38.0,"key":"StoneCalendar"},{"floor":40.0,"key":"Matryoshka"}],"event_choices":[{"damage_healed":0.0,"max_hp_gain":0.0,"max_hp_loss":0.0,"gold_gain":0.0,"event_name":"Accursed Blacksmith","player_choice":"Forge","floor":3.0,"gold_loss":0.0,"damage_taken":0.0,"cards_upgraded":["Eruption"]},{"damage_healed":0.0,"max_hp_gain":0.0,"max_hp_loss":0.0,"gold_gain":275.0,"event_name":"Golden Shrine","player_choice":"Desecrate","floor":13.0,"gold_loss":0.0,"damage_taken":0.0,"cards_obtained":["Regret"]},{"damage_healed":0.0,"max_hp_gain":0.0,"max_hp_loss":0.0,"gold_gain":0.0,"event_name":"Mushrooms","player_choice":"Fought Mushrooms","floor":15.0,"gold_loss":0.0,"damage_taken":0.0},{"damage_healed":24.0,"max_hp_gain":0.0,"max_hp_loss":0.0,"gold_gain":0.0,"event_name":"The Library","player_choice":"Heal","floor":23.0,"gold_loss":0.0,"damage_taken":0.0},{"damage_healed":0.0,"max_hp_gain":0.0,"max_hp_loss":0.0,"gold_gain":0.0,"event_name":"Colosseum","player_choice":"Fight","floor":30.0,"gold_loss":0.0,"damage_taken":0.0},{"damage_healed":0.0,"max_hp_gain":0.0,"max_hp_loss":0.0,"gold_gain":0.0,"event_name":"Colosseum","player_choice":"Fought Nobs","floor":30.0,"gold_loss":0.0,"damage_taken":0.0},{"damage_healed":0.0,"max_hp_gain":0.0,"max_hp_loss":0.0,"gold_gain":0.0,"event_name":"Mysterious Sphere","player_choice":"Fight","floor":38.0,"gold_loss":0.0,"damage_taken":0.0},{"damage_healed":63.0,"max_hp_gain":0.0,"max_hp_loss":9.0,"gold_gain":0.0,"event_name":"The Moai Head","player_choice":"Heal","floor":39.0,"gold_loss":0.0,"damage_taken":0.0}],"is_beta":false,"boss_relics":[{"not_picked":["Philosopher\u0027s Stone","Coffee Dripper"],"picked":"VioletLotus"},{"not_picked":["Fusion Hammer","SlaversCollar"],"picked":"HolyWater"}],"items_purged_floors":[2,28],"is_endless":false,"potions_floor_spawned":[7,14,15,19,26,32,34,36,38],"killed_by":"Reptomancer","ascension_level":13}}