{"host":"vhifjdba66khcqwn","time":1613603786,"event":{"mods":["AchievementEnabler","BaseMod","Bestiary","Energized Spire","Minty Spire (QoL Compilation)","Practice Mode","Relic Stats","Spicy Shops","StSLib","slay the spire mod where everything is the same but ironclad has a cowboy hat"],"gold_per_floor":[118,191,191,205,280,280,280,280,280,280,298,331,331,365,365,426,426,500,500,500,574,574,584,344,344,394,410,430,463,475,475,490,490,515,515,531,544,284,284,299,299,299,299,299],"floor_reached":43,"language":"ENG","playtime":1227,"items_purged":["Strike_R"],"score":906,"play_id":"2f27edfb-9ae9-4bc1-9a47-246adafe93c8","local_time":"20210217151626","is_ascension_mode":true,"campfire_choices":[{"data":"Wild Strike","floor":6.0,"key":"SMITH"},{"floor":13.0,"key":"REST"},{"data":"Armaments","floor":15.0,"key":"SMITH"},{"floor":17.0,"key":"REST"},{"data":"Immolate","floor":20.0,"key":"SMITH"},{"data":"True Grit","floor":31.0,"key":"SMITH"},{"data":"Inflame","floor":35.0,"key":"SMITH"},{"data":"Impervious","floor":41.0,"key":"SMITH"},{"data":"Shockwave","floor":42.0,"key":"SMITH"}],"circlet_count":0,"master_deck":["AscendersBane","Strike_R","Strike_R","Strike_R","Defend_R","Defend_R","Defend_R","Defend_R","Bash+1","Ghostly Armor","Wild Strike+1","Immolate+1","Armaments+1","Shockwave+1","Heavy Blade","Impervious+1","Bludgeon","Disarm","True Grit+1","Sentinel","Inflame+1","Spot Weakness","Intimidate","Power Through","Armaments+1","Pummel","Pummel","Seeing Red"],"relics":["Black Blood","White Beast Statue","Anchor","Blue Candle","Meat on the Bone","Omamori","StoneCalendar","Mark of Pain","Happy Flower","HornCleat","Mummified Hand","Darkstone Periapt","Boot","Orrery"],"acts_visited":["Exordium","TheCity"],"potions_floor_usage":[43,43],"damage_taken":[{"damage":7.0,"enemies":"2 Louse","floor":1.0,"turns":3.0},{"damage":21.0,"enemies":"Jaw Worm","floor":4.0,"turns":5.0},{"damage":0.0,"enemies":"Cultist","floor":11.0,"turns":2.0},{"damage":15.0,"enemies":"3 Sentries","floor":12.0,"turns":9.0},{"damage":32.0,"enemies":"Gremlin Nob","floor":14.0,"turns":4.0},{"damage":37.0,"enemies":"Lagavulin Event","floor":16.0,"turns":5.0},{"damage":0.0,"enemies":"Slime Boss","floor":18.0,"turns":5.0},{"damage":28.0,"enemies":"Slime Boss","floor":21.0,"turns":7.0},{"damage":22.0,"enemies":"Chosen","floor":23.0,"turns":5.0},{"damage":6.0,"enemies":"2 Thieves","floor":27.0,"turns":2.0},{"damage":0.0,"enemies":"Centurion and Healer","floor":28.0,"turns":3.0},{"damage":30.0,"enemies":"Book of Stabbing","floor":29.0,"turns":7.0},{"damage":0.0,"enemies":"3 Cultists","floor":30.0,"turns":4.0},{"damage":0.0,"enemies":"Snake Plant","floor":32.0,"turns":4.0},{"damage":4.0,"enemies":"Centurion and Healer","floor":36.0,"turns":5.0},{"damage":0.0,"enemies":"3 Cultists","floor":37.0,"turns":3.0},{"damage":20.0,"enemies":"Shelled Parasite and Fungi","floor":40.0,"turns":6.0},{"damage":79,"enemies":"Automaton","floor":43,"turns":8}],"seed_played":"8861539145315975838","potions_obtained":[{"floor":8.0,"key":"Strength Potion"},{"floor":8.0,"key":"DuplicationPotion"},{"floor":14.0,"key":"BlessingOfTheForge"},{"floor":18.0,"key":"Block Potion"},{"floor":21.0,"key":"BlessingOfTheForge"},{"floor":28.0,"key":"PowerPotion"}],"is_trial":false,"path_per_floor":["M","?","$","M","?","R","T","?","T","T","M","E","R","E","R","?","R","B",null,"R","B",null,"M","$","?","?","M","M","E","M","R","M","T","T","R","M","M","$","?","M","R","R","B"],"character_chosen":"IRONCLAD","items_purchased":["Happy Flower","Spot Weakness","Orrery"],"campfire_rested":2,"item_purchase_floors":[24,38,38],"current_hp_per_floor":[67,67,67,52,41,41,41,41,41,41,47,38,60,46,46,27,49,55,55,55,51,69,59,59,59,59,65,75,57,69,69,75,75,75,75,75,75,75,75,67,67,67,0,0],"gold":299,"neow_bonus":"UPGRADE_CARD","is_daily":false,"chose_seed":false,"campfire_upgraded":7,"win_rate":0.0,"timestamp":1613603786,"path_taken":["M","?","$","M","?","R","?","?","T","T","?","E","R","E","R","?","R","BOSS","R","BOSS","M","$","?","?","M","M","E","M","R","M","T","T","R","M","M","$","?","M","R","R","BOSS"],"items_purchased_type":["Relic","Card","Relic"],"build_version":"2020-12-22","purchased_purges":1,"victory":false,"max_hp_per_floor":[75,75,75,75,75,75,75,75,75,75,75,75,75,75,75,75,75,75,75,75,75,75,75,75,75,75,75,75,75,75,75,75,75,75,75,75,75,75,75,75,75,75,75,75],"relic_stats":{"Darkstone Periapt":0,"Happy Flower":[14],"counters":[18,87],"Mummified Hand":[4],"Blue Candle":[0],"Black Blood":134,"StoneCalendar":[119],"Boot":[24],"obtain_stats":[{"Darkstone Periapt":33,"Happy Flower":24,"Blue Candle":10,"Black Blood":19,"StoneCalendar":16,"Omamori":14,"Boot":34,"Burning Blood":0,"White Beast Statue":7,"Anchor":9,"HornCleat":25,"Mummified Hand":29,"Orrery":38,"Mark of Pain":22,"Meat on the Bone":12},{"Darkstone Periapt":14,"Happy Flower":9,"Blue Candle":2,"Black Blood":7,"StoneCalendar":6,"Omamori":5,"Boot":14,"Burning Blood":0,"White Beast Statue":2,"Anchor":2,"HornCleat":9,"Mummified Hand":12,"Orrery":16,"Mark of Pain":8,"Meat on the Bone":4},{"Darkstone Periapt":65,"Happy Flower":45,"Blue Candle":8,"Black Blood":33,"StoneCalendar":28,"Omamori":23,"Boot":65,"Burning Blood":0,"White Beast Statue":8,"Anchor":8,"HornCleat":45,"Mummified Hand":57,"Orrery":73,"Mark of Pain":40,"Meat on the Bone":19}],"Meat on the Bone":36},"card_choices":[{"not_picked":["Anger","Headbutt"],"picked":"Ghostly Armor","floor":1.0},{"not_picked":["Headbutt","Hemokinesis"],"picked":"Wild Strike","floor":4.0},{"not_picked":["Bloodletting","Flex"],"picked":"Immolate","floor":11.0},{"not_picked":["Flex","Pommel Strike"],"picked":"Armaments","floor":12.0},{"not_picked":["True Grit","Warcry"],"picked":"Shockwave","floor":14.0},{"not_picked":["Shrug It Off","Sentinel"],"picked":"Heavy Blade","floor":16.0},{"not_picked":["Brutality","Juggernaut"],"picked":"Impervious","floor":18.0},{"not_picked":["Juggernaut","Barricade"],"picked":"Bludgeon","floor":21.0},{"not_picked":["Twin Strike","Heavy Blade"],"picked":"Disarm","floor":23.0},{"not_picked":["Second Wind","Carnage","Shrug It Off"],"picked":"SKIP","floor":27.0},{"not_picked":["Sword Boomerang","Seeing Red+1"],"picked":"True Grit","floor":28.0},{"not_picked":["Headbutt","Rupture","Pommel Strike"],"picked":"SKIP","floor":29.0},{"not_picked":["Double Tap","Thunderclap"],"picked":"Sentinel","floor":30.0},{"not_picked":["Wild Strike","Perfected Strike"],"picked":"Inflame","floor":32.0},{"not_picked":["Body Slam","Heavy Blade","Iron Wave"],"picked":"SKIP","floor":36.0},{"not_picked":["Dual Wield","Rage","Brutality"],"picked":"SKIP","floor":37.0},{"not_picked":["Clothesline","Shockwave"],"picked":"Intimidate","floor":38.0},{"not_picked":["Hemokinesis","Dark Embrace"],"picked":"Power Through","floor":38.0},{"not_picked":["Sword Boomerang+1","True Grit"],"picked":"Armaments+1","floor":38.0},{"not_picked":["Twin Strike+1","Clothesline"],"picked":"Pummel","floor":38.0},{"not_picked":["Flex","Perfected Strike+1"],"picked":"Pummel","floor":38.0},{"not_picked":["Uppercut","Heavy Blade+1"],"picked":"Seeing Red","floor":40.0}],"player_experience":1202732,"relics_obtained":[{"floor":7.0,"key":"White Beast Statue"},{"floor":9.0,"key":"Anchor"},{"floor":10.0,"key":"Blue Candle"},{"floor":12.0,"key":"Meat on the Bone"},{"floor":14.0,"key":"Omamori"},{"floor":16.0,"key":"StoneCalendar"},{"floor":29.0,"key":"Mummified Hand"},{"floor":33.0,"key":"Darkstone Periapt"},{"floor":34.0,"key":"Boot"}],"event_choices":[{"damage_healed":0.0,"max_hp_gain":0.0,"max_hp_loss":0.0,"gold_gain":73.0,"event_name":"Golden Wing","player_choice":"Gained Gold","floor":2.0,"gold_loss":0.0,"damage_taken":0.0},{"damage_healed":0.0,"max_hp_gain":0.0,"max_hp_loss":0.0,"gold_gain":75.0,"event_name":"World of Goop","player_choice":"Gather Gold","floor":5.0,"gold_loss":0.0,"damage_taken":11.0},{"damage_healed":0.0,"max_hp_gain":0.0,"max_hp_loss":0.0,"gold_gain":0.0,"event_name":"Lab","player_choice":"Got Potions","floor":8.0,"gold_loss":0.0,"damage_taken":0.0},{"damage_healed":0.0,"max_hp_gain":0.0,"max_hp_loss":0.0,"gold_gain":0.0,"event_name":"Dead Adventurer","player_choice":"Searched \u00271\u0027 times","floor":16.0,"gold_loss":0.0,"damage_taken":0.0},{"damage_healed":0.0,"max_hp_gain":0.0,"max_hp_loss":0.0,"gold_gain":0.0,"event_name":"The Mausoleum","player_choice":"Opened","floor":25.0,"gold_loss":0.0,"damage_taken":0.0,"relics_obtained":["HornCleat"],"cards_obtained":["Writhe"]},{"damage_healed":0.0,"max_hp_gain":0.0,"max_hp_loss":0.0,"gold_gain":50.0,"event_name":"Nest","player_choice":"Stole From Cult","floor":26.0,"gold_loss":0.0,"damage_taken":0.0},{"cards_removed":["Strike_R"],"damage_healed":0.0,"max_hp_gain":0.0,"max_hp_loss":0.0,"gold_gain":0.0,"event_name":"Purifier","player_choice":"Purged","floor":39.0,"gold_loss":0.0,"damage_taken":0.0}],"is_beta":false,"boss_relics":[{"not_picked":["energizedSpire:TabascoSauce","energizedSpire:DeadBattery"],"picked":"Black Blood"},{"not_picked":["Runic Cube","energizedSpire:StickyHand"],"picked":"Mark of Pain"}],"items_purged_floors":[24],"is_endless":false,"potions_floor_spawned":[11,12,14,16,18,21,23,27,28,29,30,32,36,37,40],"killed_by":"Automaton","ascension_level":18}}