{"host":"iodn1af76021fjto","time":1613585636,"event":{"mods":["AchievementEnabler","BaseMod","BetterRewards","Colored Map","Downfall","Hermit","Hubris","Jorbs\u0027s Wanderer Trilogy","Minty Spire (QoL Compilation)","Quick Restart","StSLib","SuperFastMode","The Cursed","The Hierophant","The Jungle","The Runesmith","The Servant 0.9.4"],"gold_per_floor":[113,132,132,198,198,210,233,273,310,350,362,374,404,430,442,551,563,588,600,537,549,549],"floor_reached":21,"language":"ENG","playtime":2053,"items_purged":[],"score":206,"play_id":"e89907aa-776b-4695-9833-d0569c464de8","local_time":"20210217131356","is_ascension_mode":true,"campfire_choices":[{"data":"Outmaneuver","floor":6,"key":"SMITH"},{"data":"After Image","floor":11,"key":"SMITH"},{"floor":15,"key":"REST"}],"circlet_count":0,"master_deck":["Strike_G","Strike_G","Strike_G","Strike_G","Strike_G","Defend_G","Defend_G","Defend_G","Defend_G","Survivor","Neutralize+1","Outmaneuver+1","Dash","Quick Slash","After Image+1","Dagger Throw","Footwork","Doppelganger","Flying Knee"],"relics":["Ring of the Snake","MawBank","Shovel","hubris:CrystalStatue","MutagenicStrength"],"acts_visited":["Exordium","TheCity"],"potions_floor_usage":[],"damage_taken":[{"damage":0,"enemies":"2 Louse","floor":1,"turns":3},{"damage":2,"enemies":"Jaw Worm","floor":2,"turns":4},{"damage":5,"enemies":"Cultist","floor":7,"turns":4},{"damage":14,"enemies":"3 Sentries","floor":8,"turns":12},{"damage":41,"enemies":"Lagavulin","floor":10,"turns":10},{"damage":0,"enemies":"Blue Slaver","floor":13,"turns":5},{"damage":0,"enemies":"Looter","floor":14,"turns":3},{"damage":9,"enemies":"The Guardian","floor":16,"turns":18},{"damage":11,"enemies":"3 Byrds","floor":18,"turns":8},{"damage":66,"enemies":"Masked Bandits","floor":21,"turns":5}],"seed_played":"2191490520941488963","potions_obtained":[{"floor":7,"key":"Poison Potion"},{"floor":8,"key":"AttackPotion"},{"floor":14,"key":"hexamod:SoulburnPotion"}],"is_trial":false,"path_per_floor":["M","M","?","?","?","R","M","E","T","E","R","$","M","M","R","B",null,"M","?","?","?"],"character_chosen":"THE_SILENT","items_purchased":[],"campfire_rested":1,"item_purchase_floors":[],"current_hp_per_floor":[77,75,75,75,72,72,67,53,53,12,12,12,12,12,35,26,77,66,66,66,0,0],"gold":549,"neow_bonus":"TEN_PERCENT_HP_BONUS","is_daily":false,"chose_seed":false,"campfire_upgraded":2,"win_rate":0.0,"timestamp":1613585636,"path_taken":["M","M","?","?","?","R","M","E","T","E","R","?","?","M","R","BOSS","M","?","?","?"],"items_purchased_type":[],"build_version":"2020-12-22","purchased_purges":0,"victory":false,"max_hp_per_floor":[77,77,77,77,77,77,77,77,77,77,77,77,77,77,77,77,77,77,77,77,77,77],"card_choices":[{"not_picked":["Cloak And Dagger","Dash"],"picked":"Outmaneuver","floor":1},{"not_picked":["Heel Hook","Slice"],"picked":"Dash","floor":2},{"not_picked":["Reflex","PiercingWail"],"picked":"Quick Slash","floor":7},{"not_picked":["Concentrate","Eviscerate","Underhanded Strike"],"picked":"SKIP","floor":8},{"not_picked":["Bane","Backflip"],"picked":"After Image","floor":10},{"not_picked":["Underhanded Strike","Deadly Poison"],"picked":"Dagger Throw","floor":13},{"not_picked":["Deflect","Outmaneuver"],"picked":"Footwork","floor":14},{"not_picked":["Storm of Steel","Night Terror"],"picked":"Doppelganger","floor":16},{"not_picked":["PiercingWail","Prepared+1"],"picked":"Flying Knee","floor":18}],"player_experience":260164,"relics_obtained":[{"floor":8,"key":"Shovel"},{"floor":10,"key":"hubris:CrystalStatue"}],"event_choices":[{"damage_healed":0,"gold_gain":0,"player_choice":"Grow","damage_taken":0,"max_hp_gain":0,"max_hp_loss":0,"event_name":"Living Wall","floor":3,"gold_loss":0,"cards_upgraded":["Neutralize"]},{"damage_healed":0,"gold_gain":66,"player_choice":"Gained Gold","damage_taken":0,"max_hp_gain":0,"max_hp_loss":0,"event_name":"Golden Wing","floor":4,"gold_loss":0},{"damage_healed":0,"gold_gain":0,"player_choice":"Success","damage_taken":3,"relics_obtained":["MawBank"],"max_hp_gain":0,"max_hp_loss":0,"event_name":"Scrap Ooze","floor":5,"gold_loss":0},{"damage_healed":0,"gold_gain":0,"player_choice":"Inject Mutagens","damage_taken":0,"relics_obtained":["MutagenicStrength"],"max_hp_gain":0,"max_hp_loss":0,"event_name":"Drug Dealer","floor":19,"gold_loss":0},{"cards_removed":["Defend_G"],"damage_healed":0,"gold_gain":0,"player_choice":"Gave Gold","damage_taken":0,"max_hp_gain":0,"max_hp_loss":0,"event_name":"Beggar","floor":20,"gold_loss":75},{"damage_healed":0,"gold_gain":0,"player_choice":"Fought Bandits","damage_taken":0,"max_hp_gain":0,"max_hp_loss":0,"event_name":"Masked Bandits","floor":21,"gold_loss":0}],"is_beta":false,"boss_relics":[{"not_picked":["Coffee Dripper","Velvet Choker","hubris:TerracottaHorce"]}],"items_purged_floors":[],"is_endless":false,"potions_floor_spawned":[7,8,14],"killed_by":"Masked Bandits","ascension_level":2}}