{"host":"s924z949m5wc23z2","time":1613590658,"event":{"mods":["100% Spire Juice","ATMod(∞¢Ë™Mod)","Act Like it!","Arknights","Ascension Reborn","BaseMod","Colored Map","Colored Powertips","Conspire","Downfall","Infinite Spire","Lobotomy","LobotomyExtend","Luminous","Marisa£®ÏF”Í°°ƒß¿Ì…≥£©","Minty Spire (QoL Compilation)","Reimu£®≤©¿ˆ¡È√Œ£©","Reliquary","Replay The Spire","StSLib","WarShipGirlsR/’ΩΩ¢…Ÿ≈ÆR mod","Youmu£®ªÍ∆«—˝√Œ£©","Yuyuko","noobMod"],"gold_per_floor":[118,118,138,148,159,184,184,184,184,184,208,208,218,243,259,276,276,378,378,394,394,5,5,19,19,19],"floor_reached":25,"language":"ZHS","playtime":1403,"items_purged":[],"score":300,"play_id":"60f38efc-5cf8-4a1c-982e-3423b900cfbe","local_time":"20210218043738","is_ascension_mode":true,"campfire_choices":[{"data":"Storm of Steel","floor":7,"key":"SMITH"},{"data":"Blade Dance","floor":10,"key":"SMITH"},{"floor":17,"key":"RECALL"}],"circlet_count":0,"master_deck":["Strike_G","Strike_G","Strike_G","Strike_G","Strike_G","Defend_G","Defend_G","Survivor","Neutralize","AT_FamilyPortrait","Blade Dance+1","Riddle With Holes","QueenBee","Distraction","SpiderBud","Finisher","OldLady","Storm of Steel+1","ReplayTheSpireMod:The Works","BeautyBeast","Quick Slash","Dagger Throw","Terror","Bloodbath","Replay:Bag of Tricks","AT_WindRun+1","Bouncing Flask+1","Sucker Punch+1","Hidden Blade","Necronomicurse","LittleHelper","Blade Dance+1"],"relics":["Ring of the Snake","AT_ATBox","ice","CogitoBucket","RabbitCall","LetterFromLob","Strawberry","AT_RedTearstoneRing","FleshIdol","reliquary:PartyBalloon","Astrolabe","ChangeAnything","AT_ImmortalShieldbow","conspire:TopHat","Ornamental Fan","Necronomicon"],"acts_visited":["Exordium","TheCity"],"potions_floor_usage":[],"damage_taken":[{"damage":17,"enemies":"conspire:RoseBush","floor":1,"turns":3},{"damage":0,"enemies":"Cultist","floor":3,"turns":3},{"damage":7,"enemies":"ats:Genji","floor":4,"turns":3},{"damage":13,"enemies":"Red Slaver","floor":5,"turns":2},{"damage":49,"enemies":"Lagavulin","floor":6,"turns":7},{"damage":52,"enemies":"3 Louse","floor":13,"turns":3},{"damage":0,"enemies":"3 Sentries","floor":14,"turns":2},{"damage":0,"enemies":"Exordium Thugs","floor":15,"turns":1},{"damage":0,"enemies":"Exordium Wildlife","floor":16,"turns":2},{"damage":15,"enemies":"The Guardian","floor":18,"turns":3},{"damage":52,"enemies":"Shell Parasite","floor":20,"turns":4},{"damage":0,"enemies":"conspire:FuzzyDice","floor":24,"turns":2},{"damage":289,"enemies":"Book of Stabbing","floor":25,"turns":8}],"seed_played":"2040636596586487342","potions_obtained":[{"floor":1,"key":"Explosive Potion"},{"floor":4,"key":"BlessingOfTheForge"},{"floor":6,"key":"Elixir"}],"is_trial":false,"path_per_floor":["M","?","M","M","M","E","R","PTL","PTL","R","T","M","M","E","M","M","R","B",null,"M","T","$","?","M","E"],"character_chosen":"THE_SILENT","items_purchased":["conspire:TopHat","Ornamental Fan"],"campfire_rested":0,"item_purchase_floors":[22,22],"current_hp_per_floor":[53,53,53,46,33,59,59,59,59,59,59,59,91,91,91,91,91,76,101,50,50,50,34,34,0,0],"gold":19,"neow_bonus":"","is_daily":false,"chose_seed":false,"campfire_upgraded":2,"win_rate":0.0,"timestamp":1613590658,"path_taken":["M","?","M","M","?","E","R","PTL","PTL","R","T","M","M","E","M","M","R","BOSS","M","?","$","?","M","E"],"items_purchased_type":["Relic","Relic"],"build_version":"2020-12-22","purchased_purges":0,"victory":false,"max_hp_per_floor":[70,70,70,70,70,78,78,78,78,78,78,78,91,91,91,92,92,101,101,114,114,114,114,114,135,135],"card_choices":[{"not_picked":["OSAHOGD","CrumblingArmor"],"picked":"UniverseFragment","floor":1},{"not_picked":["Flechettes","Sucker Punch"],"picked":"Blade Dance","floor":1},{"not_picked":["VoidDream","MeatLantern","Wellcheers"],"picked":"Singing Bowl","floor":3},{"not_picked":["BigBadWolf","VoidDream"],"picked":"QueenBee","floor":3},{"not_picked":["Dagger Spray","PiercingWail"],"picked":"Distraction","floor":3},{"not_picked":["Wellcheers","CrumblingArmor"],"picked":"SpiderBud","floor":4},{"not_picked":["Flying Knee","Dodge and Roll"],"picked":"Finisher","floor":4},{"not_picked":["VoidDream","Wellcheers"],"picked":"OldLady","floor":5},{"not_picked":["Blade Dance","Acrobatics"],"picked":"Storm of Steel","floor":5},{"not_picked":["MeatLantern","MHz","DespairKnight"],"picked":"Singing Bowl","floor":6},{"not_picked":["Slice","Bane"],"picked":"Flying Knee","floor":6},{"not_picked":["Underhanded Strike","Dodge and Roll"],"picked":"ReplayTheSpireMod:The Works","floor":13},{"not_picked":["GreedKing","Alriune","DreamingCurrent"],"picked":"Singing Bowl","floor":13},{"not_picked":["ShyLook","LongBird","MeatLantern"],"picked":"Singing Bowl","floor":14},{"not_picked":["FairyFestival","DreamingCurrent"],"picked":"BeautyBeast","floor":14},{"not_picked":["AT_WomanClash","Eviscerate"],"picked":"Quick Slash","floor":14},{"not_picked":["HappyTeddy","WhitesApple","ShyLook"],"picked":"Singing Bowl","floor":15},{"not_picked":["Cloak And Dagger","AT_KneejerkReflex"],"picked":"Dagger Throw","floor":15},{"not_picked":["Woodsman","WallGazer","UniverseFragment"],"picked":"Singing Bowl","floor":16},{"not_picked":["Escape Plan","PiercingWail"],"picked":"Terror","floor":16},{"not_picked":["UniverseFragment","MHz","BigBird"],"picked":"Singing Bowl","floor":18},{"not_picked":["LaLuna","SingingMachine"],"picked":"Bloodbath","floor":18},{"not_picked":["After Image","Adrenaline"],"picked":"Replay:Bag of Tricks","floor":18},{"not_picked":["WhiteNight","MeatLantern","CherryBlossoms"],"picked":"Singing Bowl","floor":20},{"not_picked":["Bane+1","Poisoned Stab"],"picked":"Hidden Blade","floor":20},{"not_picked":["CrumblingArmor","VoidDream","ShyLook"],"picked":"Singing Bowl","floor":24},{"not_picked":["Funeral","VoidDream"],"picked":"LittleHelper","floor":24},{"not_picked":["AT_WindFlip","Outmaneuver+1"],"picked":"Blade Dance+1","floor":24}],"player_experience":319049,"relics_obtained":[{"floor":1,"key":"LetterFromLob"},{"floor":6,"key":"Strawberry"},{"floor":11,"key":"AT_RedTearstoneRing"},{"floor":14,"key":"reliquary:PartyBalloon"},{"floor":21,"key":"AT_ImmortalShieldbow"},{"floor":23,"key":"Necronomicon"}],"event_choices":[{"damage_healed":0,"gold_gain":0,"cards_transformed":["UniverseFragment"],"player_choice":"Transformed","damage_taken":0,"max_hp_gain":0,"max_hp_loss":0,"event_name":"Transmorgrifier","floor":2,"gold_loss":0,"cards_obtained":["Riddle With Holes"]},{"damage_healed":0,"gold_gain":0,"player_choice":"Obtained Book","damage_taken":16,"max_hp_gain":0,"max_hp_loss":0,"event_name":"Cursed Tome","floor":23,"gold_loss":0}],"is_beta":false,"boss_relics":[{"not_picked":["Ring of Chaos","conspire:SlowCooker"],"picked":"Astrolabe"}],"items_purged_floors":[],"is_endless":false,"potions_floor_spawned":[1,4,6,16,24],"killed_by":"Book of Stabbing","ascension_level":1}}