{"host":"9czo1ewqehy3yunx","time":1613564343,"event":{"mods":["AchievementEnabler","Act Like it!","BaseMod","CapriCore","Colored Powertips","DeckTracker","GifTheSpireLib","GungeonMod","Hermit","Keyboard Shortcuts","Koishi","Lobotomy","Marisa£¨Ùöéë¡¡Øª×âÞÞ£©","Minty Spire (QoL Compilation)","Permanent Neow","Quick Restart","StSLib","SuperFastMode","Td1madao Mod","The Bug Knight","The Cursed","The Hierophant","The Immortal","The Jungle","The Poker Player","The Runesmith"],"gold_per_floor":[113,288,327,361,90,90,90,90],"floor_reached":7,"language":"KOR","playtime":399,"items_purged":[],"score":37,"play_id":"edd33974-254b-40b9-b605-4a35e1627a4b","local_time":"20210217211903","is_ascension_mode":false,"campfire_choices":[{"data":"DemoMod:CursedBullets","floor":6,"key":"SMITH"}],"circlet_count":0,"master_deck":["DemoMod:Strike_Huntress","DemoMod:Strike_Huntress","DemoMod:Strike_Huntress","DemoMod:Defend_Huntress","DemoMod:Defend_Huntress","DemoMod:Defend_Huntress","DemoMod:Defend_Huntress","DemoMod:Roll","DemoMod:ManualReload","DemoMod:RustySidearm","DemoMod:CrossBow","LongBird","DemoMod:SAA","Doubt","MeatLantern","DemoMod:CursedBullets+1","NakedNest","DemoMod:Purify","DemoMod:CursedBullets","DemoMod:BoxingGlove","DemoMod:MachoBrace"],"relics":["DemoMod:Dog","CogitoBucket","DemoMod:Metronome","Juzu Bracelet","DemoMod:GnawedKey"],"acts_visited":["Exordium"],"potions_floor_usage":[],"damage_taken":[{"damage":0,"enemies":"Cultist","floor":1,"turns":3},{"damage":10,"enemies":"Small Slimes","floor":3,"turns":8},{"damage":48,"enemies":"Small Slimes","floor":4,"turns":7},{"damage":38,"enemies":"3 Sentries","floor":7,"turns":1}],"seed_played":"-6804385285230855472","potions_obtained":[{"floor":1,"key":"LiquidBronze"}],"is_trial":false,"path_per_floor":["M","?","?","?","$","R","E"],"character_chosen":"HUNTRESS","items_purchased":["DemoMod:CursedBullets","DemoMod:GnawedKey","DemoMod:BoxingGlove","DemoMod:MachoBrace"],"campfire_rested":0,"item_purchase_floors":[5,5,5,5],"current_hp_per_floor":[70,70,60,12,12,12,0,0],"gold":90,"neow_bonus":"","is_daily":false,"chose_seed":false,"campfire_upgraded":1,"win_rate":0.0,"timestamp":1613564343,"path_taken":["M","?","?","?","$","R","E"],"items_purchased_type":["Card","Relic","Card","Card"],"build_version":"2020-12-22","purchased_purges":0,"victory":false,"max_hp_per_floor":[70,70,70,70,70,70,70,70],"card_choices":[{"not_picked":["Murderer","Scorched"],"picked":"LongBird","floor":1},{"not_picked":["DemoMod:Unmoved","DemoMod:Purify"],"picked":"DemoMod:SAA","floor":1},{"not_picked":["SingingMachine","UniverseFragment"],"picked":"MeatLantern","floor":3},{"not_picked":["DemoMod:SpreadAmmo","DemoMod:MachoBrace"],"picked":"DemoMod:CursedBullets","floor":3},{"not_picked":["VoidDream","WallGazer"],"picked":"NakedNest","floor":4},{"not_picked":["DemoMod:BattleInHaste","DemoMod:SAA"],"picked":"DemoMod:Purify","floor":4}],"player_experience":241160,"relics_obtained":[{"floor":3,"key":"DemoMod:Metronome"},{"floor":4,"key":"Juzu Bracelet"}],"event_choices":[{"damage_healed":0,"gold_gain":175,"player_choice":"AGREE","damage_taken":0,"max_hp_gain":0,"max_hp_loss":0,"event_name":"Liars Game","floor":2,"gold_loss":0,"cards_obtained":["Doubt"]}],"is_beta":false,"boss_relics":[],"items_purged_floors":[],"is_endless":false,"potions_floor_spawned":[1],"killed_by":"3 Sentries","ascension_level":0}}