{"host":"cr9rpoy6dx9riis3","time":1613584382,"event":{"mods":["AchievementEnabler","BaseMod","Better Altar","Better Note","Better Sensory Stone","Better Skull","Better Third Choice","Better-Laid Plans","BetterRewards","Block Reminder","Curses Come First","Displayed Cursed Tome","Emptier Cage","Marked Mod","Minty Spire (QoL Compilation)","Permanent Neow","Relic Sorter","StSLib","The Blue Laboratory","Transform Curses"],"gold_per_floor":[109,109,184,184,199,199,229,247,270,12,12,12,27,27,27,126,126,146,156,170,170,73,73,92,122,148,148,176,451,462,13,13,13,13],"floor_reached":33,"language":"ENG","playtime":1170,"items_purged":["Strike_G","Defend_G","Regret"],"score":400,"play_id":"52962bdd-0723-4325-9b31-584af6f7b6a9","local_time":"20210217185302","is_ascension_mode":true,"campfire_choices":[{"data":"Terror","floor":6,"key":"SMITH"},{"floor":15,"key":"REST"},{"data":"Glass Knife","floor":23,"key":"SMITH"},{"data":"Glass Knife","floor":27,"key":"SMITH"},{"floor":32,"key":"REST"}],"circlet_count":0,"master_deck":["Strike_G","Strike_G","Strike_G","Strike_G","Defend_G","Defend_G","Defend_G","Defend_G","Survivor","Neutralize","Terror+1","Glass Knife+1","Die Die Die","Glass Knife+1","Flash of Steel","Backflip","Mayhem"],"relics":["Ring of the Snake","Sozu","Regal Pillow","Blood Vial","Bird Faced Urn","TungstenRod","Pen Nib"],"acts_visited":["Exordium","TheCity"],"potions_floor_usage":[7,7,7,13,16,16,24],"damage_taken":[{"damage":3,"enemies":"Jaw Worm","floor":1,"turns":4},{"damage":0,"enemies":"Cultist","floor":5,"turns":4},{"damage":6,"enemies":"Lagavulin","floor":7,"turns":5},{"damage":0,"enemies":"2 Louse","floor":8,"turns":3},{"damage":0,"enemies":"Exordium Thugs","floor":13,"turns":4},{"damage":0,"enemies":"Hexaghost","floor":16,"turns":7},{"damage":0,"enemies":"Spheric Guardian","floor":18,"turns":3},{"damage":2,"enemies":"Chosen","floor":19,"turns":2},{"damage":22,"enemies":"Centurion and Healer","floor":20,"turns":6},{"damage":0,"enemies":"3 Cultists","floor":24,"turns":3},{"damage":26,"enemies":"Gremlin Leader","floor":25,"turns":4},{"damage":22,"enemies":"Slavers","floor":28,"turns":4},{"damage":10,"enemies":"Snake Plant","floor":30,"turns":4},{"damage":51,"enemies":"Automaton","floor":33,"turns":6}],"seed_played":"6951418885330337866","potions_obtained":[{"floor":1,"key":"blueLaboratory:ArtistsPotion"},{"floor":5,"key":"AttackPotion"},{"floor":11,"key":"blueLaboratory:ExaltedPotion"},{"floor":11,"key":"blueLaboratory:BubblePotion"},{"floor":11,"key":"Explosive Potion"},{"floor":16,"key":"DuplicationPotion"}],"is_trial":false,"path_per_floor":["M","?","?","T","M","R","E","M","T","$","?","$","M","?","R","B",null,"M","M","M","?","$","R","M","E","T","R","E","?","M","$","R","B"],"character_chosen":"THE_SILENT","items_purchased":["Blood Vial","blueLaboratory:FruitPunch","Bird Faced Urn","blueLaboratory:FruitPunch","Glass Knife","Flash of Steel","Regal Pillow","Mayhem"],"campfire_rested":2,"item_purchase_floors":[0,0,0,0,10,22,31,31],"current_hp_per_floor":[37,37,26,26,28,28,28,30,30,30,30,30,32,26,48,50,74,74,72,52,52,52,52,54,30,30,30,10,10,2,2,39,0,0],"gold":13,"neow_bonus":"","is_daily":false,"chose_seed":false,"campfire_upgraded":3,"win_rate":0.0,"timestamp":1613584382,"path_taken":["M","?","?","?","?","R","E","M","T","$","?","?","?","?","R","BOSS","M","M","?","?","$","R","M","E","T","R","E","?","M","$","R","BOSS"],"items_purchased_type":["Relic","Potion","Relic","Potion","Card","Card","Relic","Card"],"build_version":"2020-12-22","purchased_purges":3,"victory":false,"max_hp_per_floor":[70,70,70,70,70,70,74,74,74,74,74,74,74,74,74,74,74,74,74,74,74,74,74,74,74,74,74,74,74,74,74,74,74,74],"card_choices":[{"not_picked":["Backflip","Prepared"],"picked":"Terror","floor":1},{"not_picked":["Reflex","All Out Attack","Cloak And Dagger"],"picked":"SKIP","floor":5},{"not_picked":["Acrobatics","Flying Knee","Eviscerate"],"picked":"SKIP","floor":7},{"not_picked":["Slice","Sucker Punch","All Out Attack"],"picked":"SKIP","floor":8},{"not_picked":["Infinite Blades","Expertise","Slice"],"picked":"SKIP","floor":13},{"not_picked":["Doppelganger","Phantasmal Killer"],"picked":"Die Die Die","floor":16},{"not_picked":["Dodge and Roll","Quick Slash","Well Laid Plans"],"picked":"SKIP","floor":18},{"not_picked":["Distraction+1","All Out Attack","Sucker Punch"],"picked":"SKIP","floor":19},{"not_picked":["Reflex","Prepared+1","Slice"],"picked":"SKIP","floor":20},{"not_picked":["Cloak And Dagger","Bane","Catalyst"],"picked":"SKIP","floor":24},{"not_picked":["Infinite Blades","Finisher","Dodge and Roll"],"picked":"SKIP","floor":25},{"not_picked":["Flechettes+1","PiercingWail"],"picked":"Backflip","floor":28},{"not_picked":["All Out Attack","Outmaneuver","Flying Knee+1"],"picked":"SKIP","floor":30}],"player_experience":749368,"relics_obtained":[{"floor":4,"key":"TungstenRod"},{"floor":7,"key":"Pen Nib"}],"event_choices":[{"damage_healed":0,"gold_gain":0,"player_choice":"LEAVE","damage_taken":0,"max_hp_gain":0,"max_hp_loss":0,"event_name":"betterThird:BetterScrap","floor":2,"gold_loss":0,"cards_obtained":["Entrench"]},{"damage_healed":0,"gold_gain":75,"player_choice":"Gold","damage_taken":11,"max_hp_gain":0,"max_hp_loss":0,"event_name":"betterThird:BetterGoop","floor":3,"gold_loss":0},{"damage_healed":0,"gold_gain":0,"player_choice":"Got Potions","damage_taken":0,"max_hp_gain":0,"max_hp_loss":0,"event_name":"Lab","floor":11,"gold_loss":0},{"damage_healed":0,"gold_gain":0,"player_choice":"Damaged","damage_taken":7,"max_hp_gain":0,"max_hp_loss":0,"event_name":"Wheel of Change","floor":14,"gold_loss":0},{"damage_healed":0,"gold_gain":0,"player_choice":"Copied","damage_taken":0,"max_hp_gain":0,"max_hp_loss":0,"event_name":"Duplicator","floor":21,"gold_loss":0,"cards_obtained":["Glass Knife"]},{"damage_healed":0,"gold_gain":275,"player_choice":"Desecrate","damage_taken":0,"max_hp_gain":0,"max_hp_loss":0,"event_name":"Golden Shrine","floor":29,"gold_loss":0,"cards_obtained":["Regret"]}],"is_beta":false,"boss_relics":[{"not_picked":["Pandora\u0027s Box","Astrolabe"],"picked":"Sozu"}],"items_purged_floors":[0,10,31],"is_endless":false,"potions_floor_spawned":[1,5,16,19,20,28],"killed_by":"Automaton","ascension_level":4}}