{"host":"yml0ux6c8lqydjlc","time":1613529816,"event":{"mods":["Aspiration","BaseMod","Conspire","Downfall","Hermit","Jedi Mod","Minty Spire (QoL Compilation)","Robot Space Explorer","StSLib"],"gold_per_floor":[109,121,12,32,43,72,72,85,85,97,111,11,29,42,42,139,139,149,62,76,76,87,53,65,65,65],"floor_reached":25,"language":"ENG","playtime":4472,"items_purged":["Strike_B","Strike_B"],"score":211,"play_id":"4aced7d3-d755-4daf-b40d-35c36b30d32c","local_time":"20210216214336","is_ascension_mode":false,"campfire_choices":[{"floor":7,"key":"REST"},{"floor":15,"key":"REST"}],"circlet_count":0,"master_deck":["Strike_B","Strike_B","Defend_B","Defend_B","Defend_B","Defend_B","Zap+1","Dualcast","jedi:blockon","Defragment","Melter","Machine Learning","Chill","Streamline","Leap","Tempest","Defragment","Stack","Cold Snap","All For One","Hologram+1","Coolheaded","Defragment","Auto Shields","Darkness","Reinforced Body","Double Energy"],"relics":["Cracked Core","aspiration:Lifesprig","Sundial"],"acts_visited":["Exordium","TheCity"],"potions_floor_usage":[6,6,16,16,16,24],"damage_taken":[{"damage":0,"enemies":"Cultist","floor":1,"turns":3},{"damage":3,"enemies":"Jaw Worm","floor":2,"turns":4},{"damage":2,"enemies":"Small Slimes","floor":4,"turns":4},{"damage":16,"enemies":"Exordium Thugs","floor":5,"turns":7},{"damage":32,"enemies":"Gremlin Nob","floor":6,"turns":5},{"damage":6,"enemies":"Exordium Wildlife","floor":8,"turns":3},{"damage":14,"enemies":"Lots of Slimes","floor":10,"turns":5},{"damage":1,"enemies":"3 Louse","floor":11,"turns":3},{"damage":8,"enemies":"2 Fungi Beasts","floor":13,"turns":3},{"damage":0,"enemies":"Blue Slaver","floor":14,"turns":3},{"damage":16,"enemies":"Hexaghost","floor":16,"turns":8},{"damage":3,"enemies":"Spheric Guardian","floor":18,"turns":3},{"damage":7,"enemies":"conspire:FuzzyDice","floor":20,"turns":7},{"damage":31,"enemies":"Centurion and Healer","floor":22,"turns":10},{"damage":8,"enemies":"Snecko","floor":24,"turns":4},{"damage":52,"enemies":"Cultist and Chosen","floor":25,"turns":8}],"seed_played":"2897417896466474631","potions_obtained":[{"floor":1,"key":"Block Potion"},{"floor":5,"key":"Strength Potion"},{"floor":8,"key":"Strength Potion"},{"floor":11,"key":"Fire Potion"},{"floor":14,"key":"jedi:tentaclejuice"},{"floor":16,"key":"FairyPotion"},{"floor":20,"key":"jedi:StrikingPotion"},{"floor":24,"key":"ColorlessPotion"}],"is_trial":false,"path_per_floor":["M","M","$","M","M","E","R","M","T","M","M","$","M","M","R","B",null,"M","$","M","?","M","$","M","M"],"character_chosen":"DEFECT","items_purchased":["Melter","Coolheaded","Defragment","Reinforced Body"],"campfire_rested":2,"item_purchase_floors":[3,19,19,23],"current_hp_per_floor":[75,72,72,70,54,22,44,38,38,24,23,23,15,15,37,21,75,72,72,65,65,34,34,26,0,0],"gold":65,"neow_bonus":"UPGRADE_CARD","is_daily":false,"chose_seed":false,"campfire_upgraded":0,"win_rate":0.0,"timestamp":1613529816,"path_taken":["M","?","$","?","M","E","R","M","T","?","M","$","M","M","R","BOSS","M","$","M","?","M","$","M","M"],"items_purchased_type":["Card","Card","Card","Card"],"build_version":"2020-12-22","purchased_purges":2,"victory":false,"max_hp_per_floor":[75,75,75,75,75,75,75,75,75,75,75,75,75,75,75,75,75,75,75,75,75,75,75,75,75,75],"card_choices":[{"not_picked":["jedi:markofdeath","jedi:BurstFrost"],"picked":"jedi:blockon","floor":1},{"not_picked":["Chaos","Stack"],"picked":"Defragment","floor":2},{"not_picked":["jedi:BurstFrost","Streamline"],"picked":"Machine Learning","floor":4},{"not_picked":["Go for the Eyes","jedi:BurstLightning"],"picked":"Chill","floor":5},{"not_picked":["jedi:BurstLightning","Reinforced Body"],"picked":"Streamline","floor":6},{"not_picked":["Fission","Rip and Tear"],"picked":"Leap","floor":8},{"not_picked":["Blizzard","Hello World"],"picked":"Tempest","floor":10},{"not_picked":["jedi:sharpshooter","Melter"],"picked":"Defragment","floor":11},{"not_picked":["Streamline","jedi:blockon"],"picked":"Stack","floor":13},{"not_picked":["jedi:BurstFrost","Leap"],"picked":"Cold Snap","floor":14},{"not_picked":["Fission","Multi-Cast"],"picked":"All For One","floor":16},{"not_picked":["Gash","Scrape"],"picked":"Hologram+1","floor":18},{"not_picked":["Melter+1","Gash"],"picked":"Auto Shields","floor":20},{"not_picked":["Steam","Scrape"],"picked":"Darkness","floor":22},{"not_picked":["jedi:blockon","jedi:BurstLightning"],"picked":"Double Energy","floor":24}],"player_experience":100408,"relics_obtained":[{"floor":6,"key":"aspiration:Lifesprig"},{"floor":9,"key":"Sundial"}],"event_choices":[{"damage_healed":0,"gold_gain":0,"player_choice":"Ignored","damage_taken":0,"max_hp_gain":0,"max_hp_loss":0,"event_name":"The Mausoleum","floor":21,"gold_loss":0}],"is_beta":false,"boss_relics":[{"not_picked":["aspiration:IroncladSkillbook","Pandora\u0027s Box","FrozenCore"]}],"items_purged_floors":[3,12],"is_endless":false,"potions_floor_spawned":[1,5,8,11,14,16,20,24],"killed_by":"Cultist and Chosen","ascension_level":0}}