{"host":"plzv31qd94m7lu76","time":1613534615,"event":{"mods":["BaseMod","Downfall","GifTheSpireLib","Minty Spire (QoL Compilation)","Random Character Button","StSLib","Unceasing Turn Reminder"],"gold_per_floor":[99,99,99,114,129,159,159,189,181,146,131,146,221,236,251,359,359,359,374,59,59,59,74,74,97,97,97,97,97,97,112,127,235,235,235,258,93,93,108,123,123,123,123,138,33,56,56,56,71,71,71,71],"floor_reached":50,"language":"ENG","playtime":2596,"items_purged":[],"score":527,"play_id":"8f6d69a6-9014-4bbf-bfec-a88fbae9d320","local_time":"20210217050335","daily_mods":["Insanity","Green Cards","Binary"],"is_ascension_mode":false,"campfire_choices":[{"data":"hexamod:ExtraCrispy","floor":1,"key":"SMITH"},{"data":"hexamod:Firestarter","floor":18,"key":"SMITH"},{"floor":26,"key":"REST"},{"data":"hexamod:CouncilsJustice","floor":29,"key":"SMITH"},{"data":"hexamod:CouncilsJustice","floor":35,"key":"SMITH"},{"floor":43,"key":"REST"},{"floor":47,"key":"REST"}],"circlet_count":0,"master_deck":["Tactician","hexamod:Firestarter+1","Backflip","hexamod:NecessarySacrifice","hexamod:ExtraCrispy+1","hexamod:HauntingEcho","hexamod:ExtraCrispy","Deflect","hexamod:Firestarter+1","Acrobatics","Dagger Throw","hexamod:NightmareStrike","Blade Dance","Dagger Spray","Dagger Throw+1","hexamod:HeatShield","Bane","hexamod:DynamicBlow","Eviscerate","Outmaneuver","Expertise","Dash","hexamod:Haunt+1","Deadly Poison","hexamod:NecessarySacrifice","hexamod:BurningTouch","hexamod:BacktrackSmack","Tactician","hexamod:RadiantFlame","hexamod:AdvancingGuard+1","hexamod:Hexaguard+1","hexamod:HeatMetal","Dodge and Roll","hexamod:SpectralSpark","Reflex","hexamod:ThermalTransfer+1","Poisoned Stab","hexamod:StepThrough","hexamod:FlamesFromBeyond","Flying Knee","Concentrate","hexamod:NightmareStrike","hexamod:SoulSteal","Dagger Spray","hexamod:InspiringFlames","Deadly Poison","hexamod:AdvancingGuard","hexamod:NightmareGuise+1","hexamod:NightmareStrike","hexamod:HauntingEcho","hexamod:NightmareGuise","hexamod:RainOfEmbers","Sucker Punch+1","hexamod:FirstSeal","hexamod:SecondSeal","hexamod:ThirdSeal","hexamod:ThermalTransfer","hexamod:PhantomFireball+1","hexamod:HeatCrush","Adrenaline","Calculated Gamble","hexamod:SkipABeat","Necronomicurse","hexamod:CouncilsJustice+1","hexamod:CouncilsJustice+1","hexamod:CouncilsJustice","Ghostly","Ghostly","Ghostly","hexamod:SixthSeal","hexamod:FifthSeal","hexamod:TimeOfNeed","hexamod:FirstSeal","hexamod:SixthSeal","Dodge and Roll+1","hexamod:FlamesFromBeyond","hexamod:FourthSeal","Cloak And Dagger+1","Distraction+1","hexamod:SixthSeal","Blur+1","expansioncontent:Chronoboost"],"relics":["hexamod:UnbrokenSoul","Incense Burner","Eternal Feather","Toy Ornithopter","Singing Bowl","TheAbacus","Orichalcum","Necronomicon","InkBottle","Dream Catcher","sneckomod:SneckoTalon","Toolbox","hexamod:Sixitude","hexamod:MatchstickCase","Pen Nib","Orrery"],"acts_visited":["Exordium","TheCity","TheBeyond"],"potions_floor_usage":[5,6,16,16,19,25,33,33,45,49,50],"damage_taken":[{"damage":1,"enemies":"2 Louse","floor":4,"turns":3},{"damage":0,"enemies":"Small Slimes","floor":5,"turns":2},{"damage":9,"enemies":"3 Sentries","floor":6,"turns":5},{"damage":17,"enemies":"Lagavulin","floor":8,"turns":6},{"damage":0,"enemies":"downfall:FleeingMerchant","floor":11,"turns":4},{"damage":0,"enemies":"Cultist","floor":12,"turns":3},{"damage":6,"enemies":"Looter","floor":14,"turns":3},{"damage":0,"enemies":"2 Fungi Beasts","floor":15,"turns":4},{"damage":14,"enemies":"SI_SHIV_ARCHETYPE","floor":16,"turns":6},{"damage":24,"enemies":"Spheric Guardian","floor":19,"turns":4},{"damage":15,"enemies":"downfall:FleeingMerchant","floor":20,"turns":4},{"damage":4,"enemies":"downfall:LooterAlt2","floor":23,"turns":3},{"damage":4,"enemies":"Cultist and Chosen","floor":25,"turns":5},{"damage":18,"enemies":"Snake Plant","floor":31,"turns":3},{"damage":9,"enemies":"Shelled Parasite and Fungi","floor":32,"turns":4},{"damage":21,"enemies":"IC_MUSHROOM_ARCHETYPE","floor":33,"turns":9},{"damage":4,"enemies":"Orb Walker","floor":36,"turns":3},{"damage":0,"enemies":"downfall:FleeingMerchant","floor":37,"turns":4},{"damage":15,"enemies":"3 Shapes","floor":39,"turns":4},{"damage":0,"enemies":"Maw","floor":40,"turns":8},{"damage":10,"enemies":"3 Darklings","floor":44,"turns":6},{"damage":0,"enemies":"downfall:FleeingMerchant","floor":45,"turns":3},{"damage":6,"enemies":"Sphere and 2 Shapes","floor":46,"turns":4},{"damage":9,"enemies":"Maw","floor":49,"turns":7},{"damage":84,"enemies":"DF_ARCHETYPE_ORBS","floor":50,"turns":9}],"seed_played":"6706742764168558924","potions_obtained":[{"floor":4,"key":"DistilledChaos"},{"floor":5,"key":"SteroidPotion"},{"floor":12,"key":"hexamod:EctoCoolerPotion"},{"floor":15,"key":"Guardian:BlockOnCardUsePotion"},{"floor":16,"key":"LiquidBronze"},{"floor":23,"key":"Strength Potion"},{"floor":25,"key":"Guardian:BlockOnCardUsePotion"},{"floor":32,"key":"Energy Potion"},{"floor":33,"key":"hexamod:InfernoChargePotion"},{"floor":40,"key":"sneckomod:MuddlingPotion"},{"floor":46,"key":"CultistPotion"},{"floor":49,"key":"Fruit Juice"}],"is_trial":false,"path_per_floor":["R","?","?","M","M","E","T","E","?","?","$","M","T","M","M","B",null,"R","M","$","?","T","M","T","M","R","?","?","R","?","M","M","B",null,"R","M","$","?","M","M","T","?","R","M","$","M","R","?","M","B"],"character_chosen":"THE_SPIRIT","items_purchased":["TheAbacus","Orichalcum","Toolbox","hexamod:MatchstickCase","Pen Nib","Orrery"],"campfire_rested":3,"item_purchase_floors":[20,20,37,45,45,45],"current_hp_per_floor":[70,56,56,55,55,46,46,29,22,39,39,46,46,42,42,38,72,72,53,40,24,24,29,29,41,82,82,41,41,33,17,17,6,45,45,43,47,47,41,48,48,48,51,45,65,61,67,67,74,0,0,0],"gold":71,"neow_bonus":"","is_daily":true,"chose_seed":false,"campfire_upgraded":4,"win_rate":0.0,"timestamp":1613534615,"path_taken":["R","?","?","?","M","E","T","E","?","?","?","M","?","M","M","BOSS","R","M","$","?","?","M","T","M","R","?","?","R","?","M","M","BOSS","R","M","?","?","M","?","T","?","R","M","$","M","R","?","M","BOSS"],"items_purchased_type":["Relic","Relic","Relic","Relic","Relic","Relic"],"build_version":"2020-12-22","purchased_purges":0,"victory":false,"max_hp_per_floor":[70,70,70,70,70,70,70,70,70,70,70,70,70,72,72,72,72,72,72,74,74,74,76,76,80,82,82,41,41,41,43,45,45,45,45,47,47,47,49,49,49,49,51,55,65,67,67,67,74,74,74,74],"card_choices":[{"not_picked":["hexamod:NecessarySacrifice"],"picked":"hexamod:HauntingEcho","floor":4},{"not_picked":["hexamod:Incineration"],"picked":"hexamod:NightmareGuise","floor":5},{"not_picked":["Finisher"],"picked":"hexamod:RainOfEmbers","floor":6},{"not_picked":["Tools of the Trade"],"picked":"Sucker Punch","floor":8},{"not_picked":["Prepared"],"picked":"hexamod:ThermalTransfer","floor":11},{"not_picked":["Dodge and Roll"],"picked":"hexamod:PhantomFireball","floor":12},{"not_picked":["hexamod:ThermalTransfer","hexamod:NecessarySacrifice"],"picked":"Singing Bowl","floor":14},{"not_picked":["Acrobatics"],"picked":"hexamod:HeatCrush","floor":15},{"not_picked":["hexamod:UnleashSpirits"],"picked":"Adrenaline","floor":16},{"not_picked":["hexamod:SpectersWail"],"picked":"Calculated Gamble","floor":19},{"not_picked":["Heel Hook"],"picked":"hexamod:SkipABeat","floor":19},{"not_picked":["hexamod:Hexaguard","hexamod:HeatCrush+1"],"picked":"Singing Bowl","floor":20},{"not_picked":["Outmaneuver","hexamod:GhostShield"],"picked":"Singing Bowl","floor":23},{"not_picked":["hexamod:GhostShield+1","hexamod:HeatMetal+1"],"picked":"Singing Bowl","floor":25},{"not_picked":["hexamod:Toasty","hexamod:SwordOfDarkness"],"picked":"Singing Bowl","floor":25},{"not_picked":["hexamod:ShieldOfDarkness","Quick Slash"],"picked":"Singing Bowl","floor":26},{"not_picked":["Well Laid Plans","hexamod:SoulSteal"],"picked":"Singing Bowl","floor":31},{"not_picked":["Dagger Throw","hexamod:SwordOfDarkness"],"picked":"Singing Bowl","floor":32},{"not_picked":["Tools of the Trade"],"picked":"hexamod:SixthSeal","floor":33},{"not_picked":["hexamod:TurnItUp"],"picked":"hexamod:FifthSeal","floor":33},{"not_picked":["Calculated Gamble+1","Backflip"],"picked":"Singing Bowl","floor":36},{"not_picked":["Sucker Punch"],"picked":"hexamod:TimeOfNeed","floor":37},{"not_picked":["hexamod:FourthSeal","hexamod:ThirdSeal"],"picked":"hexamod:FirstSeal","floor":39},{"not_picked":["Skewer+1","All Out Attack+1"],"picked":"Singing Bowl","floor":39},{"not_picked":["hexamod:SecondSeal","hexamod:FourthSeal"],"picked":"hexamod:SixthSeal","floor":40},{"not_picked":["Eviscerate"],"picked":"Dodge and Roll+1","floor":40},{"not_picked":["hexamod:ThermalTransfer"],"picked":"hexamod:FlamesFromBeyond","floor":40},{"not_picked":["Quick Slash+1","hexamod:SecondSeal"],"picked":"Singing Bowl","floor":43},{"not_picked":["hexamod:FirstSeal","hexamod:SecondSeal"],"picked":"hexamod:FourthSeal","floor":44},{"not_picked":["Underhanded Strike+1","Bane+1"],"picked":"Singing Bowl","floor":44},{"not_picked":["hexamod:FastForward+1","hexamod:SpectersWail"],"picked":"Singing Bowl","floor":44},{"not_picked":["Dash"],"picked":"Cloak And Dagger+1","floor":45},{"not_picked":["hexamod:Firestarter+1"],"picked":"Distraction+1","floor":45},{"not_picked":["hexamod:BurningTouch","hexamod:ExtraCrispy"],"picked":"Singing Bowl","floor":45},{"not_picked":["hexamod:Firestarter+1","hexamod:FifthSeal"],"picked":"Singing Bowl","floor":45},{"not_picked":["hexamod:SpectralSpark","Masterful Stab"],"picked":"Singing Bowl","floor":45},{"not_picked":["hexamod:NightmareGuise+1","Slice"],"picked":"Singing Bowl","floor":45},{"not_picked":["Leg Sweep+1","hexamod:SwordOfDarkness+1"],"picked":"Singing Bowl","floor":45},{"not_picked":["hexamod:SecondSeal","hexamod:FourthSeal"],"picked":"hexamod:SixthSeal","floor":46},{"not_picked":["hexamod:RadiantFlame+1","hexamod:BurningTouch"],"picked":"Singing Bowl","floor":46},{"not_picked":["Flying Knee"],"picked":"Blur+1","floor":47},{"not_picked":["expansioncontent:PolyBeam","expansioncontent:HyperBeam"],"picked":"expansioncontent:Chronoboost","floor":48},{"not_picked":["Bane","Prepared"],"picked":"Singing Bowl","floor":49}],"player_experience":603489,"relics_obtained":[{"floor":6,"key":"Incense Burner"},{"floor":7,"key":"Eternal Feather"},{"floor":8,"key":"Toy Ornithopter"},{"floor":13,"key":"Singing Bowl"},{"floor":21,"key":"Necronomicon"},{"floor":22,"key":"InkBottle"},{"floor":24,"key":"Dream Catcher"},{"floor":41,"key":"hexamod:Sixitude"}],"event_choices":[{"damage_healed":0,"gold_gain":0,"player_choice":"Entered Light","damage_taken":14,"max_hp_gain":0,"max_hp_loss":0,"event_name":"Shining Light","floor":2,"gold_loss":0,"cards_upgraded":["hexamod:Hexaguard","Dagger Throw"]},{"damage_healed":0,"gold_gain":0,"player_choice":"Upgraded","damage_taken":0,"max_hp_gain":0,"max_hp_loss":0,"event_name":"Upgrade Shrine","floor":3,"gold_loss":0,"cards_upgraded":["hexamod:Firestarter"]},{"damage_healed":17,"gold_gain":0,"player_choice":"Healed","damage_taken":0,"max_hp_gain":0,"max_hp_loss":0,"event_name":"The Cleric","floor":10,"gold_loss":35}],"is_beta":false,"boss_relics":[{"not_picked":["Sozu","Snecko Eye"],"picked":"hexamod:UnbrokenSoul"},{"not_picked":["Calling Bell","Fusion Hammer"],"picked":"sneckomod:SneckoTalon"}],"items_purged_floors":[],"is_endless":false,"potions_floor_spawned":[4,5,12,15,16,23,25,32,33,40,46,49],"killed_by":"DF_ARCHETYPE_ORBS","ascension_level":0}}