{"host":"q57ekfojy3i00x9o","time":1613572201,"event":{"mods":["Act Like it!","Arknights","Aspiration","BaseMod","Colored Map","Energized Spire","Hermit","Minty Spire (QoL Compilation)","Quick Restart","Spicy Shops","Spikes Relics","StSLib","slay the spire mod where everything is the same but ironclad has a cowboy hat"],"gold_per_floor":[118,137,59,59,74,74,102,76,76,193,228,255,255,255,255,341,341,373,373,211,211,244,244,244,286,286,286,104,104,144,177,177,270,270,300,300,328,328,170,170,210,235,235,235,270,270,298,324,324,324],"floor_reached":51,"language":"RUS","playtime":948,"items_purged":["Shame"],"score":1277,"play_id":"0fa4022b-46ae-4c9f-9512-1b6a77fa54d1","local_time":"20210217193001","is_ascension_mode":true,"campfire_choices":[{"data":"ats:Overload","floor":6,"key":"SMITH"},{"data":"ats:Dogmatic Field","floor":13,"key":"SMITH"},{"floor":15,"key":"REST"},{"data":"ats:Ambush","floor":23,"key":"SMITH"},{"data":"ats:Flexible Camouflage","floor":27,"key":"SMITH"},{"data":"ats:Overload","floor":32,"key":"SMITH"},{"floor":40,"key":"REST"},{"data":"ats:Nebulous Foxfire","floor":44,"key":"SMITH"},{"data":"ats:Flexible Camouflage","floor":46,"key":"SMITH"},{"floor":49,"key":"REST"}],"circlet_count":0,"master_deck":["AscendersBane","ats:Strike C+1","ats:Strike S+1","ats:Strike V+1","ats:Armor Crushing Shot+1","ats:Defend","ats:Defend","ats:Defend","ats:Emotion Absorption","ats:Overload+1","ats:Red Shift+1","ats:Magnetic Hammer+1","ats:Flexible Camouflage+1","ats:Overload+1","ats:Hammer On+1","ats:Ambush+1","ats:Flexible Camouflage+1","ats:Dogmatic Field+1","ats:Closed Bolt Burst Fire+1","ats:Explosion Area Strengthen","ats:Poison Spread","ats:Overload","ats:Red Shift","ats:Overload+1","ats:Powerful Strike","ats:Red Shift","ats:Leaping Hammer+1","ats:Nebulous Foxfire+1","ats:Sashimi Platter+1","ats:Collapsing Strike","ats:Shell Defense","ats:Sashimi Platter","ats:Consecutive Shot Auto","ats:Collapsing Strike"],"relics":["ats:Sanity","NeowsBlessing","ats:Originium","ats:Gyao","Pear","aspiration:PoetsPen_weak","PreservedInsect","Potion Belt","Bottled Lightning","Blood Vial","Philosopher\u0027s Stone","Mercury Hourglass","Mango","BlackRope","Toy Ornithopter"],"acts_visited":["Exordium","TheCity","TheBeyond"],"potions_floor_usage":[10,12,16,30,31,33,33,42,45,50,50],"damage_taken":[{"damage":0,"enemies":"ats:Genji","floor":1,"turns":1},{"damage":0,"enemies":"Jaw Worm","floor":2,"turns":1},{"damage":0,"enemies":"Cultist","floor":5,"turns":1},{"damage":22,"enemies":"Lagavulin","floor":7,"turns":5},{"damage":20,"enemies":"3 Sentries","floor":10,"turns":5},{"damage":19,"enemies":"Exordium Wildlife","floor":11,"turns":4},{"damage":6,"enemies":"Exordium Thugs","floor":12,"turns":4},{"damage":61,"enemies":"The Guardian","floor":16,"turns":10},{"damage":0,"enemies":"Shell Parasite","floor":18,"turns":2},{"damage":6,"enemies":"Chosen","floor":22,"turns":2},{"damage":20,"enemies":"Gremlin Leader","floor":25,"turns":5},{"damage":5,"enemies":"Book of Stabbing","floor":30,"turns":2},{"damage":0,"enemies":"Centurion and Healer","floor":31,"turns":3},{"damage":32,"enemies":"Collector","floor":33,"turns":4},{"damage":0,"enemies":"Orb Walker","floor":35,"turns":2},{"damage":20,"enemies":"3 Shapes","floor":37,"turns":2},{"damage":0,"enemies":"Giant Head","floor":41,"turns":4},{"damage":10,"enemies":"Spire Growth","floor":42,"turns":3},{"damage":0,"enemies":"3 Darklings","floor":45,"turns":3},{"damage":38,"enemies":"4 Shapes","floor":47,"turns":2},{"damage":0,"enemies":"Jaw Worm Horde","floor":48,"turns":2},{"damage":31,"enemies":"Time Eater","floor":50,"turns":6}],"seed_played":"3054952076087932512","potions_obtained":[{"floor":7,"key":"ColorlessPotion"},{"floor":10,"key":"EssenceOfSteel"},{"floor":11,"key":"FairyPotion"},{"floor":12,"key":"Explosive Potion"},{"floor":25,"key":"AttackPotion"},{"floor":29,"key":"BlessingOfTheForge"},{"floor":29,"key":"ats:Flame Arts Potion"},{"floor":29,"key":"Weak Potion"},{"floor":31,"key":"AttackPotion"},{"floor":33,"key":"SteroidPotion"},{"floor":37,"key":"SteroidPotion"},{"floor":41,"key":"ats:Emergency Sanity Potion"},{"floor":42,"key":"ats:Emergency Sanity Potion"},{"floor":48,"key":"GamblersBrew"}],"is_trial":false,"path_per_floor":["M","M","$","?","M","R","E","$","T","E","M","M","R","?","R","B",null,"M","?","$","T","M","R","?","E","T","R","$","?","E","M","R","B",null,"M","?","M","?","$","R","E","M","T","R","M","R","M","M","R","B",null],"character_chosen":"DOCTOR_CLASS","items_purchased":["ats:Magnetic Hammer","ats:Hammer On","ats:Explosion Area Strengthen","ats:Poison Spread","ats:Overload","ats:Powerful Strike","Mango"],"campfire_rested":3,"item_purchase_floors":[3,8,20,20,28,28,39],"current_hp_per_floor":[65,65,65,65,65,65,43,43,53,40,21,15,15,15,41,16,71,71,80,80,80,74,74,74,54,54,54,54,54,49,51,51,21,72,74,74,56,56,70,100,103,93,93,93,103,103,65,67,97,95],"gold":324,"neow_bonus":"THREE_ENEMY_KILL","is_daily":false,"chose_seed":false,"campfire_upgraded":7,"win_rate":0.0,"timestamp":1613572201,"path_taken":["M","M","$","?","M","R","E","?","T","E","M","?","R","?","R","BOSS","M","?","$","?","M","R","?","E","T","R","$","?","E","M","R","BOSS","M","?","M","?","$","R","E","M","T","R","?","R","M","M","R","BOSS"],"items_purchased_type":["Card","Card","Card","Card","Card","Card","Relic"],"build_version":"2020-12-22","purchased_purges":1,"victory":true,"max_hp_per_floor":[72,72,72,72,72,72,72,72,82,89,89,89,89,89,89,89,89,89,89,89,89,89,89,89,89,89,89,89,89,89,89,89,89,89,89,89,89,89,103,103,103,103,103,103,103,103,103,103,103,103],"card_choices":[{"not_picked":["ats:Cat Scratch","ats:Hammer On"],"picked":"ats:Overload","floor":1},{"not_picked":["ats:Assault Order","ats:Cat Scratch"],"picked":"ats:Red Shift","floor":2},{"not_picked":["ats:Consecutive Shot Auto","ats:Spore Proliferation"],"picked":"ats:Flexible Camouflage","floor":5},{"not_picked":["ats:Blood Oath","ats:Curse Doll"],"picked":"ats:Overload","floor":7},{"not_picked":["ats:Collapsing Strike","ats:Curse Doll"],"picked":"ats:Ambush","floor":10},{"not_picked":["ats:Beaten Up","ats:Curse Doll"],"picked":"ats:Flexible Camouflage","floor":11},{"not_picked":["ats:Blood Oath","ats:Poison Spread"],"picked":"ats:Dogmatic Field","floor":12},{"not_picked":["ats:Hammer On+1","ats:LN2 Cannon+1"],"picked":"ats:Closed Bolt Burst Fire+1","floor":18},{"not_picked":["ats:Neurotoxin","ats:Leaping Hammer"],"picked":"ats:Overload","floor":22},{"not_picked":["ats:Leaping Hammer","ats:Song Of Battle"],"picked":"ats:Red Shift","floor":25},{"not_picked":["ats:Dogmatic Field","ats:Disruption Kick"],"picked":"ats:Red Shift","floor":30},{"not_picked":["ats:Apocalypse","ats:Very Hot Blade"],"picked":"ats:Leaping Hammer+1","floor":31},{"not_picked":["ats:Roar Of Ursus","ats:Dogmatic Field"],"picked":"ats:Nebulous Foxfire","floor":33},{"not_picked":["ats:Directed Diagnosis","ats:Literary Storm","ats:Absolute Focus"],"picked":"SKIP","floor":35},{"not_picked":["ats:Assault Order","ats:Counter Healing Mode"],"picked":"ats:Sashimi Platter+1","floor":37},{"not_picked":["ats:Absolute Focus+1","ats:Thorns"],"picked":"ats:Collapsing Strike","floor":41},{"not_picked":["ats:Apocalypse","ats:Charging Defense"],"picked":"ats:Shell Defense","floor":42},{"not_picked":["ats:Absolute Focus+1","ats:Assault Order"],"picked":"ats:Sashimi Platter","floor":45},{"not_picked":["ats:Beaten Up","ats:Shadow Raid"],"picked":"ats:Consecutive Shot Auto","floor":47},{"not_picked":["ats:Assault Order","ats:Guardian Obelisk"],"picked":"ats:Collapsing Strike","floor":48}],"player_experience":776021,"relics_obtained":[{"floor":7,"key":"ats:Originium"},{"floor":7,"key":"ats:Gyao"},{"floor":9,"key":"Pear"},{"floor":10,"key":"ats:Originium"},{"floor":10,"key":"Strawberry"},{"floor":21,"key":"PreservedInsect"},{"floor":25,"key":"ats:Originium"},{"floor":25,"key":"Bottled Lightning"},{"floor":30,"key":"ats:Originium"},{"floor":30,"key":"Blood Vial"},{"floor":41,"key":"BlackRope"},{"floor":43,"key":"Toy Ornithopter"}],"event_choices":[{"cards_removed":["ats:Strike G"],"damage_healed":0,"gold_gain":0,"player_choice":"Purged","damage_taken":0,"max_hp_gain":0,"max_hp_loss":0,"event_name":"Purifier","floor":4,"gold_loss":0},{"damage_healed":0,"gold_gain":0,"player_choice":"Stole Relic","damage_taken":0,"relics_obtained":["Potion Belt"],"max_hp_gain":0,"max_hp_loss":0,"event_name":"Addict","floor":24,"gold_loss":0,"cards_obtained":["Shame"]},{"damage_healed":0,"gold_gain":0,"player_choice":"Got Potions","damage_taken":0,"max_hp_gain":0,"max_hp_loss":0,"event_name":"Lab","floor":29,"gold_loss":0},{"cards_removed":["ats:Defend"],"damage_healed":0,"gold_gain":0,"player_choice":"Removed Skill","damage_taken":0,"max_hp_gain":0,"max_hp_loss":0,"event_name":"Falling","floor":36,"gold_loss":0},{"damage_healed":0,"gold_gain":0,"player_choice":"Gave Potion","damage_taken":0,"relics_obtained":["Mercury Hourglass"],"max_hp_gain":0,"max_hp_loss":0,"event_name":"WeMeetAgain","floor":38,"gold_loss":0}],"is_beta":false,"boss_relics":[{"not_picked":["Velvet Choker","SacredBark"],"picked":"aspiration:PoetsPen_weak"},{"not_picked":["Pandora\u0027s Box","energizedSpire:MagnifyingGlass"],"picked":"Philosopher\u0027s Stone"}],"items_purged_floors":[39],"is_endless":false,"potions_floor_spawned":[7,10,11,12,25,31,33,37,41,42,48],"ascension_level":13}}