{"host":"rzvepkyh9344fbo1","time":1613542041,"event":{"mods":["AchievementEnabler","Act Like it!","BaseMod","Better Third Choice","Colored Map","Colored Powertips","Curses Come First","Downfall","Evolution","Fox Events","Hermit","Highlight Path","Minty Spire (QoL Compilation)","Replay The Spire","Robot Space Explorer","Shade Mod","Shop Mod","StS++","StSLib","The Cursed","The Marked","The Necromancer"],"gold_per_floor":[112,112,158,174,124,152,25,25,25,37,49,86,117,173,185,303,315,341,371,403,415,427,476,488,528,540,552,552],"floor_reached":27,"language":"ENG","playtime":2920,"items_purged":["Strike_G"],"score":362,"play_id":"a405d9e8-5304-49b4-a128-96ae27cbec28","local_time":"20210217170721","is_ascension_mode":true,"campfire_choices":[{"floor":8,"key":"REST"},{"data":"Blade Dance","floor":10,"key":"SMITH"},{"data":"Blur","floor":15,"key":"SMITH"},{"data":"Burst","floor":24,"key":"SMITH"}],"circlet_count":0,"master_deck":["Poisoned Stab","Defend_G","Defend_G","Defend_G","Defend_G","Survivor","Neutralize","Blade Dance+1","Cloak And Dagger","All Out Attack","Acrobatics","Infinite Blades","Blur+1","Burst+1","Malaise","Dagger Throw","Blade Dance","Tactician+1"],"relics":["EVO:Axolotl","HoveringKite","Bottled Lightning","Thread and Needle","MawBank","Blue Candle","CeramicFish","SlaversCollar","Nilry\u0027s Codex","Dream Catcher","StrikeDummy"],"acts_visited":["Exordium","TheCity"],"potions_floor_usage":[12,16,16,20,27],"damage_taken":[{"damage":1,"enemies":"2 Louse","floor":1,"turns":3},{"damage":4,"enemies":"Jaw Worm","floor":4,"turns":3},{"damage":22,"enemies":"Replay:BlueRogue","floor":6,"turns":8},{"damage":2,"enemies":"3 Sentries","floor":12,"turns":7},{"damage":0,"enemies":"Small Slimes","floor":13,"turns":2},{"damage":3,"enemies":"Replay:BlueRogue","floor":14,"turns":8},{"damage":12,"enemies":"Slime Boss","floor":16,"turns":5},{"damage":0,"enemies":"3 Byrds","floor":18,"turns":6},{"damage":0,"enemies":"Shell Parasite","floor":20,"turns":4},{"damage":19,"enemies":"Replay:Snechameleon","floor":23,"turns":9},{"damage":29,"enemies":"Gremlin Leader","floor":25,"turns":8},{"damage":10,"enemies":"Sentry and Sphere","floor":27,"turns":3}],"seed_played":"5170430919405817217","potions_obtained":[{"floor":3,"key":"Death Potion"},{"floor":4,"key":"Poison Potion"},{"floor":11,"key":"SpeedPotion"},{"floor":11,"key":"AttackPotion"},{"floor":13,"key":"LifebloodPotion"},{"floor":25,"key":"AttackPotion"}],"is_trial":false,"path_per_floor":["M","?","?","M","?","E","$","R","T","R","?","E","M","E","R","B",null,"M","?","M","?","?","E","R","E","T","M"],"character_chosen":"THE_SILENT","items_purchased":["Acrobatics"],"campfire_rested":1,"item_purchase_floors":[7],"current_hp_per_floor":[69,62,45,41,41,19,19,40,40,40,40,38,38,35,35,23,70,70,70,70,54,54,35,35,6,6,0,0],"gold":552,"neow_bonus":"BOSS_RELIC","is_daily":false,"chose_seed":false,"campfire_upgraded":3,"win_rate":0.0,"timestamp":1613542041,"path_taken":["M","?","?","M","?","E","$","R","T","R","?","E","?","E","R","BOSS","M","?","M","?","?","E","R","E","T","M"],"items_purchased_type":["Card"],"build_version":"2020-12-22","purchased_purges":1,"victory":false,"max_hp_per_floor":[70,70,70,70,70,70,70,70,70,70,70,70,70,70,70,70,70,70,70,70,70,70,70,70,70,70,70,70],"card_choices":[{"not_picked":["Dagger Throw","Sucker Punch"],"picked":"Blade Dance","floor":1},{"not_picked":["Flying Knee","Hidden Blade"],"picked":"Cloak And Dagger","floor":3},{"not_picked":["Deflect","StSpp:Lure"],"picked":"All Out Attack","floor":4},{"not_picked":["Leg Sweep","ReplayTheSpireMod:From All Sides","Bouncing Flask"],"picked":"SKIP","floor":6},{"not_picked":["Backflip","Poisoned Stab","StSpp:Dive"],"picked":"SKIP","floor":12},{"not_picked":["Backflip","Poisoned Stab","StSpp:Dive"],"picked":"SKIP","floor":12},{"not_picked":["Hidden Blade","Quick Slash"],"picked":"Infinite Blades","floor":13},{"not_picked":["Poisoned Stab","Riddle With Holes"],"picked":"Blur","floor":14},{"not_picked":["Tools of the Trade","StSpp:Landslide"],"picked":"Burst","floor":16},{"not_picked":["Slice","Dodge and Roll","Deadly Poison"],"picked":"SKIP","floor":18},{"not_picked":["Concentrate","Dagger Spray+1"],"picked":"Blade Dance","floor":20},{"not_picked":["StSpp:Dive","Malaise"],"picked":"Tactician+1","floor":23},{"not_picked":["StSpp:PoisonousPunch+1","Leg Sweep","Poisoned Stab"],"picked":"SKIP","floor":25}],"player_experience":330598,"relics_obtained":[{"floor":3,"key":"Bottled Lightning"},{"floor":6,"key":"Thread and Needle"},{"floor":9,"key":"MawBank"},{"floor":12,"key":"Blue Candle"},{"floor":14,"key":"CeramicFish"},{"floor":21,"key":"Nilry\u0027s Codex"},{"floor":23,"key":"Dream Catcher"},{"floor":25,"key":"StrikeDummy"}],"event_choices":[{"cards_removed":["Strike_G"],"damage_healed":0,"gold_gain":0,"player_choice":"Card Removal","damage_taken":7,"max_hp_gain":0,"max_hp_loss":0,"event_name":"Golden Wing","floor":2,"gold_loss":0},{"cards_removed":["Strike_G"],"damage_healed":0,"gold_gain":0,"player_choice":"Card Removal","damage_taken":0,"max_hp_gain":0,"max_hp_loss":0,"event_name":"The Cleric","floor":5,"gold_loss":50},{"damage_healed":0,"gold_gain":0,"player_choice":"Got Potions","damage_taken":0,"max_hp_gain":0,"max_hp_loss":0,"event_name":"Lab","floor":11,"gold_loss":0},{"damage_healed":0,"gold_gain":0,"cards_transformed":["Strike_G","Defend_G"],"player_choice":"Became Test Subject","damage_taken":0,"max_hp_gain":0,"max_hp_loss":0,"event_name":"Drug Dealer","floor":19,"gold_loss":0,"cards_obtained":["Malaise","Dagger Throw"]},{"damage_healed":0,"gold_gain":0,"player_choice":"Obtained Book","damage_taken":16,"max_hp_gain":0,"max_hp_loss":0,"event_name":"Cursed Tome","floor":21,"gold_loss":0}],"is_beta":false,"boss_relics":[{"not_picked":["Tiny House","StSpp:FireArrow"],"picked":"SlaversCollar"}],"items_purged_floors":[7],"is_endless":false,"potions_floor_spawned":[4,13,14,25],"killed_by":"Sentry and Sphere","ascension_level":3}}