{"host":"qfmqsclrfy207o1q","time":1613538757,"event":{"mods":["2.2 Compatiblity","AchievementEnabler","BaseMod","BetterRewards","Colored Map","Dark Map","Downfall","Infinite Spire","Minty Spire (QoL Compilation)","Quick Restart","Rare Cards Sparkle","Relic Stats","StSLib"],"gold_per_floor":[99,115,115,115,12,12,12,112,112,125,125,140,140,38,48,144,144,144,160,160,172,182,182,182,182,182,182,210,22,22,57,71,71,71,71],"floor_reached":33,"language":"ENG","playtime":1533,"items_purged":[],"score":321,"play_id":"dc145442-a405-4068-9428-a2df8ce07598","local_time":"20210216221237","is_ascension_mode":false,"campfire_choices":[{"data":"hexamod:Sear","floor":1,"key":"SMITH"},{"floor":9,"key":"REST"},{"floor":11,"key":"REST"},{"data":"infinitespire:SevenWalls","floor":13,"key":"SMITH"},{"data":"hexamod:ExtraCrispy","floor":18,"key":"SMITH"},{"data":"hexamod:WildfireWeapon","floor":26,"key":"SMITH"},{"floor":30,"key":"REST"}],"circlet_count":0,"master_deck":["hexamod:Strike","hexamod:Strike","hexamod:Strike","hexamod:Strike","hexamod:Defend","hexamod:Defend","hexamod:Defend","hexamod:Defend","hexamod:Sear+1","hexamod:Float+1","hexamod:RainOfEmbers","hexamod:SwordOfDarkness","hexamod:BurningTouch+1","hexamod:HeatCrush","infinitespire:SevenWalls+1","hexamod:GhostShield","hexamod:FirstSeal","hexamod:RadiantFlame","hexamod:Rewind","hexamod:ExtraCrispy+1","hexamod:SwordOfDarkness","hexamod:HeatCrush","hexamod:WildfireWeapon+1","CurseOfTheBell","hexamod:EmpoweredFlame+1","hexamod:FirstSeal","hexamod:ChargedBarrage+1","hexamod:RetreatToShadows+1","hexamod:RadiantFlame","hexamod:ShieldOfDarkness","hexamod:BurningTouch+1","hexamod:EmpoweredFlame"],"relics":["hexamod:SpiritBrand","Letter Opener","War Paint","White Beast Statue","Calling Bell","Strawberry","infinitespire:FocusingShard","FossilizedHelix","Bronze Scales","Nunchaku","hexamod:MatchstickCase","Regal Pillow"],"acts_visited":["Exordium","TheCity"],"potions_floor_usage":[10,12,15,16,19,21,21,22,22,28,28,29,33,33,33],"damage_taken":[{"damage":0,"enemies":"2 Louse","floor":2,"turns":4},{"damage":0,"enemies":"downfall:FleeingMerchant","floor":5,"turns":4},{"damage":39,"enemies":"downfall:LadyInBlue","floor":8,"turns":11},{"damage":0,"enemies":"Jaw Worm","floor":10,"turns":1},{"damage":0,"enemies":"Small Slimes","floor":12,"turns":3},{"damage":0,"enemies":"downfall:FleeingMerchant","floor":14,"turns":4},{"damage":13,"enemies":"Exordium Thugs","floor":15,"turns":4},{"damage":22,"enemies":"DF_ARCHETYPE_STREAMLINE","floor":16,"turns":8},{"damage":0,"enemies":"3 Byrds","floor":19,"turns":5},{"damage":0,"enemies":"Chosen","floor":21,"turns":4},{"damage":15,"enemies":"Centurion and Healer","floor":22,"turns":9},{"damage":70,"enemies":"Slavers","floor":28,"turns":7},{"damage":8,"enemies":"downfall:FleeingMerchant","floor":29,"turns":4},{"damage":39,"enemies":"Gremlin Leader","floor":31,"turns":7},{"damage":23,"enemies":"Cultist and Chosen","floor":32,"turns":6},{"damage":14,"enemies":"SI_MIRROR_ARCHETYPE","floor":33,"turns":2}],"seed_played":"4876942409431429050","potions_obtained":[{"floor":2,"key":"Strength Potion"},{"floor":8,"key":"champ:CounterPotion"},{"floor":8,"key":"DistilledChaos"},{"floor":10,"key":"Explosive Potion"},{"floor":12,"key":"Weak Potion"},{"floor":15,"key":"sneckomod:MuddlingPotion"},{"floor":16,"key":"bronze:BurnAndBuffPotion"},{"floor":19,"key":"EssenceOfSteel"},{"floor":21,"key":"AttackPotion"},{"floor":22,"key":"Guardian:BlockOnCardUsePotion"},{"floor":27,"key":"CultistPotion"},{"floor":28,"key":"hexamod:EctoCoolerPotion"},{"floor":29,"key":"SteroidPotion"},{"floor":31,"key":"PowerPotion"},{"floor":32,"key":"SteroidPotion"}],"is_trial":false,"path_per_floor":["R","M","?","?","$","?","T","?","R","M","R","M","R","$","M","B",null,"R","M","?","M","M","AVR","T","?","R","?","E","$","R","E","M","B"],"character_chosen":"THE_SPIRIT","items_purchased":["hexamod:BurningTouch","hexamod:HeatCrush","hexamod:ExtraCrispy","hexamod:SwordOfDarkness","hexamod:MatchstickCase","hexamod:ShieldOfDarkness"],"campfire_rested":3,"item_purchase_floors":[5,5,14,14,29,29],"current_hp_per_floor":[77,77,77,82,82,61,61,22,46,46,70,70,70,77,71,49,89,89,89,81,88,87,87,87,87,87,87,31,37,63,24,8,0,0,0],"gold":71,"neow_bonus":"TEN_PERCENT_HP_BONUS","is_daily":false,"chose_seed":false,"campfire_upgraded":4,"win_rate":0.0,"timestamp":1613538757,"path_taken":["R","M","?","?","$","?","T","?","R","M","R","M","R","$","M","BOSS","R","M","?","?","M","AVR","T","?","R","?","E","$","R","E","M","BOSS"],"items_purchased_type":["Card","Card","Card","Card","Relic","Card"],"build_version":"2020-12-22","purchased_purges":0,"victory":false,"max_hp_per_floor":[77,77,77,82,82,82,82,82,82,82,82,82,82,82,82,82,89,89,89,89,89,89,89,89,89,89,89,89,89,89,89,89,89,89,89],"relic_stats":{"Nunchaku":[2],"Regal Pillow":0,"counters":[16,83],"Bronze Scales":[96],"Letter Opener":[55],"War Paint":["hexamod:Float","hexamod:BurningTouch"],"obtain_stats":[{"Calling Bell":17,"Nunchaku":28,"Regal Pillow":31,"Strawberry":17,"Bronze Scales":24,"infinitespire:FocusingShard":17,"Letter Opener":3,"War Paint":7,"hexamod:SpiritBrand":0,"White Beast Statue":8,"FossilizedHelix":17,"hexamod:MatchstickCase":29},{"Calling Bell":8,"Nunchaku":12,"Regal Pillow":14,"Strawberry":8,"Bronze Scales":11,"infinitespire:FocusingShard":8,"Letter Opener":1,"War Paint":2,"hexamod:SpiritBrand":0,"White Beast Statue":3,"FossilizedHelix":8,"hexamod:MatchstickCase":13},{"Calling Bell":39,"Nunchaku":64,"Regal Pillow":75,"Strawberry":39,"Bronze Scales":57,"infinitespire:FocusingShard":39,"Letter Opener":4,"War Paint":8,"hexamod:SpiritBrand":0,"White Beast Statue":19,"FossilizedHelix":39,"hexamod:MatchstickCase":68}]},"card_choices":[{"not_picked":["hexamod:AdvancingGuard","hexamod:NecessarySacrifice"],"picked":"hexamod:RainOfEmbers","floor":2},{"not_picked":["hexamod:GhostOfSpireFuture","hexamod:PhantomCloak"],"picked":"hexamod:SwordOfDarkness","floor":5},{"not_picked":["infinitespire:Execution","infinitespire:Punishment"],"picked":"infinitespire:SevenWalls","floor":6},{"not_picked":["hexamod:EmpoweredFlame","hexamod:ThermalTransfer"],"picked":"hexamod:GhostShield","floor":8},{"not_picked":["hexamod:FifthSeal","hexamod:ThermalTransfer"],"picked":"hexamod:FirstSeal","floor":10},{"not_picked":["hexamod:HauntingEcho","hexamod:Again"],"picked":"hexamod:RadiantFlame","floor":12},{"not_picked":["hexamod:Incineration","hexamod:HeatCrush"],"picked":"hexamod:Rewind","floor":14},{"not_picked":["hexamod:AdvancingGuard","hexamod:RetreatToShadows"],"picked":"hexamod:HeatCrush","floor":15},{"not_picked":["hexamod:UnlimitedPower","hexamod:GhostflameInferno"],"picked":"hexamod:WildfireWeapon","floor":16},{"not_picked":["hexamod:Haunt","hexamod:GhostShield"],"picked":"hexamod:EmpoweredFlame","floor":19},{"not_picked":["hexamod:ThirdSeal","hexamod:Again"],"picked":"hexamod:FirstSeal","floor":21},{"not_picked":["hexamod:ExtraCrispy","hexamod:GhostOfSpirePast"],"picked":"hexamod:ChargedBarrage+1","floor":22},{"not_picked":["hexamod:PhantomFireball","hexamod:SecondSeal"],"picked":"hexamod:RetreatToShadows+1","floor":28},{"not_picked":["hexamod:SecondSeal","hexamod:ShieldOfDarkness"],"picked":"hexamod:RadiantFlame","floor":29},{"not_picked":["hexamod:EtherealExpedition","hexamod:SpectralAdrenaline"],"picked":"hexamod:BurningTouch+1","floor":31},{"not_picked":["hexamod:RecurringNightmare","hexamod:RetreatToShadows"],"picked":"hexamod:EmpoweredFlame","floor":32}],"player_experience":2611,"relics_obtained":[{"floor":3,"key":"Letter Opener"},{"floor":7,"key":"War Paint"},{"floor":8,"key":"White Beast Statue"},{"floor":17,"key":"Strawberry"},{"floor":17,"key":"infinitespire:FocusingShard"},{"floor":17,"key":"FossilizedHelix"},{"floor":24,"key":"Bronze Scales"},{"floor":28,"key":"Nunchaku"},{"floor":31,"key":"Regal Pillow"}],"event_choices":[{"damage_healed":0,"gold_gain":0,"player_choice":"Donut","damage_taken":0,"max_hp_gain":5,"max_hp_loss":0,"event_name":"Big Fish","floor":4,"gold_loss":0}],"is_beta":false,"boss_relics":[{"not_picked":["Busted Crown","Tiny House"],"picked":"Calling Bell"}],"items_purged_floors":[],"is_endless":false,"potions_floor_spawned":[2,8,10,12,14,15,16,19,21,22,28,29,31,32],"killed_by":"SI_MIRROR_ARCHETYPE","ascension_level":0}}