{"host":"khwpnvgc3av0w6xd","time":1613579731,"event":{"mods":["BaseMod","Block Reminder","Colored Map","DeckTracker","Highlight Path","Minty Spire (QoL Compilation)","Quick Restart"],"gold_per_floor":[116,136,61,74,74,109,109,123,174,188,247,247,257,273,273,373,423,435,247,247,247,247,247,257,273,273,273,285,319,319,319,319,319,319],"floor_reached":33,"language":"DEU","playtime":1678,"items_purged":[],"score":307,"play_id":"62c3a0aa-695b-45dd-90d1-1b147c10467b","local_time":"20210217173531","is_ascension_mode":true,"campfire_choices":[{"data":"Shockwave","floor":7,"key":"SMITH"},{"data":"Armaments","floor":15,"key":"SMITH"},{"floor":23,"key":"RECALL"},{"data":"Chrysalis","floor":27,"key":"SMITH"},{"floor":32,"key":"REST"}],"circlet_count":0,"master_deck":["Strike_R+1","Strike_R+1","Strike_R+1","Strike_R+1","Strike_R+1","Defend_R+1","Defend_R+1","Defend_R+1","Defend_R+1","Bash","Inflame","Intimidate","Shockwave+1","Infernal Blade","Bludgeon","Intimidate","Intimidate","Hemokinesis","Armaments+1","Warcry","Reaper","Havoc","Chrysalis+1","True Grit","Writhe","Exhume"],"relics":["Burning Blood","Charon\u0027s Ashes","HornCleat","PreservedInsect","Nunchaku","Tiny House","Toy Ornithopter","Oddly Smooth Stone","Orichalcum","MutagenicStrength"],"acts_visited":["Exordium","TheCity"],"potions_floor_usage":[10,18,25,29,29],"damage_taken":[{"damage":0,"enemies":"Small Slimes","floor":1,"turns":3},{"damage":0,"enemies":"Cultist","floor":2,"turns":4},{"damage":5,"enemies":"2 Louse","floor":4,"turns":2},{"damage":24,"enemies":"Gremlin Nob","floor":6,"turns":4},{"damage":11,"enemies":"Large Slime","floor":8,"turns":5},{"damage":8,"enemies":"Exordium Thugs","floor":10,"turns":4},{"damage":5,"enemies":"2 Fungi Beasts","floor":13,"turns":2},{"damage":3,"enemies":"Looter","floor":14,"turns":2},{"damage":38,"enemies":"The Guardian","floor":16,"turns":8},{"damage":1,"enemies":"Shell Parasite","floor":18,"turns":3},{"damage":2,"enemies":"3 Byrds","floor":24,"turns":3},{"damage":31,"enemies":"Centurion and Healer","floor":25,"turns":8},{"damage":7,"enemies":"Snecko","floor":28,"turns":4},{"damage":49,"enemies":"Gremlin Leader","floor":29,"turns":6},{"damage":86,"enemies":"Champ","floor":33,"turns":13}],"seed_played":"-2631366785326512633","potions_obtained":[{"floor":1,"key":"Ancient Potion"},{"floor":2,"key":"ColorlessPotion"},{"floor":8,"key":"SmokeBomb"},{"floor":10,"key":"DuplicationPotion"},{"floor":17,"key":"LiquidMemories"},{"floor":18,"key":"Dexterity Potion"},{"floor":25,"key":"SpeedPotion"}],"is_trial":false,"path_per_floor":["M","M","$","M","?","E","R","M","T","M","?","?","M","M","R","B",null,"M","$","?","?","?","R","M","M","T","R","M","E","T","?","R","B"],"character_chosen":"IRONCLAD","items_purchased":["Shockwave","Chrysalis","True Grit"],"campfire_rested":1,"item_purchase_floors":[3,19,19],"current_hp_per_floor":[72,72,72,72,72,54,54,49,49,47,47,47,48,51,51,19,77,77,77,77,77,77,77,77,61,61,61,67,42,42,42,65,0,0],"gold":319,"neow_bonus":"ONE_RARE_RELIC","is_daily":false,"chose_seed":false,"campfire_upgraded":3,"win_rate":0.0,"timestamp":1613579731,"path_taken":["M","M","$","M","?","E","R","?","T","M","?","?","M","M","R","BOSS","M","$","?","?","?","R","M","M","T","R","M","E","?","?","R","BOSS"],"items_purchased_type":["Card","Card","Card"],"build_version":"2020-12-22","purchased_purges":0,"victory":false,"max_hp_per_floor":[72,72,72,72,72,72,72,72,72,72,72,72,72,72,72,72,77,77,77,77,77,77,77,77,77,77,77,77,77,77,77,77,77,77],"card_choices":[{"not_picked":["Anger","Pommel Strike"],"picked":"Inflame","floor":1},{"not_picked":["Havoc","Sword Boomerang"],"picked":"Intimidate","floor":2},{"not_picked":["Cleave","Body Slam"],"picked":"Infernal Blade","floor":4},{"not_picked":["Reckless Charge","Battle Trance"],"picked":"Intimidate","floor":6},{"not_picked":["Sword Boomerang","Armaments"],"picked":"Intimidate","floor":8},{"not_picked":["Twin Strike","Clash"],"picked":"Hemokinesis","floor":10},{"not_picked":["Flex","Hemokinesis"],"picked":"Armaments","floor":13},{"not_picked":["Pommel Strike","Wild Strike"],"picked":"Warcry","floor":14},{"not_picked":["Berserk","Offering"],"picked":"Reaper","floor":16},{"not_picked":["Cleave","Iron Wave"],"picked":"Havoc","floor":17},{"not_picked":["Rampage","Reckless Charge+1","Heavy Blade"],"picked":"SKIP","floor":18},{"not_picked":["Combust","Searing Blow+1","Ghostly Armor"],"picked":"SKIP","floor":24},{"not_picked":["Anger","Bludgeon","Perfected Strike"],"picked":"SKIP","floor":25},{"not_picked":["Rage","Thunderclap","Dropkick+1"],"picked":"SKIP","floor":28},{"not_picked":["Sever Soul","Blood for Blood","Bloodletting"],"picked":"SKIP","floor":29}],"player_experience":94800,"relics_obtained":[{"floor":6,"key":"HornCleat"},{"floor":9,"key":"PreservedInsect"},{"floor":26,"key":"Oddly Smooth Stone"},{"floor":29,"key":"Orichalcum"}],"event_choices":[{"damage_healed":0,"gold_gain":0,"player_choice":"1 cards matched","damage_taken":0,"max_hp_gain":0,"max_hp_loss":0,"event_name":"Match and Keep!","floor":5,"gold_loss":0,"cards_obtained":["Bludgeon"]},{"damage_healed":0,"gold_gain":59,"player_choice":"Gained Gold","damage_taken":0,"max_hp_gain":0,"max_hp_loss":0,"event_name":"Golden Wing","floor":11,"gold_loss":0},{"damage_healed":0,"gold_gain":0,"player_choice":"Gave Potion","damage_taken":0,"relics_obtained":["Nunchaku"],"max_hp_gain":0,"max_hp_loss":0,"event_name":"WeMeetAgain","floor":12,"gold_loss":0},{"damage_healed":0,"gold_gain":0,"player_choice":"Opened","damage_taken":0,"relics_obtained":["Toy Ornithopter"],"max_hp_gain":0,"max_hp_loss":0,"event_name":"The Mausoleum","floor":20,"gold_loss":0,"cards_obtained":["Writhe"]},{"damage_healed":0,"gold_gain":0,"player_choice":"Read","damage_taken":0,"max_hp_gain":0,"max_hp_loss":0,"event_name":"The Library","floor":21,"gold_loss":0,"cards_obtained":["Exhume"]},{"damage_healed":0,"gold_gain":0,"player_choice":"Simplicity","damage_taken":0,"max_hp_gain":0,"max_hp_loss":0,"event_name":"Back to Basics","floor":22,"gold_loss":0,"cards_upgraded":["Strike_R","Strike_R","Strike_R","Strike_R","Strike_R","Defend_R","Defend_R","Defend_R"]},{"damage_healed":0,"gold_gain":0,"player_choice":"Inject Mutagens","damage_taken":0,"relics_obtained":["MutagenicStrength"],"max_hp_gain":0,"max_hp_loss":0,"event_name":"Drug Dealer","floor":31,"gold_loss":0}],"is_beta":false,"boss_relics":[{"not_picked":["Ectoplasm","Busted Crown"],"picked":"Tiny House"}],"items_purged_floors":[],"is_endless":false,"potions_floor_spawned":[1,2,8,10,18,25],"killed_by":"Champ","ascension_level":3}}