{"host":"cd7awanv0x2msn9z","time":1613542541,"event":{"mods":["BaseMod","Downfall","Minty Spire (QoL Compilation)","Replay The Spire","StSLib","SuperFastMode"],"gold_per_floor":[117,192,204,204,132,166,166,191,214,214,224,224,43,43,43],"floor_reached":14,"language":"ZHS","playtime":280,"items_purged":[],"score":127,"play_id":"042d5efc-5e6d-493f-a00e-836672e91a7e","local_time":"20210217141541","is_ascension_mode":true,"campfire_choices":[{"data":"ReplayTheSpireMod:The Works","floor":7.0,"key":"SMITH"},{"data":"Dagger Spray","floor":10,"key":"SMITH"},{"floor":12,"key":"REST"}],"circlet_count":0,"master_deck":["Strike_G","Strike_G","Strike_G","Strike_G+1","Defend_G","Defend_G","Defend_G","Defend_G","Defend_G+1","Survivor+1","Neutralize+1","ReplayTheSpireMod:Shiv Toss","ReplayTheSpireMod:The Works+1","Tactician","Dagger Spray+1","Replay:Poison Smokescreen","ReplayTheSpireMod:Faulty Equipment","Crippling Poison+1"],"relics":["Ring of the Snake","NeowsBlessing","Whetstone","Happy Flower","War Paint","ReplayTheSpireMod:CursedCoin","Toxic Egg 2"],"acts_visited":["Exordium"],"potions_floor_usage":[8],"damage_taken":[{"damage":0.0,"enemies":"2 Louse","floor":1.0,"turns":1.0},{"damage":0.0,"enemies":"Jaw Worm","floor":3.0,"turns":1.0},{"damage":0.0,"enemies":"Lagavulin","floor":6.0,"turns":1.0},{"damage":46,"enemies":"Gremlin Nob","floor":8,"turns":6},{"damage":4,"enemies":"Cultist","floor":11,"turns":5},{"damage":23,"enemies":"Lagavulin","floor":14,"turns":6}],"seed_played":"-1564343451273804478","potions_obtained":[{"floor":3.0,"key":"PowerPotion"},{"floor":6.0,"key":"Elixir"}],"is_trial":false,"path_per_floor":["M","?","M","?","$","E","R","E","T","R","M","R","$","E"],"character_chosen":"THE_SILENT","items_purchased":["ReplayTheSpireMod:The Works","ReplayTheSpireMod:CursedCoin","Toxic Egg 2","Crippling Poison+1"],"campfire_rested":1,"item_purchase_floors":[5,13,13,13],"current_hp_per_floor":[70,59,59,52,52,52,52,6,6,6,2,23,23,0,0],"gold":43,"neow_bonus":"THREE_ENEMY_KILL","is_daily":false,"chose_seed":false,"campfire_upgraded":2,"win_rate":0.0,"timestamp":1613542541,"path_taken":["M","?","M","?","$","E","R","E","T","R","M","R","?","E"],"items_purchased_type":["Card","Relic","Relic","Card"],"build_version":"2020-12-22","purchased_purges":0,"victory":false,"max_hp_per_floor":[70,70,70,70,70,70,70,70,70,70,70,70,70,70,70],"card_choices":[{"not_picked":["Hidden Blade","ReplayTheSpireMod:The Works"],"picked":"ReplayTheSpireMod:Shiv Toss","floor":1.0},{"not_picked":["Quick Slash","Well Laid Plans","Flying Knee"],"picked":"SKIP","floor":3.0},{"not_picked":["Escape Plan","Heel Hook"],"picked":"Tactician","floor":6.0},{"not_picked":["ReplayTheSpireMod:The Works","Dagger Throw"],"picked":"Dagger Spray","floor":8},{"not_picked":["Expertise","Bane"],"picked":"Replay:Poison Smokescreen","floor":11}],"player_experience":75529,"relics_obtained":[{"floor":6.0,"key":"Whetstone"},{"floor":8,"key":"Happy Flower"},{"floor":9,"key":"War Paint"}],"event_choices":[{"damage_healed":0.0,"max_hp_gain":0.0,"max_hp_loss":0.0,"gold_gain":75.0,"event_name":"World of Goop","player_choice":"Gather Gold","floor":2.0,"gold_loss":0.0,"damage_taken":11.0},{"cards_removed":["Strike_G"],"damage_healed":0.0,"max_hp_gain":0.0,"max_hp_loss":0.0,"gold_gain":0.0,"event_name":"Golden Wing","player_choice":"Card Removal","floor":4.0,"gold_loss":0.0,"damage_taken":7.0}],"is_beta":false,"boss_relics":[],"items_purged_floors":[],"is_endless":false,"potions_floor_spawned":[3,6],"killed_by":"Lagavulin","ascension_level":1}}