{"host":"7zq0fgva91iwgkd5","time":1613523434,"event":{"mods":["AchievementEnabler","BaseMod","Bestiary","Colored Map","Curses Come First","DeckTracker","Minty Spire (QoL Compilation)","Rare Cards Sparkle","StSLib","Unceasing Turn Reminder"],"gold_per_floor":[117,117,267,267,267,267,286,286,286,319,338,373,98,116,116,190,190,208,226,226,245,259,259,259,259],"floor_reached":24,"language":"ENG","playtime":710,"items_purged":["Doubt"],"score":361,"play_id":"5bac249f-71aa-4a44-8fe9-3249822239c5","local_time":"20210217015714","is_ascension_mode":true,"campfire_choices":[{"data":"Bash","floor":6,"key":"SMITH"},{"floor":8,"key":"REST"},{"floor":15,"key":"REST"},{"floor":23,"key":"REST"}],"circlet_count":0,"master_deck":["AscendersBane","Strike_R","Strike_R","Strike_R","Strike_R","Strike_R","Defend_R","Defend_R","Defend_R","Defend_R","Bash+1","Clothesline+1","Ghostly Armor","Pommel Strike","Havoc","Pummel","Iron Wave","Bludgeon","Seeing Red","Headbutt"],"relics":["Burning Blood","Mummified Hand","Shuriken","Paper Frog","Calipers","Du-Vu Doll","PreservedInsect","Busted Crown"],"acts_visited":["Exordium","TheCity"],"potions_floor_usage":[12,16,16,18,21,24,24],"damage_taken":[{"damage":13,"enemies":"Jaw Worm","floor":1,"turns":5},{"damage":1,"enemies":"2 Louse","floor":7,"turns":3},{"damage":51,"enemies":"Lagavulin","floor":10,"turns":7},{"damage":17,"enemies":"Small Slimes","floor":11,"turns":3},{"damage":28,"enemies":"Gremlin Nob","floor":12,"turns":6},{"damage":10,"enemies":"2 Fungi Beasts","floor":14,"turns":4},{"damage":35,"enemies":"The Guardian","floor":16,"turns":12},{"damage":9,"enemies":"2 Thieves","floor":18,"turns":4},{"damage":4,"enemies":"3 Byrds","floor":19,"turns":4},{"damage":16,"enemies":"Centurion and Healer","floor":21,"turns":4},{"damage":39,"enemies":"3 Cultists","floor":22,"turns":6},{"damage":36,"enemies":"Slavers","floor":24,"turns":2}],"seed_played":"-6218262352872998229","potions_obtained":[{"floor":11,"key":"Regen Potion"},{"floor":14,"key":"PowerPotion"},{"floor":16,"key":"Block Potion"},{"floor":18,"key":"Strength Potion"},{"floor":21,"key":"Dexterity Potion"},{"floor":22,"key":"ElixirPotion"}],"is_trial":false,"path_per_floor":["M","?","?","T","?","R","M","R","T","E","M","E","$","M","R","B",null,"M","M","?","M","M","R","E"],"character_chosen":"IRONCLAD","items_purchased":["PreservedInsect","BloodPotion"],"campfire_rested":3,"item_purchase_floors":[13,13],"current_hp_per_floor":[68,63,63,63,63,63,68,82,82,37,26,19,19,15,39,26,68,65,67,55,45,12,36,0,0],"gold":259,"neow_bonus":"TEN_PERCENT_HP_BONUS","is_daily":false,"chose_seed":false,"campfire_upgraded":1,"win_rate":0.0,"timestamp":1613523434,"path_taken":["M","?","?","?","?","R","M","R","T","E","M","E","$","M","R","BOSS","M","M","?","?","M","R","E"],"items_purchased_type":["Relic","Potion"],"build_version":"2020-12-22","purchased_purges":1,"victory":false,"max_hp_per_floor":[82,82,82,82,82,82,82,82,82,82,82,82,82,82,82,82,82,82,82,82,82,82,82,82,82],"card_choices":[{"not_picked":["Thunderclap","Heavy Blade"],"picked":"Clothesline","floor":1},{"not_picked":["Seeing Red","Thunderclap"],"picked":"Ghostly Armor","floor":7},{"not_picked":["Rampage","Heavy Blade"],"picked":"Pommel Strike","floor":10},{"not_picked":["Second Wind","Reckless Charge"],"picked":"Havoc","floor":11},{"not_picked":["Battle Trance","Dual Wield"],"picked":"Pummel","floor":12},{"not_picked":["Clash","Warcry"],"picked":"Iron Wave","floor":14},{"not_picked":["Offering","Fiend Fire"],"picked":"Bludgeon","floor":16},{"not_picked":[],"picked":"Seeing Red","floor":18},{"not_picked":["Pummel"],"picked":"SKIP","floor":19},{"not_picked":[],"picked":"Headbutt","floor":21},{"not_picked":["Clothesline"],"picked":"SKIP","floor":22}],"player_experience":173728,"relics_obtained":[{"floor":4,"key":"Shuriken"},{"floor":9,"key":"Paper Frog"},{"floor":10,"key":"Calipers"},{"floor":12,"key":"Du-Vu Doll"}],"event_choices":[{"damage_healed":0,"gold_gain":0,"player_choice":"Success","damage_taken":5,"relics_obtained":["Mummified Hand"],"max_hp_gain":0,"max_hp_loss":0,"event_name":"Scrap Ooze","floor":2,"gold_loss":0},{"damage_healed":0,"gold_gain":150,"player_choice":"AGREE","damage_taken":0,"max_hp_gain":0,"max_hp_loss":0,"event_name":"Liars Game","floor":3,"gold_loss":0,"cards_obtained":["Doubt"]},{"damage_healed":0,"gold_gain":0,"player_choice":"Grow","damage_taken":0,"max_hp_gain":0,"max_hp_loss":0,"event_name":"Living Wall","floor":5,"gold_loss":0,"cards_upgraded":["Clothesline"]},{"damage_healed":0,"gold_gain":0,"player_choice":"Damaged","damage_taken":12,"max_hp_gain":0,"max_hp_loss":0,"event_name":"Wheel of Change","floor":20,"gold_loss":0}],"is_beta":false,"boss_relics":[{"not_picked":["Mark of Pain","Runic Pyramid"],"picked":"Busted Crown"}],"items_purged_floors":[13],"is_endless":false,"potions_floor_spawned":[11,14,16,18,21,22],"killed_by":"Slavers","ascension_level":15}}