{"host":"z439itq93uucuvou","time":1613541214,"event":{"mods":["BaseMod","Colored Powertips","Jorbs\u0027s Wanderer Trilogy","Minty Spire (QoL Compilation)","StSLib"],"gold_per_floor":[113,188,206,223,236,236,249,268,295,295,295,311,336,20,20,98,98,110,129,147,147,30,30,57,73,73,73,104,115,128,139,139,212,212,231,247,272,290,290,290,321,675,675,703,182,182,182,182,182,182,182,182,7,41,41,41],"floor_reached":55,"language":"ENG","playtime":3032,"items_purged":["MasterReality","Defend_P"],"score":1729,"play_id":"a80b28ca-7903-4f67-81fc-6279269a94d2","local_time":"20210216215334","is_ascension_mode":true,"campfire_choices":[{"data":"Omniscience","floor":6.0,"key":"SMITH"},{"data":"Wallop","floor":10.0,"key":"SMITH"},{"data":"Ragnarok","floor":15.0,"key":"SMITH"},{"data":"Blasphemy","floor":23.0,"key":"SMITH"},{"data":"Fasting2","floor":27.0,"key":"SMITH"},{"data":"Pray","floor":32.0,"key":"SMITH"},{"floor":40.0,"key":"RECALL"},{"data":"MentalFortress","floor":46.0,"key":"SMITH"},{"data":"Prostrate","floor":49.0,"key":"SMITH"},{"data":"SpiritShield","floor":52.0,"key":"SMITH"}],"circlet_count":0,"master_deck":["AscendersBane","Defend_P","Defend_P","Defend_P","Eruption","Vigilance","FlurryOfBlows","Omniscience+1","ClearTheMind","Wallop+1","BowlingBash","InnerPeace","Ragnarok+1","EmptyFist","Prostrate+1","Judgement","EmptyBody","CutThroughFate+1","Blasphemy+1","Bite+1","Bite+1","Bite+1","Bite+1","Bite+1","Fasting2+1","SpiritShield+1","ThirdEye","Scrawl","FearNoEvil+1","Pray+1","TalkToTheHand+1","Vault","MentalFortress+1","CrushJoints+1","Collect+1","LikeWater","Conclude+1","Vengeance","TalkToTheHand+1","TalkToTheHand+1","Ragnarok+1","WaveOfTheHand","Devotion","EmptyBody"],"relics":["PureWater","Bag of Preparation","Damaru","Molten Egg 2","Snecko Eye","Happy Flower","Yang","Vajra","Coffee Dripper","CloakClasp","StoneCalendar","Old Coin","Ginger","Frozen Eye","StrikeDummy"],"acts_visited":["Exordium","TheCity","TheBeyond","TheEnding"],"potions_floor_usage":[55],"damage_taken":[{"damage":1.0,"enemies":"2 Louse","floor":1.0,"turns":4.0},{"damage":0.0,"enemies":"Jaw Worm","floor":3.0,"turns":3.0},{"damage":0.0,"enemies":"Small Slimes","floor":4.0,"turns":3.0},{"damage":2.0,"enemies":"2 Fungi Beasts","floor":5.0,"turns":3.0},{"damage":5.0,"enemies":"Blue Slaver","floor":7.0,"turns":5.0},{"damage":13.0,"enemies":"3 Louse","floor":8.0,"turns":3.0},{"damage":0.0,"enemies":"2 Fungi Beasts","floor":12.0,"turns":3.0},{"damage":10.0,"enemies":"3 Sentries","floor":13.0,"turns":5.0},{"damage":0.0,"enemies":"Slime Boss","floor":16.0,"turns":4.0},{"damage":0.0,"enemies":"2 Thieves","floor":18.0,"turns":2.0},{"damage":0.0,"enemies":"Spheric Guardian","floor":19.0,"turns":1.0},{"damage":22.0,"enemies":"Centurion and Healer","floor":20.0,"turns":3.0},{"damage":12.0,"enemies":"Gremlin Leader","floor":24.0,"turns":5.0},{"damage":0.0,"enemies":"Snake Plant","floor":25.0,"turns":1.0},{"damage":11.0,"enemies":"Book of Stabbing","floor":28.0,"turns":5.0},{"damage":0.0,"enemies":"3 Cultists","floor":29.0,"turns":3.0},{"damage":0.0,"enemies":"Sentry and Sphere","floor":30.0,"turns":1.0},{"damage":0.0,"enemies":"Chosen and Byrds","floor":31.0,"turns":2.0},{"damage":0.0,"enemies":"Automaton","floor":33.0,"turns":5.0},{"damage":0.0,"enemies":"3 Darklings","floor":35.0,"turns":2.0},{"damage":0.0,"enemies":"3 Shapes","floor":36.0,"turns":3.0},{"damage":0.0,"enemies":"Mind Bloom Boss Battle","floor":37.0,"turns":4.0},{"damage":0.0,"enemies":"Spire Growth","floor":38.0,"turns":2.0},{"damage":0.0,"enemies":"Nemesis","floor":41.0,"turns":5.0},{"damage":0.0,"enemies":"2 Orb Walkers","floor":42.0,"turns":2.0},{"damage":0.0,"enemies":"Giant Head","floor":44.0,"turns":4.0},{"damage":18.0,"enemies":"Donu and Deca","floor":50.0,"turns":8.0},{"damage":41,"enemies":"Shield and Spear","floor":54,"turns":6},{"damage":23,"enemies":"The Heart","floor":55,"turns":7}],"seed_played":"-7292608635081022212","potions_obtained":[{"floor":4.0,"key":"PowerPotion"},{"floor":5.0,"key":"Energy Potion"},{"floor":20.0,"key":"AttackPotion"},{"floor":28.0,"key":"GamblersBrew"},{"floor":29.0,"key":"SmokeBomb"},{"floor":30.0,"key":"Fire Potion"},{"floor":33.0,"key":"LiquidBronze"},{"floor":42.0,"key":"GamblersBrew"}],"is_trial":false,"path_per_floor":["M","?","M","M","M","R","M","M","T","R","?","M","E","$","R","B",null,"M","M","M","?","$","R","E","M","T","R","E","M","M","M","R","B",null,"M","M","?","M","?","R","E","?","T","E","$","R","?","?","R","B",null,"R","$","E","B"],"character_chosen":"WATCHER","items_purchased":["Molten Egg 2","Prostrate","Fasting2","TalkToTheHand+1","Ragnarok+1","Frozen Eye","LiquidBronze","WaveOfTheHand","Devotion"],"campfire_rested":0,"item_purchase_floors":[14,14,22,45,45,45,45,53,53],"current_hp_per_floor":[66,55,55,55,53,53,48,35,35,35,35,35,25,25,25,25,62,62,62,40,40,40,40,37,37,37,37,38,44,44,50,50,51,51,51,51,51,51,48,48,48,48,48,48,48,48,48,48,48,48,48,48,48,16,0,0],"gold":41,"neow_bonus":"TEN_PERCENT_HP_BONUS","is_daily":false,"chose_seed":false,"campfire_upgraded":9,"win_rate":0.0,"timestamp":1613541214,"path_taken":["M","?","M","M","M","R","M","M","T","R","?","M","E","$","R","BOSS","M","M","M","?","?","R","E","M","T","R","E","M","M","M","R","BOSS","M","M","?","M","?","R","E","?","T","E","$","R","?","?","R","BOSS","R","$","E","BOSS"],"items_purchased_type":["Relic","Card","Card","Card","Card","Relic","Potion","Card","Card"],"build_version":"2020-12-22","purchased_purges":2,"victory":false,"max_hp_per_floor":[74,74,74,74,74,74,74,74,74,74,74,74,74,74,74,74,74,74,74,74,51,51,51,51,51,51,51,51,51,51,51,51,51,51,51,51,51,51,48,48,48,48,48,48,48,48,48,48,48,48,48,48,48,48,48,48],"card_choices":[{"not_picked":["CutThroughFate","Sanctity"],"picked":"FlurryOfBlows","floor":1.0},{"not_picked":["FollowUp","Nirvana"],"picked":"Omniscience","floor":3.0},{"not_picked":["SashWhip","Protect"],"picked":"ClearTheMind","floor":4.0},{"not_picked":["Protect","ForeignInfluence"],"picked":"Wallop","floor":5.0},{"not_picked":["ThirdEye","SignatureMove"],"picked":"BowlingBash","floor":7.0},{"not_picked":["JustLucky","SashWhip"],"picked":"InnerPeace","floor":8.0},{"not_picked":["BowlingBash","WindmillStrike"],"picked":"Ragnarok","floor":12.0},{"not_picked":["Study","Halt"],"picked":"EmptyFist","floor":13.0},{"not_picked":["DeusExMachina","ConjureBlade"],"picked":"Judgement","floor":16.0},{"not_picked":["PathToVictory","SignatureMove+1"],"picked":"EmptyBody","floor":18.0},{"not_picked":["JustLucky+1","ClearTheMind"],"picked":"CutThroughFate+1","floor":19.0},{"not_picked":["BowlingBash+1","PathToVictory"],"picked":"Blasphemy","floor":20.0},{"not_picked":["Consecrate+1","EmptyFist+1"],"picked":"SpiritShield","floor":24.0},{"not_picked":["Evaluate","SashWhip+1"],"picked":"ThirdEye","floor":25.0},{"not_picked":["BowlingBash+1","Evaluate"],"picked":"Scrawl","floor":28.0},{"not_picked":["CarveReality+1","Meditate"],"picked":"FearNoEvil+1","floor":29.0},{"not_picked":["Wireheading","CrushJoints+1"],"picked":"Pray","floor":30.0},{"not_picked":["FlurryOfBlows+1","JustLucky+1"],"picked":"TalkToTheHand+1","floor":31.0},{"not_picked":["ConjureBlade","Blasphemy"],"picked":"Vault","floor":33.0},{"not_picked":["Prostrate","Sanctity"],"picked":"MentalFortress","floor":35.0},{"not_picked":["PathToVictory+1","FollowUp+1"],"picked":"CrushJoints+1","floor":36.0},{"not_picked":["ForeignInfluence","Protect"],"picked":"Collect","floor":37.0},{"not_picked":["ClearTheMind","JustLucky+1"],"picked":"LikeWater","floor":38.0},{"not_picked":["PathToVictory","Collect"],"picked":"Conclude+1","floor":41.0},{"not_picked":["Protect","ThirdEye"],"picked":"Vengeance","floor":42.0},{"not_picked":["Prostrate","LikeWater+1"],"picked":"TalkToTheHand+1","floor":44.0},{"not_picked":["SignatureMove+1","Evaluate"],"picked":"EmptyBody","floor":54}],"player_experience":1496058,"relics_obtained":[{"floor":9.0,"key":"Bag of Preparation"},{"floor":13.0,"key":"Damaru"},{"floor":24.0,"key":"Happy Flower"},{"floor":26.0,"key":"Yang"},{"floor":28.0,"key":"Vajra"},{"floor":37.0,"key":"CloakClasp"},{"floor":41.0,"key":"StoneCalendar"},{"floor":42.0,"key":"Old Coin"},{"floor":44.0,"key":"Ginger"},{"floor":54,"key":"StrikeDummy"}],"event_choices":[{"damage_healed":0.0,"max_hp_gain":0.0,"max_hp_loss":0.0,"gold_gain":75.0,"event_name":"World of Goop","player_choice":"Gather Gold","floor":2.0,"gold_loss":0.0,"damage_taken":11.0},{"damage_healed":0.0,"max_hp_gain":0.0,"max_hp_loss":0.0,"gold_gain":0.0,"cards_transformed":["Strike_P"],"event_name":"Living Wall","player_choice":"Change","floor":11.0,"gold_loss":0.0,"damage_taken":0.0,"cards_obtained":["MasterReality"]},{"damage_healed":0.0,"max_hp_gain":0.0,"max_hp_loss":23.0,"gold_gain":0.0,"event_name":"Vampires","player_choice":"Became a vampire","floor":21.0,"gold_loss":0.0,"damage_taken":0.0,"cards_obtained":["Bite","Bite","Bite","Bite","Bite"]},{"damage_healed":0.0,"max_hp_gain":0.0,"max_hp_loss":0.0,"gold_gain":0.0,"event_name":"MindBloom","player_choice":"Fight","floor":37.0,"gold_loss":0.0,"damage_taken":0.0},{"damage_healed":0.0,"max_hp_gain":0.0,"max_hp_loss":3.0,"gold_gain":0.0,"event_name":"Winding Halls","player_choice":"Max HP","floor":39.0,"gold_loss":0.0,"damage_taken":0.0},{"damage_healed":0.0,"max_hp_gain":0.0,"max_hp_loss":0.0,"gold_gain":0.0,"event_name":"Mysterious Sphere","player_choice":"Fight","floor":42.0,"gold_loss":0.0,"damage_taken":0.0},{"damage_healed":0.0,"max_hp_gain":0.0,"max_hp_loss":0.0,"gold_gain":0.0,"event_name":"Tomb of Lord Red Mask","player_choice":"Ignored","floor":47.0,"gold_loss":0.0,"damage_taken":0.0},{"damage_healed":0.0,"max_hp_gain":0.0,"max_hp_loss":0.0,"gold_gain":0.0,"event_name":"Accursed Blacksmith","player_choice":"Forge","floor":48.0,"gold_loss":0.0,"damage_taken":0.0,"cards_upgraded":["Collect"]}],"is_beta":false,"boss_relics":[{"not_picked":["VioletLotus","SlaversCollar"],"picked":"Snecko Eye"},{"not_picked":["Cursed Key","Calling Bell"],"picked":"Coffee Dripper"}],"items_purged_floors":[22,45],"is_endless":false,"potions_floor_spawned":[4,5,12,20,28,29,30,33,41,42,54],"killed_by":"The Heart","ascension_level":17}}