{"host":"omio3a71jojnapwg","time":1613543580,"event":{"mods":["Act Like it!","BaseMod","BetterRewards","Colored Map","Colored Powertips","Hermit","Hubris","Infinite Spire","Mad Scientist","Magitek Elite","Minty Spire (QoL Compilation)","Railgun Mod","ReimuÅiîé??öÎÅj","Replay The Spire","Robot Space Explorer","Spikes Relics","StSLib","Td1madao Mod","The Alterego","The Gatherer","The Necromancer","The Runesmith","The Servant 0.9.4","TheBandit","TheVacant"],"gold_per_floor":[111,111,127,52,52,87,87,99,99,99,99,118,131,53,53,53,53],"floor_reached":16,"language":"ENG","playtime":582,"items_purged":["alterego_mod:Impale"],"score":100,"play_id":"fb7d2203-9995-4a30-9591-6bc87f3c8d85","local_time":"20210216223300","is_ascension_mode":false,"campfire_choices":[{"floor":7,"key":"REST"},{"data":"alterego_mod:Bounce","floor":11,"key":"SMITH"},{"floor":15,"key":"REST"}],"circlet_count":0,"master_deck":["alterego_mod:Bounce+1","alterego_mod:Strike","alterego_mod:Strike","alterego_mod:Strike","alterego_mod:Strike","alterego_mod:Defend","alterego_mod:Defend","alterego_mod:Defend","alterego_mod:Defend","alterego_mod:BigMeatyClaws","alterego_mod:BrynhildrsRune","alterego_mod:Smother+1","Sickly","alterego_mod:Cooking","alterego_mod:Mirror","alterego_mod:RingBreak","alterego_mod:Punishment","alterego_mod:SakuraFive"],"relics":["alterego_mod:MasochisticConstitution","ReplayTheSpireMod:Ring of Collecting","Gremlin Horn","hubris:DeckOfHolding","Ring of Fury","Iron Hammer"],"acts_visited":["Exordium"],"potions_floor_usage":[6,13],"damage_taken":[{"damage":13,"enemies":"Small Slimes","floor":1,"turns":5},{"damage":20,"enemies":"Jaw Worm","floor":3,"turns":5},{"damage":59,"enemies":"Gremlin Nob","floor":6,"turns":5},{"damage":14,"enemies":"Cultist","floor":8,"turns":5},{"damage":6,"enemies":"Looter","floor":12,"turns":2},{"damage":18,"enemies":"Exordium Thugs","floor":13,"turns":5},{"damage":44,"enemies":"The Guardian","floor":16,"turns":7}],"seed_played":"7096243697312761702","potions_obtained":[{"floor":3,"key":"Strength Potion"},{"floor":8,"key":"BlessingOfTheForge"},{"floor":12,"key":"Explosive Potion"}],"is_trial":false,"path_per_floor":["M","?","M","$","?","E","R","M","T","?","R","M","M","$","R","B"],"character_chosen":"The_Alterego","items_purchased":["alterego_mod:SakuraFive"],"campfire_rested":2,"item_purchase_floors":[14],"current_hp_per_floor":[71,71,59,59,59,4,25,22,22,22,22,17,17,17,39,0,0],"gold":53,"neow_bonus":"THREE_CARDS","is_daily":false,"chose_seed":false,"campfire_upgraded":1,"win_rate":0.0,"timestamp":1613543580,"path_taken":["M","?","M","$","?","E","R","?","T","?","R","M","M","$","R","BOSS"],"items_purchased_type":["Card"],"build_version":"2020-12-22","purchased_purges":1,"victory":false,"max_hp_per_floor":[71,71,72,72,72,73,73,74,74,74,74,75,76,76,76,76,76],"card_choices":[{"not_picked":["alterego_mod:Belts","alterego_mod:HighServant"],"picked":"alterego_mod:Smother","floor":0},{"not_picked":["alterego_mod:PerceptionDisorder","alterego_mod:Santa"],"picked":"alterego_mod:BiFurious","floor":1},{"not_picked":["alterego_mod:Skirt","alterego_mod:MagicResistance"],"picked":"alterego_mod:Cooking","floor":3},{"not_picked":["alterego_mod:Maid","alterego_mod:DeftHands","alterego_mod:TrashNCrash"],"picked":"SKIP","floor":6},{"not_picked":["alterego_mod:Smother","alterego_mod:Table"],"picked":"alterego_mod:Mirror","floor":8},{"not_picked":["alterego_mod:SakuraLabyrinth","alterego_mod:BoobPocket"],"picked":"alterego_mod:RingBreak","floor":12},{"not_picked":["alterego_mod:1TonWallop","alterego_mod:Maid"],"picked":"alterego_mod:Punishment","floor":13}],"player_experience":277758,"relics_obtained":[{"floor":2,"key":"ReplayTheSpireMod:Ring of Collecting"},{"floor":6,"key":"hubris:DeckOfHolding"},{"floor":9,"key":"Ring of Fury"},{"floor":9,"key":"Iron Hammer"}],"event_choices":[{"cards_removed":["alterego_mod:BiFurious"],"damage_healed":0,"gold_gain":0,"player_choice":"Gave Card","damage_taken":0,"relics_obtained":["Gremlin Horn"],"max_hp_gain":0,"max_hp_loss":0,"event_name":"WeMeetAgain","floor":5,"gold_loss":0}],"is_beta":false,"boss_relics":[],"items_purged_floors":[4],"is_endless":false,"potions_floor_spawned":[3,8,12],"killed_by":"The Guardian","ascension_level":0}}