{"host":"acw864156wjp8gcv","time":1613535235,"event":{"mods":["2.2 Compatiblity","AchievementEnabler","Ascension Reborn","Aspiration","BaseMod","Beaked The Cultist","Better Altar","Better Match","Better Note","Better Sensory Stone","Better Silent Start","Better Skull","Better Third Choice","Better Vampires","BetterRewards","Challenge The Spire","Colored Map","Colored Powertips","Conspire","Curses Come First","Downfall","Energized Spire","GifTheSpireLib","Halation","Hubris","Infinite Spire","Ironclad Rager","Jedi Mod","Mimic Mod","Minty Spire (QoL Compilation)","Permanent Neow","Relic Sorter","Replay The Spire","Robot Space Explorer","Shop Mod","Spicy Shops","Spikes Relics","StSLib","Stuff the Spire","The Blue Laboratory","The Construct","The Jungle","The Marked","Wandering Minibosses","everything is the same but u backflip on backflip"],"gold_per_floor":[115,128,230,254,254,302,302,422,422,446,469,589,606,623,623,747,747,763,782,782,802,814,814,944,961,997,402,422,67,197,215,215,339,339,355,371,371,371,371,520,543,565,565,565,714,714,714,473,473,473,473,473,3,128,128],"floor_reached":56,"language":"ENG","playtime":2326,"items_purged":["Defend_G+1","Defend_G+1","Strike_G+1","Defend_G+1","Defend_G+1","Footwork+1"],"score":500,"play_id":"47d9ff4d-8668-41f3-8106-68e3f44818c5","local_time":"20210216221355","is_ascension_mode":true,"campfire_choices":[{"data":"Prepared","floor":5,"key":"SMITH"},{"data":"StuffTheSpire:Fury","floor":7,"key":"SMITH"},{"data":"Blade Dance","floor":15,"key":"SMITH"},{"data":"Slice","floor":23,"key":"SMITH"},{"data":"ReplayTheSpireMod:Scrap Shanks","floor":32,"key":"SMITH"},{"data":"ReplayTheSpireMod:Scrap Shanks","floor":37,"key":"SMITH"},{"data":"ReplayTheSpireMod:Scrap Shanks","floor":44,"key":"SMITH"},{"data":"Hidden Blade","floor":46,"key":"SMITH"},{"floor":49,"key":"RECALL"},{"data":"Pot Of Greed","floor":52,"key":"SMITH"},{"data":"Pot Of Greed","floor":52,"key":"SMITH"}],"circlet_count":0,"master_deck":["Strike_G+1","Strike_G+1","Strike_G+1","Survivor+1","Neutralize+1","Prepared+1","StuffTheSpire:Fury+1","Outmaneuver+1","Finesse","Slice+1","Hidden Blade+1","Slice+1","Blade Dance+1","Quick Slash","Expertise+1","Masterful Stab+1","Masterful Stab","Finisher+1","ReplayTheSpireMod:Scrap Shanks+1","Accuracy+1","ReplayTheSpireMod:Scrap Shanks+1","ReplayTheSpireMod:Scrap Shanks+1","Slice","Backstab+1","Pot Of Greed+1","Pot Of Greed+1","Pot Of Greed","Finesse"],"relics":["Ring of the Snake","halation:Toothbrush","jedi:arcanewood","StuffTheSpire:TintedRock","StuffTheSpire:GrapeVine","HornCleat","Replay:Wax Seal","Onion Ring","Paper Crane","Pet Ghost","Pondfish Scales","aspiration:PoetsPen_weak","Replay:Bottled Steam","Replay:WaspNest","wanderingMiniBosses:AbyssPearl","Bottled Lightning","StuffTheSpire:Tea","Orichalcum","SpikesRelics:DaevaFist","Juzu Bracelet","Gremlin Horn","SuspiciousGoo","conspire:RunicOctahedron","hubris:CrystalStatue","Frozen Egg 2","Nunchaku","aspiration:Lifesprig","Centennial Puzzle","jedi:angrymask","infinitespire:CheckeredPen","hubris:Towel","BargainBundle","Grinning Jar","halation:PenCase","hubris:AncientText","CherryCoatedStake","Replay:Baseball","ReplayTheSpireMod:TigerMarble","infinitespire:Lucky Rock"],"acts_visited":["Exordium","TheCity","TheBeyond","TheEnding"],"potions_floor_usage":[21],"damage_taken":[{"damage":4,"enemies":"infinitespire:Voidling","floor":1,"turns":3},{"damage":0,"enemies":"Jaw Worm","floor":2,"turns":2},{"damage":0,"enemies":"Small Slimes","floor":4,"turns":2},{"damage":2,"enemies":"Exordium Wildlife","floor":6,"turns":5},{"damage":0,"enemies":"3 Sentries","floor":8,"turns":5},{"damage":0,"enemies":"Exordium Wildlife","floor":10,"turns":2},{"damage":0,"enemies":"Exordium Thugs","floor":11,"turns":2},{"damage":0,"enemies":"Gremlin Nob","floor":12,"turns":2},{"damage":0,"enemies":"3 Louse","floor":13,"turns":1},{"damage":0,"enemies":"Blue Slaver","floor":14,"turns":1},{"damage":0,"enemies":"Fading Forest","floor":16,"turns":10},{"damage":0,"enemies":"3 Byrds","floor":18,"turns":2},{"damage":0,"enemies":"Chosen","floor":19,"turns":2},{"damage":0,"enemies":"conspire:HollyBat","floor":21,"turns":3},{"damage":0,"enemies":"Snake Plant","floor":22,"turns":2},{"damage":0,"enemies":"Book of Stabbing","floor":24,"turns":2},{"damage":0,"enemies":"Centurion and Healer","floor":25,"turns":2},{"damage":6,"enemies":"Shelled Parasite and Fungi","floor":26,"turns":5},{"damage":0,"enemies":"Shelled Parasite and Fungi","floor":28,"turns":2},{"damage":0,"enemies":"Nightmare","floor":30,"turns":5},{"damage":0,"enemies":"Snecko","floor":31,"turns":1},{"damage":0,"enemies":"Champ","floor":33,"turns":2},{"damage":0,"enemies":"3 Shapes","floor":35,"turns":1},{"damage":0,"enemies":"3 Darklings","floor":36,"turns":1},{"damage":0,"enemies":"Nemesis","floor":40,"turns":1},{"damage":0,"enemies":"Spire Growth","floor":41,"turns":1},{"damage":0,"enemies":"Transient","floor":42,"turns":1},{"damage":0,"enemies":"Nightmare","floor":45,"turns":1},{"damage":0,"enemies":"conspire:OrnateMirror","floor":50,"turns":1},{"damage":0,"enemies":"Shield and Spear","floor":54,"turns":1},{"damage":17,"enemies":"The Heart","floor":55,"turns":3}],"seed_played":"7379140915567951057","potions_obtained":[{"floor":1,"key":"Adrenaline Potion"},{"floor":1,"key":"construct:ShiftPotion"},{"floor":2,"key":"EssenceOfSteel"},{"floor":8,"key":"FairyPotion"},{"floor":11,"key":"blueLaboratory:ImpenetrablePotion"},{"floor":21,"key":"Fruit Juice"},{"floor":22,"key":"SkillPotion"},{"floor":22,"key":"FearPotion"}],"is_trial":false,"path_per_floor":["M","M","$","M","R","MIM","R","E","T","M","M","E","M","M","R","B",null,"M","M","?","M","M","R","E","M","MIM","$","M","$","NM","M","R","B",null,"M","M","R","?","T","E","M","M","T","R","NM","R","?","$","R","B",null,"R","$","E","B",null],"character_chosen":"THE_SILENT","items_purchased":["Outmaneuver+1","StuffTheSpire:TintedRock","StuffTheSpire:GrapeVine","Footwork","Finesse","Slice","Bottled Lightning","Finisher+1","StuffTheSpire:Tea","Orichalcum","ReplayTheSpireMod:Scrap Shanks","ReplayTheSpireMod:Scrap Shanks","SpikesRelics:DaevaFist","Juzu Bracelet","BargainBundle","Grinning Jar","halation:PenCase","hubris:AncientText","CherryCoatedStake","Replay:Baseball","ReplayTheSpireMod:TigerMarble","Finesse"],"campfire_rested":0,"item_purchase_floors":[3,3,3,3,3,3,27,27,27,27,27,29,29,29,48,48,48,48,48,53,53,53],"current_hp_per_floor":[81,81,84,84,84,82,82,82,82,82,82,82,82,82,82,88,88,88,88,88,93,93,93,93,93,87,91,91,95,95,95,95,101,103,106,109,109,109,109,112,115,118,118,118,121,121,121,127,127,134,134,134,137,140,129],"gold":128,"neow_bonus":"TEN_PERCENT_HP_BONUS","is_daily":false,"chose_seed":false,"campfire_upgraded":10,"win_rate":0.0,"timestamp":1613535235,"path_taken":["M","M","$","M","?","?","R","E","T","M","M","E","?","M","R","BOSS","M","?","?","M","?","R","E","M","MIM","?","M","$","NM","M","R","BOSS","M","M","?","?","?","E","M","M","T","R","NM","R","?","$","R","BOSS","R","$","E","BOSS"],"items_purchased_type":["Card","Relic","Relic","Card","Card","Card","Relic","Card","Relic","Relic","Card","Card","Relic","Relic","Relic","Relic","Relic","Relic","Relic","Relic","Relic","Card"],"build_version":"2020-12-22","purchased_purges":6,"victory":true,"max_hp_per_floor":[81,81,84,84,84,84,84,84,84,84,84,84,84,84,84,88,88,88,88,88,93,93,93,93,93,93,96,96,99,99,99,99,103,103,106,109,109,109,109,112,115,118,118,118,121,121,121,127,127,134,134,134,137,140,144],"card_choices":[{"not_picked":["Sneak Up","Terror"],"picked":"Prepared","floor":1},{"not_picked":["All Out Attack","Venomology"],"picked":"StuffTheSpire:Fury","floor":2},{"not_picked":["All Out Attack","ShadowRift","Slice"],"picked":"SKIP","floor":4},{"not_picked":["InfectiousVector","Outmaneuver"],"picked":"Hidden Blade","floor":8},{"not_picked":["Finisher","StuffTheSpire:Python"],"picked":"Slice+1","floor":8},{"not_picked":["Poisoned Stab+1","Prepared+1"],"picked":"Blade Dance","floor":10},{"not_picked":["Outmaneuver","Grand Finale","StuffTheSpire:Python"],"picked":"SKIP","floor":11},{"not_picked":["Noxious Fumes+1","Malaise"],"picked":"Quick Slash","floor":12},{"not_picked":["Escape Plan","Flying Knee"],"picked":"Expertise+1","floor":12},{"not_picked":["Cloak And Dagger","Dodge and Roll+1"],"picked":"Masterful Stab+1","floor":13},{"not_picked":["hubris:SlightOfHand","Caltrops+1","jedi:pocketpoison"],"picked":"SKIP","floor":14},{"not_picked":["Cloak And Dagger","jedi:pocketpoison","Bane"],"picked":"SKIP","floor":18},{"not_picked":["Flying Knee","Predator+1","Flechettes"],"picked":"SKIP","floor":19},{"not_picked":["Predator","Infinite Blades","StuffTheSpire:BumpUp+1"],"picked":"SKIP","floor":21},{"not_picked":["StuffTheSpire:ClusterCrunch","hubris:Counter","Dash+1"],"picked":"SKIP","floor":22},{"not_picked":["Underhanded Strike+1","Acrobatics"],"picked":"Masterful Stab","floor":24},{"not_picked":["Riddle With Holes","Cloak And Dagger","Terror"],"picked":"SKIP","floor":25},{"not_picked":["jedi:poisonivy","Heel Hook+1"],"picked":"Accuracy+1","floor":28},{"not_picked":["InfectiousVector+1","Prepared","Hidden Blade"],"picked":"SKIP","floor":30},{"not_picked":["Flechettes+1","Atom Bomb"],"picked":"Slice","floor":31},{"not_picked":["Pace+1","Underhanded Strike+1","Cloak And Dagger+1"],"picked":"SKIP","floor":35},{"not_picked":["Pace+1","Underhanded Strike+1","Cloak And Dagger+1"],"picked":"SKIP","floor":35},{"not_picked":["StuffTheSpire:ClusterCrunch+1","StuffTheSpire:Python+1","Riddle With Holes"],"picked":"SKIP","floor":36},{"not_picked":["Quick Slash+1","Hidden Blade+1"],"picked":"Backstab+1","floor":40},{"not_picked":["Flying Knee+1","Prepared+1","Acrobatics+1"],"picked":"SKIP","floor":41},{"not_picked":["Quick Slash+1","Sneak Up+1","jedi:pocketpoison"],"picked":"SKIP","floor":42},{"not_picked":["Dagger Throw+1","Die Die Die","Flying Knee"],"picked":"SKIP","floor":45},{"not_picked":["hubris:Counter","StuffTheSpire:Shiver","Burst"],"picked":"SKIP","floor":54}],"player_experience":163129,"relics_obtained":[{"floor":1,"key":"halation:Toothbrush"},{"floor":2,"key":"jedi:arcanewood"},{"floor":4,"key":"HornCleat"},{"floor":6,"key":"Replay:Wax Seal"},{"floor":8,"key":"Onion Ring"},{"floor":9,"key":"Paper Crane"},{"floor":12,"key":"Pet Ghost"},{"floor":16,"key":"Pondfish Scales"},{"floor":24,"key":"Replay:Bottled Steam"},{"floor":26,"key":"Replay:WaspNest"},{"floor":26,"key":"wanderingMiniBosses:AbyssPearl"},{"floor":30,"key":"Gremlin Horn"},{"floor":33,"key":"SuspiciousGoo"},{"floor":39,"key":"hubris:CrystalStatue"},{"floor":39,"key":"Frozen Egg 2"},{"floor":40,"key":"Nunchaku"},{"floor":41,"key":"aspiration:Lifesprig"},{"floor":43,"key":"Centennial Puzzle"},{"floor":43,"key":"jedi:angrymask"},{"floor":45,"key":"infinitespire:CheckeredPen"},{"floor":54,"key":"infinitespire:Lucky Rock"}],"event_choices":[{"damage_healed":0,"gold_gain":0,"player_choice":"Upgraded","damage_taken":0,"max_hp_gain":0,"max_hp_loss":0,"event_name":"Upgrade Shrine","floor":20,"gold_loss":0,"cards_upgraded":["Footwork"]}],"is_beta":false,"boss_relics":[{"not_picked":["Runic Dome","hubris:BlackHole"],"picked":"aspiration:PoetsPen_weak"},{"not_picked":["ReplayTheSpireMod:SealedPack","energizedSpire:PogoStick"],"picked":"conspire:RunicOctahedron"}],"items_purged_floors":[3,27,29,48,48,53],"is_endless":false,"potions_floor_spawned":[1,8,10,11,14,21,22,28,31,33,36,40,45],"ascension_level":-20}}