{"host":"glqsg3p5q4u9u1ra","time":1613562740,"event":{"mods":["Act Like it!","Arknights","BaseMod","Better Third Choice","BetterRewards","Colored Map","Downfall","Friendly Minions","GifTheSpireLib","Hallownest","Highlight Path","Infinite Spire","Lobotomy","LobotomyExtend","Mimic Mod","Minty Spire (QoL Compilation)","Pale of the Ancients","Reliquary","Replay The Spire","Ruina","Spicy Shops","Spire Birthday Party","StSLib","The Blackbeard","The Blue Laboratory","The Bug Knight","The Exalted","The Servant 0.9.4","Wandering Minibosses"],"gold_per_floor":[111,121,19,19,35,35,65,82,82,96,125,161,176,191,191,296,296,313,313,9,21,21,21,70,70,152,152,165,200,242,242,242,242,242],"floor_reached":33,"language":"ENG","playtime":1150,"items_purged":["Parasite","Bromod:Stormbringer"],"score":467,"play_id":"5faee0c6-f0a0-45d6-949f-bf7f7535dbf7","local_time":"20210217035220","is_ascension_mode":true,"campfire_choices":[{"data":"Bromod:SteelFiber","floor":6,"key":"SMITH"},{"data":"Bromod:NoReturn","floor":15,"key":"SMITH"},{"data":"infinitespire:Collect","floor":25,"key":"SMITH"},{"data":"Bromod:RadialJavelin","floor":27,"key":"SMITH"},{"data":"ruina:Nihil","floor":32,"key":"SMITH"}],"circlet_count":0,"master_deck":["Bromod:Defend_Bro","Bromod:Defend_Bro","Bromod:Defend_Bro","Bromod:Defend_Bro","Bromod:SlashDash","Bromod:SlashDash","Bromod:SlashDash","Bromod:SteelFiber","Bromod:SteelFiber+1","Bromod:PointStrike","Bromod:SteelFiber+1","Bromod:SlashDash","Bromod:Reflection","Bromod:Vitality","Bromod:RadialJavelin+1","Bromod:Provoked","Bromod:BulletJump","Bromod:NoReturn+1","Bromod:ToxicBarrage+1","Bromod:ToxicBarrage+1","ruina:Nihil+1","Bromod:OrganShatter+1","Bromod:BodyCount+1","Bromod:QuickDraw+1","Bromod:FastHands+1","infinitespire:Collect+1","Bromod:SteelFiber"],"relics":["Bromod:Ordis","Bromod:AscarisDevice","LetterFromLob","Meat on the Bone","Letter Opener","reliquary:KinkedSpring","Lee\u0027s Waffle","Astrolabe","infinitespire:Broken Mirror","Bromod:ArcaneVictory","Pear"],"acts_visited":["Exordium","Exordium"],"potions_floor_usage":[7,7,10,11,16,29,33,33],"damage_taken":[{"damage":10,"enemies":"Cultist","floor":1,"turns":4},{"damage":7,"enemies":"Jaw Worm","floor":2,"turns":3},{"damage":6,"enemies":"2 Louse","floor":5,"turns":2},{"damage":15,"enemies":"Gremlin Nob","floor":7,"turns":5},{"damage":11,"enemies":"2 Fungi Beasts","floor":8,"turns":5},{"damage":2,"enemies":"Looter","floor":10,"turns":4},{"damage":1,"enemies":"Lagavulin","floor":11,"turns":6},{"damage":23,"enemies":"Large Slime","floor":12,"turns":7},{"damage":0,"enemies":"2 Fungi Beasts","floor":13,"turns":1},{"damage":16,"enemies":"Exordium Thugs","floor":14,"turns":6},{"damage":17,"enemies":"Hexaghost","floor":16,"turns":11},{"damage":12,"enemies":"ruina:3_Bats","floor":18,"turns":2},{"damage":13,"enemies":"ruina:Nosferatu","floor":21,"turns":6},{"damage":11,"enemies":"ruina:QueenOfHate","floor":24,"turns":5},{"damage":8,"enemies":"ruina:KingOfGreed","floor":28,"turns":3},{"damage":0,"enemies":"ruina:ServantOfWrath","floor":29,"turns":3},{"damage":0,"enemies":"ruina:3_Scarecrows","floor":30,"turns":4},{"damage":14,"enemies":"ruina:JesterOfNihil","floor":33,"turns":7}],"seed_played":"7164381465644009331","potions_obtained":[{"floor":1,"key":"blueLaboratory:ArtificerPotion"},{"floor":2,"key":"BlessingOfTheForge"},{"floor":8,"key":"blueLaboratory:FruitPunch"},{"floor":10,"key":"PowerPotion"},{"floor":11,"key":"blueLaboratory:ImpenetrablePotion"},{"floor":14,"key":"Strength Potion"},{"floor":28,"key":"blueLaboratory:CorrosionFlask"},{"floor":30,"key":"blueLaboratory:HeartbeatPotion"}],"is_trial":false,"path_per_floor":["M","M","$","?","M","R","E","M","T","M","E","M","M","M","R","B",null,"M","?","$","M","AVR","E","M","R","T","R","M","E","M","?","R","B"],"character_chosen":"THE_EXALTED","items_purchased":["Bromod:SteelFiber","Bromod:SlashDash","ruina:Nihil","Lee\u0027s Waffle"],"campfire_rested":0,"item_purchase_floors":[3,3,20,20],"current_hp_per_floor":[58,51,51,51,45,45,30,31,31,43,42,31,43,39,39,34,66,54,31,81,68,68,68,57,57,57,57,52,65,68,68,68,56,56],"gold":242,"neow_bonus":"THREE_CARDS","is_daily":false,"chose_seed":false,"campfire_upgraded":5,"win_rate":0.0,"timestamp":1613562740,"path_taken":["M","M","$","?","M","R","E","M","T","?","E","M","M","M","R","BOSS","M","?","$","M","AVR","E","M","R","T","R","M","E","?","?","R","BOSS"],"items_purchased_type":["Card","Card","Card","Relic"],"build_version":"2020-12-22","purchased_purges":2,"victory":false,"max_hp_per_floor":[75,75,75,75,75,75,75,75,75,77,77,77,77,77,77,77,77,77,77,81,81,81,81,81,81,81,81,81,91,91,91,91,91,91],"card_choices":[{"not_picked":["Bromod:SlashDash","Bromod:Vitality"],"picked":"Bromod:SteelFiber","floor":0},{"not_picked":["Bromod:Redirection","Bromod:Fury"],"picked":"Bromod:SteelFiber","floor":1},{"not_picked":["Bromod:Foundry","Bromod:SeismicWave"],"picked":"Bromod:PointStrike","floor":2},{"not_picked":["Bromod:PointStrike","Bromod:ShatteringImpact"],"picked":"Bromod:Reflection","floor":5},{"not_picked":["Bromod:PointStrike","Bromod:RelentlessCombination"],"picked":"Bromod:Vitality","floor":7},{"not_picked":["Bromod:SteelFiber","Bromod:PressurePoint"],"picked":"Bromod:RadialJavelin","floor":8},{"not_picked":["Bromod:RelentlessCombination","Bromod:FastHands"],"picked":"Bromod:Provoked","floor":10},{"not_picked":["Bromod:OrganShatter","Bromod:Foundry"],"picked":"Bromod:Stormbringer","floor":11},{"not_picked":["Bromod:ReflexCoil","Bromod:SlipMagazine"],"picked":"Bromod:BulletJump","floor":12},{"not_picked":["Bromod:SlipMagazine","Bromod:QuickDraw","Bromod:ShatteringImpact"],"picked":"SKIP","floor":13},{"not_picked":["Bromod:Foundry","Bromod:Redirection"],"picked":"Bromod:NoReturn","floor":14},{"not_picked":["Bromod:FashionFrame","Bromod:VoltaicStrike"],"picked":"Bromod:ToxicBarrage","floor":16},{"not_picked":["Bromod:QuickDraw","Bromod:PressurePoint","Bromod:BodyCount"],"picked":"SKIP","floor":18},{"not_picked":["Bromod:Provoked+1","Bromod:Foundry+1"],"picked":"Bromod:OrganShatter+1","floor":21},{"not_picked":["Bromod:SeismicWave","Bromod:QuickDraw","Bromod:FinishingTouch"],"picked":"SKIP","floor":24},{"not_picked":["Bromod:FastHands","Bromod:Reflection","Bromod:ShatteringImpact"],"picked":"SKIP","floor":28},{"not_picked":["Bromod:Reflection","Bromod:KillingBlow+1","Bromod:ConditionOverload"],"picked":"SKIP","floor":29},{"not_picked":["Bromod:BriefRespite","Bromod:QuickDraw"],"picked":"Bromod:SteelFiber","floor":30}],"player_experience":1232059,"relics_obtained":[{"floor":1,"key":"LetterFromLob"},{"floor":7,"key":"Meat on the Bone"},{"floor":11,"key":"Letter Opener"},{"floor":26,"key":"Bromod:ArcaneVictory"},{"floor":29,"key":"Pear"}],"event_choices":[{"damage_healed":0,"gold_gain":0,"player_choice":"Forge","damage_taken":0,"max_hp_gain":0,"max_hp_loss":0,"event_name":"Accursed Blacksmith","floor":4,"gold_loss":0,"cards_upgraded":["Bromod:SteelFiber"]}],"is_beta":false,"boss_relics":[{"not_picked":["Abe\u0027s Treasure","Black Star"],"picked":"reliquary:KinkedSpring"}],"items_purged_floors":[20,22],"is_endless":false,"potions_floor_spawned":[1,2,8,10,11,14,28,30],"killed_by":"ruina:JesterOfNihil","ascension_level":6}}