{"host":"3z9xbwjeimmg738z","time":1613542187,"event":{"mods":["100% Spire Juice","2.2 Compatiblity","Act Like it!","AlwaysNeverKeys","Bard","BaseMod","Beaked The Cultist","Better Altar","Better Match","Better Note","Better Sensory Stone","Better Skull","Better Synergies","Better Third Choice","Bossed Relics","CapriCore","Colored Powertips","Defuse TimeMaze Blight","Dio Mod","Displayed Cursed Tome","Faster Ascension Climbing","GifTheSpireLib","Minty Spire (QoL Compilation)","Pale of the Ancients","Permanent Neow","Replay The Spire","Ruina","Shapeshifter Mod","Smile Girya","StSLib","The Dragonkin","The Showman","TheBandit","TheSurvivalist","Uncapped"],"gold_per_floor":[110,127,127,52,62,62,72,83,83,109,109,134,7,7,7,102,102,102,102],"floor_reached":18,"language":"ENG","playtime":1015,"items_purged":["theDragonkin:Defend"],"score":170,"play_id":"466612a1-96cf-40df-89a1-078043e13107","local_time":"20210216220947","is_ascension_mode":false,"campfire_choices":[{"data":"theDragonkin:HammerOfWrath","floor":6,"key":"SMITH"},{"data":"theDragonkin:DivineBreath","floor":11,"key":"SMITH"}],"circlet_count":0,"master_deck":["theDragonkin:Strike","theDragonkin:Strike+1","theDragonkin:Strike","theDragonkin:Strike","theDragonkin:Defend","theDragonkin:Defend","theDragonkin:Defend","theDragonkin:HolySmite","theDragonkin:BlazingBreath","theDragonkin:PrismaticBreath+1","theDragonkin:HammerOfWrath+1","theDragonkin:ShieldGlare","theDragonkin:SandBreath","theDragonkin:DivineBreath+1","theDragonkin:ControlledBreath","theDragonkin:HolyShock+1","theDragonkin:LightArmor+1","theDragonkin:Subdue","Regret","Clumsy","Overencumbered"],"relics":["theDragonkin:GarnetScale","Replay:Multitool","InkBottle","Turnip","ReplayTheSpireMod:TigerMarble","Replay:Ancient Bell","Happy Flower","Blue Candle","Calipers","Frozen Eye"],"acts_visited":["Exordium","ruina:Briah"],"potions_floor_usage":[16],"damage_taken":[{"damage":2,"enemies":"Cultist","floor":1,"turns":4},{"damage":2,"enemies":"2 Louse","floor":2,"turns":4},{"damage":0,"enemies":"Jaw Worm","floor":5,"turns":4},{"damage":9,"enemies":"2 Fungi Beasts","floor":7,"turns":3},{"damage":8,"enemies":"Large Slime","floor":8,"turns":7},{"damage":15,"enemies":"3 Sentries","floor":10,"turns":10},{"damage":7,"enemies":"Lagavulin","floor":12,"turns":6},{"damage":15,"enemies":"The Guardian","floor":16,"turns":11},{"damage":0,"enemies":"ruina:2_Scarecrows","floor":18,"turns":1}],"seed_played":"4700737493762450042","potions_obtained":[{"floor":2,"key":"Adrenaline Potion"},{"floor":5,"key":"GamblersBrew"},{"floor":16,"key":"Milkshake"}],"is_trial":false,"path_per_floor":["M","M","?","$","M","R","M","M","T","E","R","E","$","?","R","B",null,"M"],"character_chosen":"THE_DRAGONKIN","items_purchased":["theDragonkin:HammerOfWrath","theDragonkin:LightArmor+1"],"campfire_rested":0,"item_purchase_floors":[4,13],"current_hp_per_floor":[91,89,70,70,70,70,61,53,53,38,38,31,31,24,51,36,93,93,93],"gold":102,"neow_bonus":"TEN_PERCENT_HP_BONUS","is_daily":false,"chose_seed":false,"campfire_upgraded":2,"win_rate":0.0,"timestamp":1613542187,"path_taken":["M","?","?","$","M","R","M","M","T","E","R","E","$","?","R","BOSS","M"],"items_purchased_type":["Card","Card"],"build_version":"2020-12-22","purchased_purges":1,"victory":false,"max_hp_per_floor":[93,93,93,93,93,93,93,93,93,93,93,93,93,93,93,93,93,93,93],"card_choices":[{"not_picked":["theDragonkin:CorrosiveBelch","theDragonkin:Ravage","theDragonkin:HolyShock"],"picked":"SKIP","floor":1},{"not_picked":["theDragonkin:FlameClaw","theDragonkin:AcidBreath"],"picked":"theDragonkin:PrismaticBreath","floor":2},{"not_picked":["theDragonkin:FlameWard","theDragonkin:DivineJolt"],"picked":"theDragonkin:ShieldGlare","floor":5},{"not_picked":["theDragonkin:BurningRage","theDragonkin:EmberSwipe"],"picked":"theDragonkin:SandBreath","floor":7},{"not_picked":["theDragonkin:MirrorBreath","theDragonkin:EmberSwipe"],"picked":"theDragonkin:DivineBreath","floor":8},{"not_picked":["theDragonkin:MagmaScales","theDragonkin:MiasmicBreath"],"picked":"theDragonkin:ControlledBreath","floor":10},{"not_picked":["theDragonkin:TwinBreath","theDragonkin:MiasmicBreath"],"picked":"theDragonkin:HolyShock","floor":12},{"not_picked":["theDragonkin:InfernoWard","theDragonkin:Detox"],"picked":"theDragonkin:Subdue","floor":16},{"not_picked":["Pain","ReplayTheSpireMod:Doomed"],"picked":"Regret","floor":17},{"not_picked":["ReplayTheSpireMod:Compounding Headache","Overencumbered"],"picked":"Clumsy","floor":17},{"not_picked":["ReplayTheSpireMod:Restless Dread","CurseOfTheBell"],"picked":"Overencumbered","floor":17}],"player_experience":193678,"relics_obtained":[{"floor":9,"key":"Replay:Multitool"},{"floor":10,"key":"InkBottle"},{"floor":12,"key":"Turnip"}],"event_choices":[{"damage_healed":89,"gold_gain":0,"player_choice":"Upgrade","damage_taken":19,"max_hp_gain":0,"max_hp_loss":93,"event_name":"betterThird:BetterShining","floor":3,"gold_loss":0,"cards_upgraded":["theDragonkin:Strike","theDragonkin:PrismaticBreath"]},{"damage_healed":0,"gold_gain":0,"player_choice":"Relic ","damage_taken":7,"max_hp_gain":0,"max_hp_loss":0,"event_name":"betterThird:BetterScrap","floor":14,"gold_loss":0,"cards_obtained":["Setup"]}],"is_beta":false,"boss_relics":[{"not_picked":["Ectoplasm","Ring of Chaos"],"picked":"Replay:Ancient Bell"},{"not_picked":["Bag of Preparation","Juzu Bracelet"],"picked":"Happy Flower"},{"not_picked":["HornCleat","Kunai"],"picked":"Blue Candle"},{"not_picked":["Peace Pipe","Counterbalance"],"picked":"Calipers"}],"items_purged_floors":[13],"is_endless":false,"potions_floor_spawned":[2,5,16],"killed_by":"ruina:2_Scarecrows","ascension_level":0}}