{"host":"k2mw1od0xoi9pcfj","time":1613594997,"event":{"mods":["AchievementEnabler","Act Like it!","Aspiration","BaseMod","Beaked The Cultist","Card Forge","Downfall","Energized Spire","Highlight Path","Minty Spire (QoL Compilation)","Permanent Neow","Quick Restart","Relic Stats","Reliquary","Replay The Spire","Retaliation","StSLib"],"gold_per_floor":[199,218,218,231,141,168,168,104,29,29,45,65,15,43,55,151,151,101,113,132,132,149,424,424,74,84,34,45,45,63,82,102,199,199,149,169,314,330,430,461,461,144,144,94,147,157,107,107,122,122,122,122],"floor_reached":50,"language":"ENG","playtime":3673,"items_purged":["Pain","Regret"],"score":549,"play_id":"39bda931-1403-4cfa-94f8-15eaa22f5c4c","local_time":"20210217144957","is_ascension_mode":false,"campfire_choices":[{"floor":1,"key":"RECALL"},{"data":"Slimebound:Split","floor":10,"key":"SMITH"},{"data":"Slimebound:CorrosiveSpit","floor":13,"key":"SMITH"},{"data":"Slimebound:OozeBath","floor":18,"key":"SMITH"},{"data":"Slimebound:Nibble","floor":25,"key":"SMITH"},{"data":"RitualDagger","floor":27,"key":"SMITH"},{"data":"Slimebound:RainOfGoop","floor":29,"key":"SMITH"},{"data":"Slimebound:DuplicatedForm","floor":35,"key":"SMITH"},{"data":"Slimebound:MassRepurpose","floor":44,"key":"SMITH"},{"data":"Secret Weapon","floor":47,"key":"SMITH"}],"circlet_count":0,"master_deck":["Slimebound:Strike_Slimebound","Slimebound:Strike_Slimebound","Slimebound:Strike_Slimebound","Slimebound:Tackle","Slimebound:Defend_Slimebound","Slimebound:Defend_Slimebound","Slimebound:Defend_Slimebound","Slimebound:Defend_Slimebound","Slimebound:Split+1","Slimebound:CorrosiveSpit+1","Slimebound:Schlurp","Slimebound:Schlurp","Slimebound:TongueLash","Slimebound:LivingWall+1","Slimebound:SplitLeeching","Slimebound:SplitAcid+1","Slimebound:LeechLife","Slimebound:RainOfGoop+1","Slimebound:OozeBath+1","Slimebound:LeadByExample+1","Slimebound:Nibble+1","RitualDagger+1","Slimebound:SplitMire+1","Slimebound:Schlurp","Slimebound:SplitLeeching","Slimebound:LeadByExample","Slimebound:SplitMire","Slimebound:DuplicatedForm+1","Slimebound:Repurpose+1","expansioncontent:GuardianWhirl","Slimebound:SplitLeeching","Slimebound:Repurpose+1","Slimebound:MassRepurpose+1","Secret Weapon+1","Slimebound:LivingWall+1","Slimebound:SplitSpecialist"],"relics":["Slimebound:AbsorbEndCombatUpgraded","Hammer of Thor","Seething Fire","Anvil of the Gods","WarpedTongs","Eternal Feather","Slimebound:GreedOozeRelic","ReplayTheSpireMod:Lightbulb","Replay:Grab Bag","reliquary:RedCape","ChewingGum","reliquary:TuningFork","downfall:HeartBlessingRed","downfall:HeartBlessingGreen","downfall:HeartBlessingBlue","Coffee Dripper","Toy Ornithopter","Gremlin Food","aspiration:HummingbirdHeart","War Paint","Bag of Marbles","Replay:Baseball"],"acts_visited":["Exordium","TheCity","TheBeyond"],"potions_floor_usage":[14,22],"damage_taken":[{"damage":0,"enemies":"2 Louse","floor":2,"turns":3},{"damage":6,"enemies":"Cultist","floor":4,"turns":3},{"damage":16,"enemies":"downfall:FleeingMerchant","floor":5,"turns":4},{"damage":12,"enemies":"downfall:FleeingMerchant","floor":8,"turns":4},{"damage":0,"enemies":"Jaw Worm","floor":11,"turns":3},{"damage":0,"enemies":"Blue Slaver","floor":12,"turns":5},{"damage":1,"enemies":"3 Sentries","floor":14,"turns":6},{"damage":0,"enemies":"2 Fungi Beasts","floor":15,"turns":3},{"damage":12,"enemies":"WA_ARCHETYPE_RETAIN","floor":16,"turns":10},{"damage":2,"enemies":"3 Byrds","floor":19,"turns":4},{"damage":0,"enemies":"Shell Parasite","floor":20,"turns":4},{"damage":14,"enemies":"Snake Plant","floor":22,"turns":3},{"damage":14,"enemies":"Snecko","floor":26,"turns":4},{"damage":3,"enemies":"3 Cultists","floor":28,"turns":3},{"damage":17,"enemies":"Snake Plant","floor":30,"turns":4},{"damage":4,"enemies":"Snecko","floor":31,"turns":4},{"damage":10,"enemies":"3 Cultists","floor":32,"turns":6},{"damage":71,"enemies":"IC_MUSHROOM_ARCHETYPE","floor":33,"turns":9},{"damage":7,"enemies":"3 Shapes","floor":36,"turns":2},{"damage":15,"enemies":"downfall:FleeingMerchant","floor":37,"turns":4},{"damage":42,"enemies":"3 Darklings","floor":38,"turns":3},{"damage":19,"enemies":"downfall:LadyInBlue","floor":39,"turns":5},{"damage":35,"enemies":"Reptomancer","floor":40,"turns":5},{"damage":60,"enemies":"Transient","floor":46,"turns":5},{"damage":15,"enemies":"Sphere and 2 Shapes","floor":49,"turns":3},{"damage":119,"enemies":"DF_ARCHETYPE_ORBS","floor":50,"turns":6}],"seed_played":"-5570009555702454433","potions_obtained":[{"floor":11,"key":"BlessingOfTheForge"},{"floor":12,"key":"Explosive Potion"},{"floor":14,"key":"SkillPotion"},{"floor":22,"key":"EssenceOfSteel"},{"floor":32,"key":"champ:CounterPotion"}],"is_trial":false,"path_per_floor":["R","M","?","M","$","T","T","$","?","R","M","M","R","E","M","B",null,"R","M","M","?","M","?","T","R","M","R","M","R","M","M","M","B",null,"R","M","$","M","?","E","T","$","?","R","T","M","R","$","M","B"],"character_chosen":"SLIMEBOUND","items_purchased":["Slimebound:LivingWall","expansioncontent:GuardianWhirl","War Paint","Secret Weapon"],"campfire_rested":0,"item_purchase_floors":[8,37,42,42],"current_hp_per_floor":[65,65,65,63,55,55,55,51,51,57,61,63,65,65,65,55,65,65,65,65,59,51,51,51,73,67,75,75,75,61,63,59,21,75,75,71,75,57,68,48,48,48,48,66,66,36,57,57,66,0,0,0],"gold":122,"neow_bonus":"HUNDRED_GOLD","is_daily":false,"chose_seed":false,"campfire_upgraded":9,"win_rate":0.0,"timestamp":1613594997,"path_taken":["R","M","?","M","?","?","T","$","?","R","M","M","R","E","M","BOSS","R","M","M","?","M","?","T","R","M","R","M","R","M","M","M","BOSS","R","M","$","M","?","E","T","?","?","R","?","?","R","?","M","BOSS"],"items_purchased_type":["Card","Card","Relic","Card"],"build_version":"2020-12-22","purchased_purges":2,"victory":false,"max_hp_per_floor":[65,65,65,65,65,65,65,65,65,65,65,65,65,65,65,65,65,65,65,65,65,65,65,65,75,75,75,75,75,75,75,75,75,75,75,75,75,75,75,75,75,75,75,75,75,75,75,75,75,75,75,75],"relic_stats":{"counters":[26,111],"Eternal Feather":67,"War Paint":["Slimebound:LivingWall","Slimebound:SplitAcid"],"obtain_stats":[{"Gremlin Food":40,"downfall:HeartBlessingRed":25,"Replay:Grab Bag":17,"Eternal Feather":7,"downfall:HeartBlessingGreen":25,"Hammer of Thor":0,"aspiration:HummingbirdHeart":41,"Seething Fire":0,"reliquary:RedCape":17,"War Paint":42,"WarpedTongs":3,"Slimebound:GreedOozeRelic":9,"Replay:Baseball":45,"Anvil of the Gods":0,"downfall:HeartBlessingBlue":25,"ChewingGum":17,"Slimebound:AbsorbEndCombat":0,"reliquary:TuningFork":24,"Coffee Dripper":34,"Bag of Marbles":43,"ReplayTheSpireMod:Lightbulb":14,"Slimebound:AbsorbEndCombatUpgraded":17,"Toy Ornithopter":39},{"Gremlin Food":23,"downfall:HeartBlessingRed":12,"Replay:Grab Bag":9,"Eternal Feather":3,"downfall:HeartBlessingGreen":12,"Hammer of Thor":0,"aspiration:HummingbirdHeart":23,"Seething Fire":0,"reliquary:RedCape":9,"War Paint":23,"WarpedTongs":1,"Slimebound:GreedOozeRelic":4,"Replay:Baseball":23,"Anvil of the Gods":0,"downfall:HeartBlessingBlue":12,"ChewingGum":9,"Slimebound:AbsorbEndCombat":0,"reliquary:TuningFork":12,"Coffee Dripper":18,"Bag of Marbles":23,"ReplayTheSpireMod:Lightbulb":7,"Slimebound:AbsorbEndCombatUpgraded":9,"Toy Ornithopter":22},{"Gremlin Food":98,"downfall:HeartBlessingRed":51,"Replay:Grab Bag":40,"Eternal Feather":10,"downfall:HeartBlessingGreen":51,"Hammer of Thor":0,"aspiration:HummingbirdHeart":98,"Seething Fire":0,"reliquary:RedCape":40,"War Paint":98,"WarpedTongs":3,"Slimebound:GreedOozeRelic":14,"Replay:Baseball":98,"Anvil of the Gods":0,"downfall:HeartBlessingBlue":51,"ChewingGum":40,"Slimebound:AbsorbEndCombat":0,"reliquary:TuningFork":51,"Coffee Dripper":80,"Bag of Marbles":98,"ReplayTheSpireMod:Lightbulb":27,"Slimebound:AbsorbEndCombatUpgraded":40,"Toy Ornithopter":93}],"Toy Ornithopter":0,"WarpedTongs":[107]},"card_choices":[{"not_picked":["Slimebound:GoopTackle","Slimebound:MegaLick"],"picked":"Slimebound:Schlurp","floor":2},{"not_picked":["Slimebound:DivideAndConquer","Slimebound:SlimeBarrage","Slimebound:ComboTackle"],"picked":"SKIP","floor":4},{"not_picked":["Slimebound:LeechingTouch","Slimebound:MegaLick"],"picked":"Slimebound:Schlurp","floor":5},{"not_picked":["Slimebound:RainOfGoop","Slimebound:SlimeTap"],"picked":"Slimebound:TongueLash","floor":8},{"not_picked":["Slimebound:RejuvenatingLick","Slimebound:SplitAcid"],"picked":"Slimebound:SplitLeeching","floor":11},{"not_picked":["Slimebound:Prepare","Slimebound:SlimeBarrage"],"picked":"Slimebound:SplitAcid","floor":12},{"not_picked":["Slimebound:ItLooksTasty","Slimebound:SlimeTap"],"picked":"Slimebound:LeechLife","floor":14},{"not_picked":["Slimebound:HauntingLick","Slimebound:ServeAndProtect"],"picked":"Slimebound:RainOfGoop","floor":15},{"not_picked":["Slimebound:SelfFormingGoo","Slimebound:WasteNot"],"picked":"Slimebound:OozeBath","floor":16},{"not_picked":["Slimebound:FinishingTackle","Slimebound:Recollect"],"picked":"Slimebound:LeadByExample+1","floor":19},{"not_picked":["Slimebound:SlimeTap","Slimebound:SplitLeeching"],"picked":"Slimebound:Nibble","floor":20},{"not_picked":["Slimebound:ItLooksTasty","Slimebound:RejuvenatingLick"],"picked":"Slimebound:SplitMire+1","floor":22},{"not_picked":["Slimebound:Chomp","Slimebound:RallyTheTroops"],"picked":"Slimebound:Schlurp","floor":26},{"not_picked":["Slimebound:GoopTackle","Slimebound:Prepare+1"],"picked":"Slimebound:SplitLeeching","floor":28},{"not_picked":["Slimebound:SplitLeeching","Slimebound:HauntingLick+1"],"picked":"Slimebound:LeadByExample","floor":30},{"not_picked":["Slimebound:RejuvenatingLick","Slimebound:LeechEnergy+1"],"picked":"Slimebound:SplitMire","floor":31},{"not_picked":["Slimebound:SpikyOuterGoop+1","Slimebound:ItLooksTasty+1","Slimebound:SlimeSpikes+1"],"picked":"SKIP","floor":32},{"not_picked":["Slimebound:Teamwork","Slimebound:FirmFortitude"],"picked":"Slimebound:DuplicatedForm","floor":33},{"not_picked":["Slimebound:GoopTackle+1","Slimebound:TongueLash"],"picked":"Slimebound:Repurpose+1","floor":36},{"not_picked":["Slimebound:RejuvenatingLick+1","Slimebound:TongueLash","Slimebound:GoopSpray+1"],"picked":"SKIP","floor":37},{"not_picked":["Slimebound:PressTheAttack","Slimebound:FinishingTackle"],"picked":"Slimebound:SplitLeeching","floor":38},{"not_picked":["Slimebound:GoopSpray+1","Slimebound:FinishingTackle+1"],"picked":"Slimebound:Repurpose+1","floor":39},{"not_picked":["Slimebound:Schlurp+1","Slimebound:LeechEnergy"],"picked":"Slimebound:MassRepurpose","floor":40},{"not_picked":["Slimebound:FormOfPuddle","Slimebound:Prepare"],"picked":"Slimebound:LivingWall+1","floor":46},{"not_picked":["Slimebound:GoopTackle","Slimebound:SplitBruiser+1"],"picked":"Slimebound:SplitSpecialist","floor":49}],"player_experience":779298,"relics_obtained":[{"floor":7,"key":"Eternal Feather"},{"floor":14,"key":"ReplayTheSpireMod:Lightbulb"},{"floor":24,"key":"reliquary:TuningFork"},{"floor":39,"key":"Toy Ornithopter"},{"floor":40,"key":"Gremlin Food"},{"floor":41,"key":"aspiration:HummingbirdHeart"},{"floor":45,"key":"Replay:Baseball"}],"event_choices":[{"damage_healed":0,"gold_gain":0,"player_choice":"Rummage","damage_taken":0,"relics_obtained":["WarpedTongs"],"max_hp_gain":0,"max_hp_loss":0,"event_name":"Accursed Blacksmith","floor":3,"gold_loss":0,"cards_obtained":["Pain"]}],"is_beta":false,"boss_relics":[{"not_picked":["aspiration:SilentSkillbook","aspiration:PoetsPen_weak"],"picked":"Replay:Grab Bag"},{"not_picked":["Busted Crown","Cursed Key"],"picked":"reliquary:RedCape"},{"not_picked":["reliquary:KinkedSpring","energizedSpire:OgreHead"],"picked":"ChewingGum"},{"not_picked":["Kintsugi","SacredBark"],"picked":"Slimebound:AbsorbEndCombatUpgraded"},{"not_picked":["Honey Jar","Pandora\u0027s Box"],"picked":"Coffee Dripper"}],"items_purged_floors":[5,37],"is_endless":false,"potions_floor_spawned":[11,12,14,22,32,33,38,46,49],"killed_by":"DF_ARCHETYPE_ORBS","ascension_level":0}}