{"host":"0awa854l6bexpjrv","time":1613521277,"event":{"mods":["BaseMod","Block Reminder","Colored Map","Colored Powertips","Downfall","Highlight Path","Minty Spire (QoL Compilation)","Quick Restart","Rare Cards Sparkle","StSLib","SuperFastMode"],"gold_per_floor":[114,128,53,53,53,53,84,104,104,130,141,152,5,17,17,113,113,132,32,32,45,45,45,45,45,45,57,70,70,70],"floor_reached":29,"language":"ENG","playtime":1604,"items_purged":["Normality","Strike_B"],"score":259,"play_id":"0b7867e1-8b52-42e3-8d9b-836fc265a0c3","local_time":"20210216162117","is_ascension_mode":true,"campfire_choices":[{"data":"Zap","floor":6,"key":"SMITH"},{"floor":15,"key":"REST"},{"floor":23,"key":"REST"},{"data":"Biased Cognition","floor":25,"key":"SMITH"}],"circlet_count":0,"master_deck":["Strike_B","Strike_B","Strike_B","Defend_B","Defend_B","Defend_B","Defend_B","Zap+1","Dualcast","Ball Lightning","Cold Snap","Go for the Eyes","Streamline","Double Energy","Machine Learning","Loop","Consume","Biased Cognition+1","Rebound+1","Streamline","Steam+1","Pain","Defragment","Self Repair"],"relics":["Cracked Core","Ice Cream","StrikeDummy","Pantograph","Matryoshka","Odd Mushroom","DataDisk","Cursed Key","Nilry\u0027s Codex","Sundial","Bronze Scales","Omamori"],"acts_visited":["Exordium","TheCity"],"potions_floor_usage":[10,10,27],"damage_taken":[{"damage":4,"enemies":"2 Louse","floor":1,"turns":2},{"damage":2,"enemies":"Jaw Worm","floor":2,"turns":2},{"damage":19,"enemies":"Lagavulin","floor":7,"turns":5},{"damage":4,"enemies":"Small Slimes","floor":8,"turns":2},{"damage":13,"enemies":"The Mushroom Lair","floor":10,"turns":4},{"damage":0,"enemies":"2 Fungi Beasts","floor":11,"turns":3},{"damage":16,"enemies":"Lots of Slimes","floor":12,"turns":3},{"damage":5,"enemies":"3 Louse","floor":14,"turns":3},{"damage":19,"enemies":"Hexaghost","floor":16,"turns":8},{"damage":4,"enemies":"Chosen","floor":18,"turns":4},{"damage":20,"enemies":"2 Thieves","floor":21,"turns":3},{"damage":12,"enemies":"Chosen and Byrds","floor":27,"turns":3},{"damage":13,"enemies":"Cultist and Chosen","floor":28,"turns":3},{"damage":22,"enemies":"Centurion and Healer","floor":29,"turns":3}],"seed_played":"-2505041436961372141","potions_obtained":[{"floor":1,"key":"SpeedPotion"},{"floor":7,"key":"FocusPotion"},{"floor":8,"key":"SkillPotion"},{"floor":14,"key":"FearPotion"},{"floor":18,"key":"bronze:BurnAndBuffPotion"},{"floor":21,"key":"LiquidBronze"},{"floor":27,"key":"GamblersBrew"}],"is_trial":false,"path_per_floor":["M","M","$","?","T","R","E","M","T","?","M","M","$","M","R","B",null,"M","$","?","M","?","R","?","R","T","M","M","M"],"character_chosen":"DEFECT","items_purchased":["DataDisk"],"campfire_rested":2,"item_purchase_floors":[13],"current_hp_per_floor":[71,69,69,69,69,69,50,46,46,33,33,17,17,12,34,40,75,71,71,71,51,35,57,57,57,57,45,32,10,10],"gold":70,"neow_bonus":"ONE_RARE_RELIC","is_daily":false,"chose_seed":false,"campfire_upgraded":2,"win_rate":0.0,"timestamp":1613521277,"path_taken":["M","M","$","?","?","R","E","?","T","?","M","M","$","M","R","BOSS","M","$","?","M","?","R","?","R","T","?","M","M"],"items_purchased_type":["Relic"],"build_version":"2020-12-22","purchased_purges":2,"victory":false,"max_hp_per_floor":[75,75,75,75,75,75,75,75,75,75,75,75,75,75,75,75,75,75,75,75,75,75,75,75,75,75,75,75,75,75],"card_choices":[{"not_picked":["Beam Cell","Go for the Eyes"],"picked":"Ball Lightning","floor":1},{"not_picked":["Self Repair","Compile Driver"],"picked":"Cold Snap","floor":2},{"not_picked":["Reprogram","Ball Lightning"],"picked":"Go for the Eyes","floor":7},{"not_picked":["Compile Driver","Reinforced Body"],"picked":"Streamline","floor":8},{"not_picked":["Force Field","Rebound"],"picked":"Double Energy","floor":10},{"not_picked":["Redo","Skim"],"picked":"Machine Learning","floor":11},{"not_picked":["Hologram","Redo"],"picked":"Loop","floor":12},{"not_picked":["Reprogram","Turbo"],"picked":"Consume","floor":14},{"not_picked":["Buffer","Machine Learning"],"picked":"Biased Cognition","floor":16},{"not_picked":["Scrape","Stack"],"picked":"Rebound+1","floor":18},{"not_picked":["Hello World","Hologram"],"picked":"Steam+1","floor":21},{"not_picked":["Rebound","Consume+1"],"picked":"Defragment","floor":27},{"not_picked":["White Noise","Streamline"],"picked":"Self Repair","floor":28}],"player_experience":785013,"relics_obtained":[{"floor":5,"key":"StrikeDummy"},{"floor":7,"key":"Pantograph"},{"floor":9,"key":"Matryoshka"},{"floor":10,"key":"Odd Mushroom"},{"floor":22,"key":"Nilry\u0027s Codex"},{"floor":24,"key":"Sundial"},{"floor":26,"key":"Bronze Scales"},{"floor":26,"key":"Omamori"}],"event_choices":[{"damage_healed":0,"gold_gain":0,"player_choice":"Ignored","damage_taken":0,"max_hp_gain":0,"max_hp_loss":0,"event_name":"Liars Game","floor":4,"gold_loss":0},{"damage_healed":0,"gold_gain":0,"player_choice":"Fought Mushrooms","damage_taken":0,"max_hp_gain":0,"max_hp_loss":0,"event_name":"Mushrooms","floor":10,"gold_loss":0},{"damage_healed":0,"gold_gain":0,"player_choice":"Read","damage_taken":0,"max_hp_gain":0,"max_hp_loss":0,"event_name":"The Library","floor":20,"gold_loss":0,"cards_obtained":["Streamline"]},{"damage_healed":0,"gold_gain":0,"player_choice":"Obtained Book","damage_taken":16,"max_hp_gain":0,"max_hp_loss":0,"event_name":"Cursed Tome","floor":22,"gold_loss":0},{"damage_healed":0,"gold_gain":0,"player_choice":"Relic","damage_taken":0,"max_hp_gain":0,"max_hp_loss":0,"event_name":"Wheel of Change","floor":24,"gold_loss":0}],"is_beta":false,"boss_relics":[{"not_picked":["Pandora\u0027s Box","Calling Bell"],"picked":"Cursed Key"}],"items_purged_floors":[3,19],"is_endless":false,"potions_floor_spawned":[1,7,8,14,18,21,27],"killed_by":"Centurion and Healer","ascension_level":3}}