{"host":"gyvm9iplrwbfzexe","time":1613522583,"event":{"mods":["BaseMod","Minty Spire (QoL Compilation)","StSLib"],"gold_per_floor":[118,118,118,118,66,98,108,124,148,162,187,206,218,236,236,236,236],"floor_reached":16,"language":"ENG","playtime":524,"items_purged":[],"score":120,"play_id":"309a79bb-3d09-45b1-a469-b3e848ce1698","local_time":"20210216184303","is_ascension_mode":true,"campfire_choices":[{"data":"Deadly Poison","floor":15,"key":"SMITH"}],"circlet_count":0,"master_deck":["Strike_G","Strike_G","Strike_G","Strike_G","Defend_G","Defend_G","Defend_G","Defend_G","Defend_G","Survivor","Neutralize","Poisoned Stab","Deadly Poison+1","Bane","Backflip","Acrobatics","Poisoned Stab","Poisoned Stab"],"relics":["Ring of the Snake","NeowsBlessing","MealTicket","Bronze Scales","Blood Vial","Vajra"],"acts_visited":["Exordium"],"potions_floor_usage":[10,16,16],"damage_taken":[{"damage":0,"enemies":"Jaw Worm","floor":1,"turns":1},{"damage":9,"enemies":"3 Sentries","floor":6,"turns":2},{"damage":0,"enemies":"Small Slimes","floor":7,"turns":1},{"damage":1,"enemies":"2 Louse","floor":8,"turns":2},{"damage":8,"enemies":"Lots of Slimes","floor":10,"turns":1},{"damage":24,"enemies":"Gremlin Nob","floor":11,"turns":4},{"damage":0,"enemies":"3 Louse","floor":12,"turns":4},{"damage":14,"enemies":"Exordium Wildlife","floor":13,"turns":5},{"damage":2,"enemies":"Looter","floor":14,"turns":2},{"damage":30,"enemies":"Slime Boss","floor":16,"turns":5}],"seed_played":"-7562413877789721156","potions_obtained":[{"floor":6,"key":"AttackPotion"},{"floor":12,"key":"Swift Potion"},{"floor":14,"key":"PowerPotion"}],"is_trial":false,"path_per_floor":["M","?","?","?","$","E","M","M","T","M","E","M","M","M","R","B"],"character_chosen":"THE_SILENT","items_purchased":["Deadly Poison"],"campfire_rested":0,"item_purchase_floors":[5],"current_hp_per_floor":[70,63,60,60,70,61,61,60,60,54,32,34,22,22,22,0,0],"gold":236,"neow_bonus":"THREE_ENEMY_KILL","is_daily":false,"chose_seed":false,"campfire_upgraded":1,"win_rate":0.0,"timestamp":1613522583,"path_taken":["M","?","?","?","$","E","M","M","T","M","E","?","M","M","R","BOSS"],"items_purchased_type":["Card"],"build_version":"2020-12-22","purchased_purges":0,"victory":false,"max_hp_per_floor":[70,70,70,70,70,70,70,70,70,70,70,70,70,70,70,70,70],"card_choices":[{"not_picked":["Sucker Punch","Tactician"],"picked":"Poisoned Stab","floor":1},{"not_picked":["Dodge and Roll","Escape Plan"],"picked":"Bane","floor":6},{"not_picked":["Dodge and Roll","Cloak And Dagger"],"picked":"Backflip","floor":7},{"not_picked":["Dash","Deflect"],"picked":"Acrobatics","floor":8},{"not_picked":["Dagger Throw","Accuracy","Backstab"],"picked":"SKIP","floor":10},{"not_picked":["Reflex","Tactician","Dodge and Roll"],"picked":"SKIP","floor":11},{"not_picked":["Masterful Stab","Unload"],"picked":"Poisoned Stab","floor":12},{"not_picked":["Dodge and Roll","Accuracy"],"picked":"Poisoned Stab","floor":13},{"not_picked":["Infinite Blades","Acrobatics","Flying Knee"],"picked":"SKIP","floor":14}],"player_experience":41230,"relics_obtained":[{"floor":6,"key":"Bronze Scales"},{"floor":9,"key":"Blood Vial"},{"floor":11,"key":"Vajra"}],"event_choices":[{"cards_removed":["Strike_G"],"damage_healed":0,"gold_gain":0,"player_choice":"Card Removal","damage_taken":7,"max_hp_gain":0,"max_hp_loss":0,"event_name":"Golden Wing","floor":2,"gold_loss":0},{"damage_healed":0,"gold_gain":0,"player_choice":"Success","damage_taken":3,"relics_obtained":["MealTicket"],"max_hp_gain":0,"max_hp_loss":0,"event_name":"Scrap Ooze","floor":3,"gold_loss":0},{"damage_healed":0,"gold_gain":0,"player_choice":"Ignored","damage_taken":0,"max_hp_gain":0,"max_hp_loss":0,"event_name":"WeMeetAgain","floor":4,"gold_loss":0}],"is_beta":false,"boss_relics":[],"items_purged_floors":[],"is_endless":false,"potions_floor_spawned":[6,12,14],"killed_by":"Slime Boss","ascension_level":1}}