{"host":"4kmvpqjeiacgn1pr","time":1613523310,"event":{"mods":["A Penny For Your Troubles","AchievementEnabler","AlwaysNeverKeys","Aspiration","BaseMod","Bestiary","Better Altar","Better Match","Better Note","Better Sensory Stone","Better Skull","Better Third Choice","Better Vampires","BetterRewards","Colored Map","Colored Powertips","Conspire","Curses Come First","Downfall","Halation","Highlight Path","Infinite Spire","Minty Spire (QoL Compilation)","Permanent Neow","Quick Restart","Rare Cards Sparkle","Relic Sorter","Relic Stats","Replay The Spire","Reworked Bosses","Shop Mod","Smile Girya","Spicy Shops","Spikes Relics","StSLib","Waifu the Spire"],"gold_per_floor":[44,89,89,154,154,187,187,227,227,238,251,251,251,351,367,417,417,421,421],"floor_reached":18,"language":"ENG","playtime":632,"items_purged":[],"score":145,"play_id":"c7102b0d-25d7-495b-8d91-116a2817f66d","local_time":"20210216195510","is_ascension_mode":true,"campfire_choices":[{"data":"PathToVictory","floor":7.0,"key":"SMITH"}],"circlet_count":0,"master_deck":["Strike_P","Strike_P","Strike_P","Strike_P","Defend_P","Defend_P","Defend_P","Defend_P","Eruption","Vigilance","Wish+1","Prostrate","Replay:ManipulateFuture","Corpse Explosion+1","EmptyFist","PathToVictory+1","Replay:Anticipation","Judgement","Weave","Replay:Battleflow"],"relics":["PureWater","halation:VictoryRuler","infinitespire:Midas Blood","Onion Ring"],"acts_visited":["Exordium"],"potions_floor_usage":[18,18,18],"damage_taken":[{"damage":10.0,"enemies":"Cultist","floor":1.0,"turns":5.0},{"damage":3.0,"enemies":"2 Louse","floor":2.0,"turns":3.0},{"damage":5.0,"enemies":"Small Slimes","floor":4.0,"turns":4.0},{"damage":32.0,"enemies":"Gremlin Nob","floor":6.0,"turns":5.0},{"damage":0.0,"enemies":"3 Louse","floor":8.0,"turns":5.0},{"damage":0.0,"enemies":"2 Fungi Beasts","floor":10.0,"turns":3.0},{"damage":9.0,"enemies":"Exordium Thugs","floor":11.0,"turns":3.0},{"damage":0.0,"enemies":"Blue Slaver","floor":15.0,"turns":2.0},{"damage":0.0,"enemies":"Large Slime","floor":16.0,"turns":5.0},{"damage":8,"enemies":"The Guardian","floor":18,"turns":5}],"seed_played":"-7442141103726198753","potions_obtained":[{"floor":1.0,"key":"DuplicationPotion"},{"floor":6.0,"key":"Fire Potion"},{"floor":11.0,"key":"BottledMiracle"},{"floor":15.0,"key":"ColorlessPotion"},{"floor":17.0,"key":"Fire Potion"}],"is_trial":false,"path_per_floor":["M","M","?","M","?","E","R","M","T","M","M","PTL","PTL","?","M","M","R_BF","B"],"character_chosen":"WATCHER","items_purchased":[],"campfire_rested":0,"item_purchase_floors":[],"current_hp_per_floor":[62,59,50,45,45,13,13,13,13,13,4,4,4,4,4,4,4,0,0],"gold":421,"neow_bonus":"THREE_RARE_CARDS","is_daily":false,"chose_seed":false,"campfire_upgraded":1,"win_rate":0.0,"timestamp":1613523310,"path_taken":["M","M","?","M","?","E","R","M","T","?","M","PTL","PTL","?","?","M","R_BF","BOSS"],"items_purchased_type":[],"build_version":"2020-12-22","purchased_purges":0,"victory":false,"max_hp_per_floor":[72,72,72,72,72,72,72,72,72,72,72,72,72,72,72,72,72,72,72],"relic_stats":{"counters":[10,40],"obtain_stats":[{"halation:VictoryRuler":3,"Onion Ring":9,"PureWater":0,"infinitespire:Midas Blood":6},{"halation:VictoryRuler":2,"Onion Ring":5,"PureWater":0,"infinitespire:Midas Blood":4},{"halation:VictoryRuler":8,"Onion Ring":22,"PureWater":0,"infinitespire:Midas Blood":17}]},"card_choices":[{"not_picked":["MasterReality","SpiritShield"],"picked":"Wish","floor":0.0},{"not_picked":["Crescendo","EmptyMind"],"picked":"Prostrate","floor":1.0},{"not_picked":["ThirdEye","SashWhip"],"picked":"Replay:ManipulateFuture","floor":2.0},{"not_picked":["EmptyMind","Halt"],"picked":"EmptyFist","floor":4.0},{"not_picked":["DeceiveReality","WindmillStrike"],"picked":"PathToVictory","floor":6.0},{"not_picked":["Replay:AtTheReady","CrushJoints"],"picked":"Replay:Anticipation","floor":8.0},{"not_picked":["EmptyBody","Wireheading"],"picked":"Judgement","floor":10.0},{"not_picked":["Replay:AtTheReady","Vengeance"],"picked":"Weave","floor":11.0},{"not_picked":["Fasting2","InnerPeace","EmptyFist"],"picked":"SKIP","floor":15.0},{"not_picked":["Replay:AtTheReady","CutThroughFate"],"picked":"Replay:Battleflow","floor":16.0}],"player_experience":485717,"relics_obtained":[{"floor":6.0,"key":"infinitespire:Midas Blood"},{"floor":9.0,"key":"Onion Ring"}],"event_choices":[{"damage_healed":0.0,"max_hp_gain":0.0,"max_hp_loss":0.0,"gold_gain":0.0,"event_name":"Upgrade Shrine","player_choice":"Upgraded","floor":5.0,"gold_loss":0.0,"damage_taken":0.0,"cards_upgraded":["Wish"]},{"damage_healed":0.0,"max_hp_gain":0.0,"max_hp_loss":0.0,"gold_gain":100.0,"event_name":"Golden Shrine","player_choice":"Pray","floor":14.0,"gold_loss":0.0,"damage_taken":0.0}],"is_beta":false,"boss_relics":[],"items_purged_floors":[],"is_endless":false,"potions_floor_spawned":[1,6,11,15],"killed_by":"The Guardian","ascension_level":5}}