{"host":"jx3f6ezc0g3s9edc","time":1613524403,"event":{"mods":["AchievementEnabler","BaseMod","Bestiary","Colored Map","Highlight Path","Minty Spire (QoL Compilation)","StSLib"],"gold_per_floor":[114,125,125,145,145,145,173,184,184,211,226,41,41,57,57,130,130,141,155,155,155,175,175,175],"floor_reached":23,"language":"ENG","playtime":1704,"items_purged":["Strike_R"],"score":345,"play_id":"30545f9b-9f80-4dcb-b885-b79d9d4cbec3","local_time":"20210216201323","is_ascension_mode":true,"campfire_choices":[{"data":"Armaments","floor":6.0,"key":"SMITH"},{"data":"Body Slam","floor":13,"key":"SMITH"},{"data":"Clothesline","floor":15,"key":"SMITH"}],"circlet_count":0,"master_deck":["AscendersBane","Strike_R","Strike_R","Strike_R","Strike_R","Defend_R","Defend_R","Defend_R","Defend_R","Bash+1","Armaments+1","Body Slam+1","Clothesline+1","Impervious+1","Cleave","Shockwave+1","Feel No Pain","Battle Trance+1","Disarm+1","Exhume+1","Shrug It Off+1","Entrench+1","Writhe"],"relics":["Burning Blood","Akabeko","Toxic Egg 2","Paper Frog","Blue Candle","Runic Pyramid","Anchor"],"acts_visited":["Exordium","TheCity"],"potions_floor_usage":[16,16],"damage_taken":[{"damage":3.0,"enemies":"Jaw Worm","floor":1.0,"turns":5.0},{"damage":1.0,"enemies":"Cultist","floor":2.0,"turns":3.0},{"damage":2.0,"enemies":"2 Louse","floor":4.0,"turns":3.0},{"damage":16.0,"enemies":"Gremlin Nob","floor":7.0,"turns":4.0},{"damage":19.0,"enemies":"Exordium Wildlife","floor":8.0,"turns":6.0},{"damage":12,"enemies":"3 Sentries","floor":10,"turns":8},{"damage":11,"enemies":"3 Louse","floor":11,"turns":3},{"damage":17,"enemies":"Gremlin Gang","floor":14,"turns":5},{"damage":13,"enemies":"Hexaghost","floor":16,"turns":10},{"damage":7,"enemies":"3 Byrds","floor":18,"turns":8},{"damage":16,"enemies":"2 Thieves","floor":19,"turns":3},{"damage":7,"enemies":"Cultist and Chosen","floor":22,"turns":10},{"damage":55,"enemies":"Slavers","floor":23,"turns":6}],"seed_played":"-5216665739173140319","potions_obtained":[{"floor":1.0,"key":"PowerPotion"},{"floor":3.0,"key":"Block Potion"},{"floor":8.0,"key":"Strength Potion"},{"floor":22,"key":"Dexterity Potion"}],"is_trial":false,"path_per_floor":["M","M","?","M","T","R","E","M","T","E","M","$","R","M","R","B",null,"M","M","?","?","M","E"],"character_chosen":"IRONCLAD","items_purchased":["Feel No Pain","Battle Trance+1"],"campfire_rested":0,"item_purchase_floors":[12,12],"current_hp_per_floor":[71,75,75,75,75,75,65,52,52,46,41,41,41,30,30,23,62,61,51,51,51,50,0,0],"gold":175,"neow_bonus":"UPGRADE_CARD","is_daily":false,"chose_seed":false,"campfire_upgraded":3,"win_rate":0.0,"timestamp":1613524403,"path_taken":["M","M","?","?","?","R","E","M","T","E","M","?","R","M","R","BOSS","M","M","?","?","M","E"],"items_purchased_type":["Card","Card"],"build_version":"2020-12-22","purchased_purges":1,"victory":false,"max_hp_per_floor":[75,75,75,75,75,75,75,75,75,75,75,75,75,75,75,75,75,75,75,75,75,75,75,75],"card_choices":[{"not_picked":["Rampage","Perfected Strike"],"picked":"Armaments","floor":1.0},{"not_picked":["Hemokinesis","Iron Wave"],"picked":"Body Slam","floor":2.0},{"not_picked":["Fire Breathing","Carnage"],"picked":"Clothesline","floor":4.0},{"not_picked":["Wild Strike","Warcry+1"],"picked":"Impervious+1","floor":7.0},{"not_picked":["Searing Blow","Headbutt"],"picked":"Cleave","floor":8.0},{"not_picked":["Clothesline","Clash","Wild Strike"],"picked":"SKIP","floor":10},{"not_picked":["Second Wind+1","Burning Pact+1"],"picked":"Shockwave+1","floor":11},{"not_picked":["Pommel Strike","Twin Strike"],"picked":"Disarm+1","floor":14},{"not_picked":["Brutality","Double Tap+1"],"picked":"Exhume+1","floor":16},{"not_picked":["Power Through+1","Cleave"],"picked":"Shrug It Off+1","floor":18},{"not_picked":["Rupture","Anger"],"picked":"Entrench+1","floor":19},{"not_picked":["Rage+1","Feel No Pain","Clash"],"picked":"SKIP","floor":22}],"player_experience":877552,"relics_obtained":[{"floor":5.0,"key":"Akabeko"},{"floor":7.0,"key":"Toxic Egg 2"},{"floor":9.0,"key":"Paper Frog"},{"floor":10,"key":"Blue Candle"}],"event_choices":[{"damage_healed":0.0,"max_hp_gain":0.0,"max_hp_loss":0.0,"gold_gain":0.0,"event_name":"Lab","player_choice":"Got Potions","floor":3.0,"gold_loss":0.0,"damage_taken":0.0},{"damage_healed":0,"gold_gain":0,"player_choice":"Opened","damage_taken":0,"relics_obtained":["Anchor"],"max_hp_gain":0,"max_hp_loss":0,"event_name":"The Mausoleum","floor":20,"gold_loss":0,"cards_obtained":["Writhe"]},{"damage_healed":0,"gold_gain":0,"player_choice":"Ignored","damage_taken":0,"max_hp_gain":0,"max_hp_loss":0,"event_name":"Vampires","floor":21,"gold_loss":0}],"is_beta":false,"boss_relics":[{"not_picked":["SacredBark","Runic Dome"],"picked":"Runic Pyramid"}],"items_purged_floors":[12],"is_endless":false,"potions_floor_spawned":[1,7,8,10,22],"killed_by":"Slavers","ascension_level":14}}