{"host":"kmd7yw11mgzs6kox","time":1613532961,"event":{"mods":["ATMod(阿瑾Mod)","BaseMod","Decade(王小明)","Downfall","GungeonMod","Lobotomy","LobotomyExtend","Marisa（F雨　魔理沙）","Minty Spire (QoL Compilation)","Remilia（蕾米莉亚）","Replay The Spire","Shop Mod","StSLib","The Bladedancer","The Bug Knight","The Poker Player","The Servant 0.9.4","Waifu the Spire","WarShipGirlsR/战舰少女R mod","Youmu（魂魄妖梦）","Yuri Mod"],"gold_per_floor":[99,118,24,38,49,29,29,29,29,29,55,88,88,104,121,221,221,221,241,241,22,22,22,22],"floor_reached":23,"language":"ZHS","playtime":1094,"items_purged":[],"score":187,"play_id":"1b19a463-3eb4-4daa-b2d4-595d175db334","local_time":"20210217113601","is_ascension_mode":false,"campfire_choices":[{"floor":1.0,"key":"RECALL"},{"data":"SilverBlades","floor":8.0,"key":"SMITH"},{"floor":13.0,"key":"REST"},{"data":"Defy","floor":18.0,"key":"SMITH"}],"circlet_count":0,"master_deck":["Strike_S","Strike_S","Strike_S","Defend_S","Defend_S","Defend_S","Defend_S","KidneyShot","Exchange","Gouge","Ricochet","SilverBlades+1","ShatteredReality","Rearm","Desolation+1","DoubleEdge","Ricochet","Defy+1","KillingDoll","Potential+1","BottledTime+1","ReturningBlade","ReturningBlade"],"relics":["Uniform","AT_ATBox","LetterFromLob","AT_SpeedBoots","AntiCross","ChewingGum","AT_BellDemon"],"acts_visited":["Exordium","TheCity"],"potions_floor_usage":[],"damage_taken":[{"damage":5.0,"enemies":"Cultist","floor":2.0,"turns":4.0},{"damage":4.0,"enemies":"downfall:FleeingMerchant","floor":3.0,"turns":4.0},{"damage":6.0,"enemies":"2 Louse","floor":4.0,"turns":2.0},{"damage":0.0,"enemies":"Small Slimes","floor":5.0,"turns":3.0},{"damage":14.0,"enemies":"Gremlin Nob","floor":12.0,"turns":3.0},{"damage":13.0,"enemies":"Exordium Wildlife","floor":14.0,"turns":2.0},{"damage":15.0,"enemies":"Lots of Slimes","floor":15.0,"turns":2.0},{"damage":39.0,"enemies":"DF_ARCHETYPE_STREAMLINE","floor":16.0,"turns":5.0},{"damage":9,"enemies":"Shell Parasite","floor":19,"turns":3},{"damage":6,"enemies":"downfall:FleeingMerchant","floor":21,"turns":4},{"damage":66,"enemies":"Gremlin Leader","floor":23,"turns":2}],"seed_played":"2658673723571399031","potions_obtained":[{"floor":2.0,"key":"Adrenaline Potion"},{"floor":12.0,"key":"PowerPotion"},{"floor":15.0,"key":"Toxic Potion"}],"is_trial":false,"path_per_floor":["R","M","$","M","M","?","T","R","?","?","T","E","R","M","M","B",null,"R","M","T","$","?","E"],"character_chosen":"THE_SERVANT","items_purchased":["SilverBlades","AT_BellDemon","ReturningBlade"],"campfire_rested":1,"item_purchase_floors":[3,21,21],"current_hp_per_floor":[71,66,62,56,56,56,56,56,56,61,61,47,69,56,41,2,76,76,67,67,61,61,0,0],"gold":22,"neow_bonus":"TEN_PERCENT_HP_BONUS","is_daily":false,"chose_seed":false,"campfire_upgraded":2,"win_rate":0.0,"timestamp":1613532961,"path_taken":["R","M","?","?","M","?","T","R","?","?","?","E","R","M","M","BOSS","R","M","?","?","?","E"],"items_purchased_type":["Card","Relic","Card"],"build_version":"2020-12-22","purchased_purges":0,"victory":false,"max_hp_per_floor":[71,71,71,71,71,71,71,71,71,76,76,76,76,76,76,76,76,76,76,76,76,76,76,76],"card_choices":[{"not_picked":["Shuttle","Contraction"],"picked":"Gouge","floor":2.0},{"not_picked":["TimeWarp","WasteNot"],"picked":"Ricochet","floor":3.0},{"not_picked":["Unruled","Revamp"],"picked":"ShatteredReality","floor":4.0},{"not_picked":["Rewind","Defy"],"picked":"Rearm","floor":5.0},{"not_picked":["WasteNot","Gouge"],"picked":"DoubleEdge","floor":12.0},{"not_picked":["Potential","TimeWarp"],"picked":"Ricochet","floor":14.0},{"not_picked":["FastForward","Rewind"],"picked":"Defy","floor":15.0},{"not_picked":["Sunlight","Duplication"],"picked":"KillingDoll","floor":16.0},{"not_picked":["Unruled","FastForward"],"picked":"Potential+1","floor":19},{"not_picked":["Spin","FastForward"],"picked":"BottledTime+1","floor":21}],"player_experience":32687,"relics_obtained":[{"floor":2.0,"key":"LetterFromLob"},{"floor":11.0,"key":"AT_SpeedBoots"},{"floor":12.0,"key":"AntiCross"}],"event_choices":[{"damage_healed":0.0,"max_hp_gain":5.0,"max_hp_loss":0.0,"gold_gain":0.0,"event_name":"Big Fish","player_choice":"Donut","floor":10.0,"gold_loss":0.0,"damage_taken":0.0}],"is_beta":false,"boss_relics":[{"not_picked":["ReplayTheSpireMod:DimensionalGlitch","bronze:MakeshiftBattery"],"picked":"ChewingGum"}],"items_purged_floors":[],"is_endless":false,"potions_floor_spawned":[2,12,15,16,19],"killed_by":"Gremlin Leader","ascension_level":0}}