{"host":"r6imckuat4ex26lb","time":1613544562,"event":{"mods":["BaseMod","Downfall","Minty Spire (QoL Compilation)","Shop Mod","StSLib","Waifu the Spire","[IsaacMod]ÒÔÈö¼âËþ"],"gold_per_floor":[349,366,385,399,399,299,299,333,333,69,94,105,125,110,120,215,215,215,229,221,114,126,126,171,206,206,314,341,355,155,181,191,302,302,302,322,336,115,130,130,130,156,156,31,31,57,77,127,139,139,139,169,13,13,13,13,13],"floor_reached":55,"language":"ZHS","playtime":3169,"items_purged":["hexamod:Strike","hexamod:Strike","hexamod:Defend"],"score":947,"play_id":"a67ebc6e-0377-4fde-8dda-d7463a553d42","local_time":"20210217144922","is_ascension_mode":true,"campfire_choices":[{"floor":1.0,"key":"RECALL"},{"floor":6.0,"key":"REST"},{"data":"hexamod:GhostLash","floor":9.0,"key":"SMITH"},{"data":"expansioncontent:DashGenerateEvil","floor":18.0,"key":"SMITH"},{"data":"hexamod:TimeOfNeed","floor":23.0,"key":"SMITH"},{"data":"hexamod:ApocalypseNow","floor":30.0,"key":"SMITH"},{"data":"hexamod:GiftsFromTheDead","floor":35.0,"key":"SMITH"},{"floor":45.0,"key":"REST"},{"floor":54.0,"key":"REST"}],"circlet_count":0,"master_deck":["hexamod:Strike+1","hexamod:Strike+1","hexamod:Defend","hexamod:Defend","hexamod:Defend","hexamod:Sear+1","hexamod:Float+1","hexamod:GhostOfSpireFuture+1","hexamod:TimeOfNeed+1","hexamod:GhostLash+1","hexamod:NightmareGuise+1","expansioncontent:DashGenerateEvil+1","hexamod:SpectersWail","hexamod:GhostShield+1","hexamod:BacktrackSmack+1","hexamod:SixthSeal","hexamod:ApocalypseNow","hexamod:PowerFromBeyond+1","hexamod:FirstSeal","hexamod:SecondSeal","hexamod:ThirdSeal","hexamod:FourthSeal","hexamod:DynamicBlow","hexamod:ApocalypseNow+1","hexamod:SuperheatedStrike+1","hexamod:NightmareStrike+1","hexamod:Hexaguard+1","downfall:Bewildered","hexamod:SuperheatedStrike+1","hexamod:GiftsFromTheDead+1","hexamod:ForkedFlame","hexamod:Hexaguard+1","hexamod:GhostLash+1","hexamod:Hexaguard+1","expansioncontent:QuickStudy+1","hexamod:TimeWarp","hexamod:GhostLash+1","hexamod:ParanormalForm","hexamod:GhostLash+1","hexamod:SoulSteal+1","hexamod:HexaLevel"],"relics":["hexamod:SpiritBrand","HushsDoor","D6","downfall:HeartBlessingRed","Oddly Smooth Stone","Torii","Kunai","MagicMushroom","hexamod:BolsterEngine","sneckomod:BabySnecko","Blood Vial","downfall:HeartBlessingGreen","downfall:HeartBlessingBlue","Philosopher\u0027s Stone","Question Card","SatanicBible","SharpPlug","HowToJump","CaptainsWheel","Letter Opener"],"acts_visited":["Exordium","TheCity","TheBeyond","TheEnding"],"potions_floor_usage":[55],"damage_taken":[{"damage":0.0,"enemies":"Cultist","floor":2.0,"turns":4.0},{"damage":2.0,"enemies":"Jaw Worm","floor":3.0,"turns":3.0},{"damage":0.0,"enemies":"Small Slimes","floor":4.0,"turns":4.0},{"damage":22.0,"enemies":"3 Sentries","floor":8.0,"turns":8.0},{"damage":0.0,"enemies":"downfall:FleeingMerchant","floor":10.0,"turns":4.0},{"damage":0.0,"enemies":"Lagavulin","floor":11.0,"turns":3.0},{"damage":3.0,"enemies":"Exordium Thugs","floor":12.0,"turns":4.0},{"damage":0.0,"enemies":"2 Fungi Beasts","floor":13.0,"turns":2.0},{"damage":3.0,"enemies":"downfall:FleeingMerchant","floor":14.0,"turns":4.0},{"damage":11.0,"enemies":"Gremlin Gang","floor":15.0,"turns":3.0},{"damage":11.0,"enemies":"SI_SHIV_ARCHETYPE","floor":16.0,"turns":11.0},{"damage":0.0,"enemies":"Spheric Guardian","floor":19.0,"turns":1.0},{"damage":0.0,"enemies":"downfall:FleeingMerchant","floor":21.0,"turns":4.0},{"damage":0.0,"enemies":"Chosen","floor":22.0,"turns":3.0},{"damage":44.0,"enemies":"Gremlin Leader","floor":25.0,"turns":7.0},{"damage":0.0,"enemies":"Snake Plant","floor":28.0,"turns":3.0},{"damage":0.0,"enemies":"Centurion and Healer","floor":29.0,"turns":2.0},{"damage":1.0,"enemies":"Shelled Parasite and Fungi","floor":31.0,"turns":4.0},{"damage":22.0,"enemies":"Snake Plant","floor":32.0,"turns":3.0},{"damage":44.0,"enemies":"IC_MUSHROOM_ARCHETYPE","floor":33.0,"turns":8.0},{"damage":0.0,"enemies":"Orb Walker","floor":36.0,"turns":3.0},{"damage":0.0,"enemies":"3 Darklings","floor":37.0,"turns":2.0},{"damage":0.0,"enemies":"downfall:FleeingMerchant","floor":38.0,"turns":3.0},{"damage":30.0,"enemies":"Writhing Mass","floor":39.0,"turns":4.0},{"damage":40.0,"enemies":"Giant Head","floor":42.0,"turns":7.0},{"damage":11.0,"enemies":"Spire Growth","floor":46.0,"turns":4.0},{"damage":1.0,"enemies":"3 Darklings","floor":47.0,"turns":3.0},{"damage":0.0,"enemies":"3 Darklings","floor":48.0,"turns":5.0},{"damage":0.0,"enemies":"Jaw Worm Horde","floor":49.0,"turns":2.0},{"damage":2.0,"enemies":"DF_ARCHETYPE_ORBS","floor":50.0,"turns":8.0},{"damage":49.0,"enemies":"downfall:CharBossMerchant","floor":52.0,"turns":9.0},{"damage":145,"enemies":"LittleHush","floor":55,"turns":7}],"seed_played":"3834484591752198095","potions_obtained":[{"floor":3.0,"key":"Block Potion"},{"floor":12.0,"key":"Fire Potion"},{"floor":15.0,"key":"Energy Potion"},{"floor":16.0,"key":"hexamod:EctoCoolerPotion"},{"floor":21.0,"key":"Block Potion"},{"floor":25.0,"key":"LiquidBronze"},{"floor":31.0,"key":"BlessingOfTheForge"},{"floor":39.0,"key":"EssenceOfSteel"},{"floor":52.0,"key":"ColorlessPotion"}],"is_trial":false,"path_per_floor":["R","M","M","M","?","R","T","E","R","$","E","M","M","$","M","B",null,"R","M","?","$","M","R","T","E","?","T","M","M","R","M","M","B",null,"R","M","M","$","M","?","T","E","?","$","R","M","M","?","M","B",null,"E","$","R","B"],"character_chosen":"THE_SPIRIT","items_purchased":["expansioncontent:DashGenerateEvil","Question Card","expansioncontent:QuickStudy","hexamod:TimeWarp","hexamod:HexaLevel"],"campfire_rested":3,"item_purchase_floors":[10,38,38,38,53],"current_hp_per_floor":[49,49,47,47,52,74,74,52,52,52,52,49,49,46,35,24,82,82,82,75,76,77,77,77,41,41,41,44,47,57,66,47,23,92,92,92,92,92,62,62,62,25,25,25,52,44,53,56,59,60,92,43,43,70,0,0,0],"gold":13,"neow_bonus":"TWO_FIFTY_GOLD","is_daily":false,"chose_seed":false,"campfire_upgraded":5,"win_rate":0.0,"timestamp":1613544562,"path_taken":["R","M","?","M","?","R","T","E","R","$","E","M","M","?","M","BOSS","R","M","?","$","?","R","T","E","?","?","M","?","R","M","M","BOSS","R","M","M","$","M","?","T","E","?","?","R","?","M","?","M","BOSS","E","$","R","BOSS"],"items_purchased_type":["Card","Relic","Card","Card","Card"],"build_version":"2020-12-22","purchased_purges":3,"victory":false,"max_hp_per_floor":[70,70,70,70,75,75,75,75,75,75,75,75,75,75,75,75,82,82,82,82,82,82,82,82,82,82,82,82,82,92,92,92,92,92,92,92,92,92,92,92,92,92,92,92,92,92,92,92,92,92,92,92,92,92,92,92,92],"card_choices":[{"not_picked":["hexamod:NightmareGuise","hexamod:BacktrackSmack"],"picked":"hexamod:FlamesFromBeyond","floor":2.0},{"not_picked":["hexamod:ChargedBarrage","hexamod:FirstSeal"],"picked":"hexamod:GhostOfSpireFuture","floor":3.0},{"not_picked":["hexamod:SwordOfDarkness","hexamod:ShieldOfDarkness"],"picked":"hexamod:TimeOfNeed","floor":4.0},{"not_picked":["hexamod:AdvancingGuard","hexamod:FastForward"],"picked":"hexamod:GhostLash","floor":8.0},{"not_picked":["hexamod:BurningTouch","hexamod:FastForward"],"picked":"hexamod:NightmareGuise","floor":10.0},{"not_picked":["hexamod:RadiantFlame","hexamod:SpectralSpark"],"picked":"hexamod:SpectersWail","floor":11.0},{"not_picked":["hexamod:BurningTouch","hexamod:HauntingEcho"],"picked":"hexamod:GhostShield","floor":12.0},{"not_picked":["hexamod:GhostLash","hexamod:HeatShield"],"picked":"hexamod:BacktrackSmack","floor":13.0},{"not_picked":["hexamod:Firestarter","hexamod:BurningTouch"],"picked":"hexamod:SixthSeal","floor":14.0},{"not_picked":["hexamod:NecessarySacrifice","hexamod:Firestarter","hexamod:FastForward"],"picked":"SKIP","floor":15.0},{"not_picked":["hexamod:ApocalypticArmor","hexamod:SixthSeal"],"picked":"hexamod:ApocalypseNow","floor":16.0},{"not_picked":["hexamod:SuperheatedStrike","hexamod:SwordOfDarkness+1"],"picked":"hexamod:PowerFromBeyond","floor":19.0},{"not_picked":["hexamod:GhostLash","hexamod:FlameSwitch"],"picked":"hexamod:DynamicBlow","floor":21.0},{"not_picked":["hexamod:InspiringFlames+1","hexamod:GhostflameInferno"],"picked":"hexamod:ApocalypseNow","floor":21.0},{"not_picked":["hexamod:SpectersWail","hexamod:GhostOfSpirePast"],"picked":"hexamod:SuperheatedStrike","floor":22.0},{"not_picked":["hexamod:NecessarySacrifice","hexamod:HeatShield+1","hexamod:FlamesFromBeyond"],"picked":"SKIP","floor":22.0},{"not_picked":["hexamod:BacktrackSmack+1","hexamod:ThermalTransfer+1"],"picked":"hexamod:NightmareStrike","floor":25.0},{"not_picked":["hexamod:GhostOfSpirePresent","hexamod:ShieldOfDarkness"],"picked":"hexamod:Hexaguard+1","floor":25.0},{"not_picked":["hexamod:NightmareGuise","hexamod:PowerFromBeyond"],"picked":"hexamod:SuperheatedStrike+1","floor":28.0},{"not_picked":["hexamod:FastForward","hexamod:FourthSeal","hexamod:GhostShield"],"picked":"SKIP","floor":29.0},{"not_picked":["hexamod:GhostShield","hexamod:NecessarySacrifice","hexamod:InspiringFlames"],"picked":"SKIP","floor":31.0},{"not_picked":["hexamod:GhostOfSpireFuture","hexamod:RecurringNightmare+1","hexamod:SwordOfDarkness+1"],"picked":"SKIP","floor":32.0},{"not_picked":["hexamod:ForkedFlame","hexamod:TurnItUp"],"picked":"hexamod:GiftsFromTheDead","floor":33.0},{"not_picked":["hexamod:SearingWound","hexamod:TimeOfNeed"],"picked":"hexamod:ForkedFlame","floor":33.0},{"not_picked":["hexamod:BacktrackSmack+1","hexamod:FastForward"],"picked":"hexamod:Hexaguard","floor":36.0},{"not_picked":["hexamod:ThermalTransfer+1","hexamod:ApocalypticArmor"],"picked":"hexamod:GhostLash+1","floor":37.0},{"not_picked":["hexamod:InspiringFlames","hexamod:HauntingEcho+1"],"picked":"hexamod:Hexaguard+1","floor":37.0},{"not_picked":["hexamod:FourthSeal","hexamod:SwordOfDarkness","hexamod:InspiringFlames"],"picked":"SKIP","floor":38.0},{"not_picked":["hexamod:FlamesFromBeyond","hexamod:BacktrackSmack","hexamod:Hexaguard"],"picked":"hexamod:GhostLash+1","floor":39.0},{"not_picked":["hexamod:RainOfEmbers+1","hexamod:SecondSeal","hexamod:CatchUp"],"picked":"hexamod:ParanormalForm","floor":42.0},{"not_picked":["hexamod:NightmareGuise","hexamod:SkipABeat","hexamod:RadiantFlame","hexamod:FlamesFromBeyond"],"picked":"SKIP","floor":42.0},{"not_picked":["hexamod:BurningTouch+1","hexamod:HauntingEcho+1","hexamod:EmpoweredFlame+1"],"picked":"hexamod:GhostLash+1","floor":46.0},{"not_picked":["hexamod:NightmareStrike+1","hexamod:BurningTouch+1","hexamod:ShieldOfDarkness","hexamod:SecondSeal"],"picked":"SKIP","floor":46.0},{"not_picked":["hexamod:Again","hexamod:GhostLash","hexamod:NightmareGuise","hexamod:DynamicBlow+1"],"picked":"SKIP","floor":47.0},{"not_picked":["hexamod:NecessarySacrifice+1","hexamod:FlamesFromBeyond+1","hexamod:Hexaguard+1","hexamod:ShieldOfDarkness+1"],"picked":"SKIP","floor":49.0},{"not_picked":["hexamod:FastForward+1","hexamod:Incineration+1","hexamod:ThermalTransfer"],"picked":"hexamod:SoulSteal+1","floor":52.0},{"not_picked":["hexamod:SwordOfDarkness","hexamod:GhostflameInferno","hexamod:BurningTouch","hexamod:SpectersWail"],"picked":"SKIP","floor":52.0}],"player_experience":239849,"relics_obtained":[{"floor":7.0,"key":"Oddly Smooth Stone"},{"floor":8.0,"key":"Torii"},{"floor":11.0,"key":"Kunai"},{"floor":25.0,"key":"hexamod:BolsterEngine"},{"floor":27.0,"key":"Blood Vial"},{"floor":40.0,"key":"SatanicBible"},{"floor":41.0,"key":"SharpPlug"},{"floor":42.0,"key":"HowToJump"},{"floor":48.0,"key":"CaptainsWheel"},{"floor":52.0,"key":"Letter Opener"}],"event_choices":[{"damage_healed":0.0,"max_hp_gain":5.0,"max_hp_loss":0.0,"gold_gain":0.0,"event_name":"Big Fish","player_choice":"Donut","floor":5.0,"gold_loss":0.0,"damage_taken":0.0}],"is_beta":false,"boss_relics":[{"not_picked":["Astrolabe","Sozu"],"picked":"MagicMushroom"},{"not_picked":[]},{"not_picked":["Black Star","Runic Dome"],"picked":"Philosopher\u0027s Stone"},{"not_picked":[]}],"items_purged_floors":[10,21,44],"is_endless":false,"potions_floor_spawned":[3,12,15,16,25,31,32,36,39,42,46,52],"killed_by":"LittleHush","ascension_level":4}}