{"host":"m48o97djpbc1ji22","time":1613595051,"event":{"mods":["BaseMod","Colored Map","Minty Spire (QoL Compilation)","Permanent Neow","Relic Stats","StSLib"],"gold_per_floor":[113,131,306,319,331,356,371,396,408,420,420],"floor_reached":10,"language":"ENG","playtime":670,"items_purged":[],"score":92,"play_id":"3f243d37-3eae-4da1-a92e-d96826b3aa37","local_time":"20210217225051","is_ascension_mode":true,"campfire_choices":[],"circlet_count":0,"master_deck":["Strike_R","Strike_R","Strike_R","Strike_R","Strike_R","Defend_R","Defend_R","Defend_R","Defend_R","Bash+1","Spot Weakness","Wild Strike","Doubt","Heavy Blade","Spot Weakness","Offering","Sentinel","Seeing Red"],"relics":["Burning Blood","Kunai","MawBank","Toxic Egg 2"],"acts_visited":["Exordium"],"potions_floor_usage":[6,10,10],"damage_taken":[{"damage":6,"enemies":"Cultist","floor":1,"turns":3},{"damage":12,"enemies":"2 Louse","floor":2,"turns":3},{"damage":9,"enemies":"Jaw Worm","floor":4,"turns":4},{"damage":13,"enemies":"Blue Slaver","floor":5,"turns":2},{"damage":12,"enemies":"Gremlin Nob","floor":6,"turns":3},{"damage":17,"enemies":"Looter","floor":7,"turns":2},{"damage":31,"enemies":"Lagavulin","floor":8,"turns":6},{"damage":24,"enemies":"3 Sentries","floor":10,"turns":4}],"seed_played":"-3102217189105752665","potions_obtained":[{"floor":1,"key":"PowerPotion"},{"floor":2,"key":"LiquidMemories"},{"floor":8,"key":"Fire Potion"}],"is_trial":false,"path_per_floor":["M","M","?","M","M","E","M","E","T","E"],"character_chosen":"IRONCLAD","items_purchased":[],"campfire_rested":0,"item_purchase_floors":[],"current_hp_per_floor":[80,74,74,71,64,58,47,22,22,0,0],"gold":420,"neow_bonus":"UPGRADE_CARD","is_daily":false,"chose_seed":false,"campfire_upgraded":0,"win_rate":0.0,"timestamp":1613595051,"path_taken":["M","M","?","M","M","E","M","E","T","E"],"items_purchased_type":[],"build_version":"2020-12-22","purchased_purges":0,"victory":false,"max_hp_per_floor":[80,80,80,80,80,80,80,80,80,80,80],"relic_stats":{"counters":[8,27],"Kunai":[2],"MawBank":24,"obtain_stats":[{"Kunai":6,"Toxic Egg 2":9,"MawBank":8,"Burning Blood":0},{"Kunai":5,"Toxic Egg 2":7,"MawBank":7,"Burning Blood":0},{"Kunai":15,"Toxic Egg 2":23,"MawBank":23,"Burning Blood":0}],"Burning Blood":42},"card_choices":[{"not_picked":["True Grit","Cleave"],"picked":"Spot Weakness","floor":1},{"not_picked":["Body Slam","Infernal Blade"],"picked":"Wild Strike","floor":2},{"not_picked":["Body Slam","Cleave"],"picked":"Heavy Blade","floor":4},{"not_picked":["Headbutt","Metallicize"],"picked":"Spot Weakness","floor":5},{"not_picked":["Clash","Cleave"],"picked":"Offering","floor":6},{"not_picked":["Thunderclap","True Grit"],"picked":"Sentinel","floor":7},{"not_picked":["Entrench","Spot Weakness"],"picked":"Seeing Red","floor":8}],"player_experience":69383,"relics_obtained":[{"floor":6,"key":"Kunai"},{"floor":8,"key":"MawBank"},{"floor":9,"key":"Toxic Egg 2"}],"event_choices":[{"damage_healed":0,"gold_gain":175,"player_choice":"AGREE","damage_taken":0,"max_hp_gain":0,"max_hp_loss":0,"event_name":"Liars Game","floor":3,"gold_loss":0,"cards_obtained":["Doubt"]}],"is_beta":false,"boss_relics":[],"items_purged_floors":[],"is_endless":false,"potions_floor_spawned":[1,2,8],"killed_by":"3 Sentries","ascension_level":3}}