{"host":"7fyy23rucerupe6i","time":1613546955,"event":{"mods":["AchievementEnabler","Act Like it!","Aspiration","BaseMod","Better Note","BetterRewards","Colored Map","Colored Powertips","Conspire","Curses Come First","Custom Start","Downfall","Googly Eyes","Marisa£®ÏF”Í°°ƒß¿Ì…≥£©","Minty Spire (QoL Compilation)","Quick Restart","Relic Stats","Shop Mod","ShortenTheSpire","Spicy Shops","StSLib","SuperFastMode","The Blackbeard","The Construct","The Cursed","The Senshi","The Servant 0.9.4"],"gold_per_floor":[109,123,123,123,138,154,188,188,44,44,76,76,76,89,115,115,211,211,231,262,273,188,115,144,144,169,217,217,217,246,258,288,300,408,420,451,463,490,515,545,587,599,639,678,690,717,729,786,831,843,855],"floor_reached":52,"language":"ZHS","playtime":1494,"items_purged":[],"score":1913,"play_id":"eab649ad-3970-4536-b74e-b336b34be38e","local_time":"20210217152915","is_ascension_mode":true,"campfire_choices":[{"data":"Gouge","floor":8,"key":"SMITH"},{"data":"InstantArmor","floor":12,"key":"SMITH"},{"data":"MurderousAura","floor":16,"key":"SMITH"},{"data":"SilverBlades","floor":25,"key":"SMITH"},{"data":"KillingDoll","floor":28,"key":"SMITH"},{"data":"Luminosity","floor":33,"key":"SMITH"},{"data":"Solidify","floor":42,"key":"SMITH"},{"data":"TheWorld","floor":50,"key":"SMITH"}],"circlet_count":0,"master_deck":["conspire:GhostlyStrike","conspire:GhostlyStrike","conspire:GhostlyStrike","conspire:GhostlyStrike","conspire:GhostlyDefend","conspire:GhostlyDefend","conspire:GhostlyDefend","KidneyShot","Exchange","BottledTime","Desolation","Gouge+1","InstantArmor+1","MurderousAura+1","GearUp","Luminosity+1","KillingDoll+1","Rearm","Desolation","SilverBlades+1","BottledTime+1","Misdirection+1","Solidify+1","SilverBlades+1","SilverBlades+1","Gouge","Advance+1","TheWorld+1"],"relics":["Uniform","Shuriken","Gremlin Horn","Pan","Potion Belt","Prayer Wheel","hexamod:BolsterEngine","Blood Vial","Blue Candle","Bronze Scales","Mercury Hourglass","Coffee Dripper","Red Mask","aspiration:FrozenJewel","MerchantsRug","InkBottle","bronze:BronzeIdol","Broom","MawBank","conspire:Dentures","aspiration:PoetsPen_weak","Mummified Hand","Lantern","Toy Ornithopter","Guardian:GemstoneGun","CatCart","theSenshi:SailorFukuRelic"],"acts_visited":["Exordium","TheCity","TheBeyond"],"potions_floor_usage":[15,34],"damage_taken":[{"damage":0,"enemies":"Jaw Worm","floor":1,"turns":3},{"damage":4,"enemies":"Small Slimes","floor":2,"turns":3},{"damage":0,"enemies":"Cultist","floor":5,"turns":2},{"damage":0,"enemies":"Blue Slaver","floor":6,"turns":2},{"damage":0,"enemies":"Gremlin Nob","floor":7,"turns":3},{"damage":7,"enemies":"3 Sentries","floor":11,"turns":6},{"damage":0,"enemies":"Large Slime","floor":14,"turns":4},{"damage":0,"enemies":"Lagavulin","floor":15,"turns":4},{"damage":9,"enemies":"Hexaghost","floor":17,"turns":5},{"damage":0,"enemies":"Chosen","floor":19,"turns":2},{"damage":0,"enemies":"Masked Bandits","floor":20,"turns":2},{"damage":0,"enemies":"3 Byrds","floor":21,"turns":2},{"damage":6,"enemies":"Book of Stabbing","floor":24,"turns":3},{"damage":16,"enemies":"Gremlin Leader","floor":26,"turns":4},{"damage":1,"enemies":"Book of Stabbing","floor":30,"turns":3},{"damage":0,"enemies":"Centurion and Healer","floor":32,"turns":3},{"damage":0,"enemies":"Champ","floor":34,"turns":5},{"damage":0,"enemies":"Orb Walker","floor":36,"turns":2},{"damage":0,"enemies":"3 Shapes","floor":38,"turns":3},{"damage":18,"enemies":"Writhing Mass","floor":39,"turns":3},{"damage":2,"enemies":"Spire Growth","floor":40,"turns":3},{"damage":0,"enemies":"Giant Head","floor":41,"turns":3},{"damage":0,"enemies":"Reptomancer","floor":43,"turns":2},{"damage":0,"enemies":"4 Shapes","floor":46,"turns":1},{"damage":0,"enemies":"Orin","floor":48,"turns":5},{"damage":0,"enemies":"Nemesis","floor":49,"turns":2},{"damage":0,"enemies":"Time Eater","floor":51,"turns":3}],"seed_played":"-4250145616932123102","potions_obtained":[{"floor":1,"key":"SkillPotion"},{"floor":6,"key":"SteroidPotion"},{"floor":11,"key":"Ancient Potion"},{"floor":14,"key":"bronze:BurnAndBuffPotion"},{"floor":15,"key":"Energy Potion"},{"floor":20,"key":"Weak Potion"},{"floor":24,"key":"DuplicationPotion"},{"floor":26,"key":"EssenceOfSteel"},{"floor":34,"key":"Regen Potion"},{"floor":36,"key":"CultistPotion"},{"floor":43,"key":"Weak Potion"},{"floor":46,"key":"AttackPotion"}],"is_trial":false,"path_per_floor":["M","M","?","?","M","M","E","R","$","T","E","R","?","M","E","R","B",null,"M","?","M","?","$","E","R","E","T","R","?","E","T","M","R","B",null,"M","?","M","M","M","E","R","E","T","T","M","$","?","E","R","B",null],"character_chosen":"THE_SERVANT","items_purchased":["Shuriken","Gremlin Horn","Pan","Potion Belt","Blood Vial","MerchantsRug"],"campfire_rested":0,"item_purchase_floors":[0,0,0,0,9,23],"current_hp_per_floor":[30,26,26,26,26,26,26,26,26,26,21,21,21,23,25,25,18,53,55,57,59,59,59,55,55,41,41,41,30,31,31,33,33,35,61,63,63,65,49,49,51,51,53,53,53,55,55,57,59,59,61],"gold":867,"neow_bonus":"","is_daily":false,"chose_seed":false,"campfire_upgraded":8,"win_rate":0.0,"timestamp":1613546955,"path_taken":["M","M","?","?","?","M","E","R","$","T","E","R","?","M","E","R","BOSS","M","?","M","?","$","E","R","E","T","R","?","E","?","M","R","BOSS","M","?","?","M","M","E","R","E","T","?","M","$","?","E","R","BOSS"],"items_purchased_type":["Relic","Relic","Relic","Relic","Relic","Relic"],"build_version":"2020-12-22","purchased_purges":0,"victory":true,"max_hp_per_floor":[65,65,65,65,65,65,65,65,65,65,65,65,65,65,65,65,65,65,65,65,65,65,65,65,65,65,65,65,70,70,70,70,70,70,70,70,70,70,70,70,70,70,70,70,70,70,70,70,70,70,70],"relic_stats":{"Gremlin Horn":[26,26],"counters":[34,108],"Blue Candle":[0],"MawBank":264,"Mercury Hourglass":[238],"Blood Vial":44,"Shuriken":[21],"Mummified Hand":[23],"Bronze Scales":[174],"Prayer Wheel":11,"obtain_stats":[{"Lantern":43,"Gremlin Horn":0,"aspiration:PoetsPen_weak":35,"Bag of Preparation":4,"Broom":27,"Blood Vial":0,"Mummified Hand":41,"aspiration:AnachronicSnailShell":7,"Prayer Wheel":4,"Red Mask":20,"theSenshi:SailorFukuRelic":49,"InkBottle":24,"Potion Belt":0,"conspire:Dentures":31,"champ:Barbells":0,"MerchantsRug":23,"Blue Candle":10,"Guardian:GemstoneGun":45,"MawBank":30,"aspiration:FrozenJewel":22,"bronze:BronzeIdol":0,"Mercury Hourglass":15,"Shuriken":0,"Bronze Scales":11,"Coffee Dripper":18,"PureWater":0,"hexamod:BolsterEngine":0,"Pan":0,"CatCart":48,"Toy Ornithopter":44},{"Lantern":30,"Gremlin Horn":7,"aspiration:PoetsPen_weak":24,"Bag of Preparation":4,"Broom":21,"Blood Vial":0,"Mummified Hand":29,"aspiration:AnachronicSnailShell":6,"Prayer Wheel":9,"Red Mask":18,"theSenshi:SailorFukuRelic":33,"InkBottle":20,"Potion Belt":7,"conspire:Dentures":22,"champ:Barbells":0,"MerchantsRug":19,"Blue Candle":12,"Guardian:GemstoneGun":30,"MawBank":22,"aspiration:FrozenJewel":19,"bronze:BronzeIdol":0,"Mercury Hourglass":15,"Shuriken":7,"Bronze Scales":13,"Coffee Dripper":16,"PureWater":0,"hexamod:BolsterEngine":0,"Pan":7,"CatCart":32,"Toy Ornithopter":30},{"Lantern":97,"Gremlin Horn":25,"aspiration:PoetsPen_weak":81,"Bag of Preparation":14,"Broom":70,"Blood Vial":0,"Mummified Hand":95,"aspiration:AnachronicSnailShell":24,"Prayer Wheel":31,"Red Mask":61,"theSenshi:SailorFukuRelic":105,"InkBottle":66,"Potion Belt":25,"conspire:Dentures":73,"champ:Barbells":0,"MerchantsRug":63,"Blue Candle":38,"Guardian:GemstoneGun":97,"MawBank":73,"aspiration:FrozenJewel":63,"bronze:BronzeIdol":0,"Mercury Hourglass":52,"Shuriken":25,"Bronze Scales":44,"Coffee Dripper":57,"PureWater":0,"hexamod:BolsterEngine":0,"Pan":25,"CatCart":103,"Toy Ornithopter":97}],"InkBottle":[25],"Toy Ornithopter":0},"card_choices":[{"not_picked":["Unruled","Replace"],"picked":"BottledTime","floor":1},{"not_picked":["Starlight","Spin"],"picked":"Desolation","floor":2},{"not_picked":["Rearm","Deadline"],"picked":"Gouge","floor":5},{"not_picked":["DancingSilver","SurpressingFire"],"picked":"InstantArmor","floor":5},{"not_picked":["ShiftingGears","TimeTheft"],"picked":"MurderousAura","floor":6},{"not_picked":["TimeWarp","DoubleEdge","Moonlight"],"picked":"SKIP","floor":6},{"not_picked":["ShatteredReality","MoonPhase"],"picked":"GearUp","floor":7},{"not_picked":["Reset","Revamp","FastForward"],"picked":"SKIP","floor":11},{"not_picked":["Spin","Replace"],"picked":"Luminosity","floor":14},{"not_picked":["Unruled","Alleviate","Potential"],"picked":"SKIP","floor":14},{"not_picked":["StarChef","Unruled","BestPractice"],"picked":"SKIP","floor":15},{"not_picked":["ForgedInTime","Solidify"],"picked":"KillingDoll","floor":17},{"not_picked":["Defy","MoonPhase"],"picked":"Rearm","floor":19},{"not_picked":["Potential","Unruled","ShatteredReality"],"picked":"SKIP","floor":19},{"not_picked":["SpecialFormula","Barrier"],"picked":"Desolation","floor":20},{"not_picked":["Ricochet+1","Starlight+1"],"picked":"SilverBlades","floor":21},{"not_picked":["DoubleEdge","Read"],"picked":"BottledTime+1","floor":21},{"not_picked":["FanOfKnives","BottledTime","Unruled"],"picked":"SKIP","floor":24},{"not_picked":["InstantArmor","DoubleEdge","Potential"],"picked":"SKIP","floor":26},{"not_picked":["Revamp+1","TimeWarp"],"picked":"Misdirection+1","floor":30},{"not_picked":["Rewind","Ricochet","FanOfKnives+1"],"picked":"SKIP","floor":32},{"not_picked":["Moonlight","FastForward","Barrier"],"picked":"SKIP","floor":32},{"not_picked":["MurderousAura","KillingDoll"],"picked":"Solidify","floor":34},{"not_picked":["DoubleEdge","ReturningBlade"],"picked":"SilverBlades+1","floor":36},{"not_picked":["Reset+1","Unruled+1"],"picked":"SilverBlades+1","floor":36},{"not_picked":["Unruled","Snipe+1"],"picked":"Gouge","floor":38},{"not_picked":["Revamp+1","Rewind","ShatteredReality"],"picked":"SKIP","floor":38},{"not_picked":["Defy","ShatteredReality","Sabotage"],"picked":"SKIP","floor":39},{"not_picked":["Gouge+1","Defy+1","Rearm+1"],"picked":"SKIP","floor":39},{"not_picked":["Spin","Rewind+1"],"picked":"Advance+1","floor":40},{"not_picked":["Starlight+1","DoubleEdge","TimeWarp"],"picked":"SKIP","floor":40},{"not_picked":["Rewind","Revamp","FloweringNight"],"picked":"SKIP","floor":41},{"not_picked":["BottledTime+1","RealityMarble"],"picked":"TheWorld","floor":43},{"not_picked":["Advance+1","Gouge+1","Barrier"],"picked":"SKIP","floor":46},{"not_picked":["Spin+1","Alleviate+1","ShatteredReality"],"picked":"SKIP","floor":46},{"not_picked":["Unruled","FastForward","Replace"],"picked":"SKIP","floor":49}],"player_experience":590708,"relics_obtained":[{"floor":7,"key":"hexamod:BolsterEngine"},{"floor":10,"key":"Blue Candle"},{"floor":11,"key":"Bronze Scales"},{"floor":15,"key":"Mercury Hourglass"},{"floor":20,"key":"Red Mask"},{"floor":24,"key":"InkBottle"},{"floor":26,"key":"bronze:BronzeIdol"},{"floor":27,"key":"Broom"},{"floor":30,"key":"MawBank"},{"floor":31,"key":"conspire:Dentures"},{"floor":41,"key":"Mummified Hand"},{"floor":43,"key":"Lantern"},{"floor":44,"key":"Toy Ornithopter"},{"floor":45,"key":"Guardian:GemstoneGun"},{"floor":48,"key":"CatCart"},{"floor":49,"key":"theSenshi:SailorFukuRelic"}],"event_choices":[{"damage_healed":0,"gold_gain":0,"player_choice":"Leave","damage_taken":0,"max_hp_gain":0,"max_hp_loss":0,"event_name":"conspire:Investor","floor":3,"gold_loss":0},{"damage_healed":0,"gold_gain":0,"player_choice":"Gave Potion","damage_taken":0,"relics_obtained":["Prayer Wheel"],"max_hp_gain":0,"max_hp_loss":0,"event_name":"WeMeetAgain","floor":4,"gold_loss":0},{"damage_healed":0,"gold_gain":0,"player_choice":"Agree","damage_taken":0,"max_hp_gain":0,"max_hp_loss":0,"event_name":"conspire:LoneGhost","floor":13,"gold_loss":0},{"damage_healed":0,"gold_gain":0,"player_choice":"Fought Bandits","damage_taken":0,"max_hp_gain":0,"max_hp_loss":0,"event_name":"Masked Bandits","floor":20,"gold_loss":0},{"damage_healed":0,"gold_gain":0,"player_choice":"Obtained Relic","damage_taken":0,"relics_obtained":["aspiration:FrozenJewel"],"max_hp_gain":0,"max_hp_loss":0,"event_name":"Addict","floor":22,"gold_loss":85},{"damage_healed":0,"gold_gain":0,"player_choice":"Shed Blood","damage_taken":16,"max_hp_gain":5,"max_hp_loss":0,"event_name":"Forgotten Altar","floor":29,"gold_loss":0},{"cards_removed":["conspire:GhostlyDefend"],"damage_healed":0,"gold_gain":0,"player_choice":"Purged","damage_taken":0,"max_hp_gain":0,"max_hp_loss":0,"event_name":"Purifier","floor":37,"gold_loss":0},{"damage_healed":0,"gold_gain":0,"player_choice":"Fight","damage_taken":0,"max_hp_gain":0,"max_hp_loss":0,"event_name":"OrinTheCat","floor":48,"gold_loss":0}],"is_beta":false,"boss_relics":[{"not_picked":["Cursed Key","SlaversCollar"],"picked":"Coffee Dripper"},{"not_picked":["aspiration:SecretTechniqueScroll","Fusion Hammer"],"picked":"aspiration:PoetsPen_weak"}],"items_purged_floors":[],"is_endless":false,"potions_floor_spawned":[1,6,11,14,15,20,24,26,34,36,43,46,49],"ascension_level":9}}