{"host":"tlbbab9afexrkdtf","time":1613604000,"event":{"mods":["2.2 Compatiblity","AchievementEnabler","BaseMod","Colored Map","Colored Powertips","Minty Spire (QoL Compilation)","Rare Cards Sparkle","StSLib"],"gold_per_floor":[109,119,119,138,148,174,174,202,202,230,4,4,21,40,40,141,141,159,159,159,179,259,292,292,318,344,355,372,372,372,372,372,372,372],"floor_reached":33,"language":"ENG","playtime":970,"items_purged":["Strike_R"],"score":406,"play_id":"af43acd1-6a25-4f32-aff6-c6c375fe90f7","local_time":"20210217182000","is_ascension_mode":true,"campfire_choices":[{"floor":7,"key":"REST"},{"floor":12,"key":"RECALL"},{"floor":15,"key":"REST"},{"floor":24,"key":"REST"},{"floor":29,"key":"REST"},{"floor":32,"key":"REST"}],"circlet_count":0,"master_deck":["Bash","Inflame","Flex","Cleave","Wild Strike","Immolate","Uppercut","Perfected Strike","Shrug It Off","Ghostly Armor","Reaper","Feel No Pain","Rage","Flex","Rage","Searing Blow","Second Wind","Barricade","Thunderclap","Bite","Bite","Bite","Bite","Bite","Armaments","Flex+1","Shrug It Off","Anger+1","Havoc+1","Berserk","Necronomicurse"],"relics":["Burning Blood","Pen Nib","MealTicket","Pear","Gambling Chip","Bag of Marbles","Pandora\u0027s Box","Bottled Flame","Question Card","StoneCalendar","Necronomicon"],"acts_visited":["Exordium","TheCity"],"potions_floor_usage":[6,6,8,10,23,23,25,27,33],"damage_taken":[{"damage":6,"enemies":"Cultist","floor":1,"turns":4},{"damage":7,"enemies":"Jaw Worm","floor":2,"turns":3},{"damage":20,"enemies":"Small Slimes","floor":4,"turns":5},{"damage":18,"enemies":"3 Louse","floor":5,"turns":3},{"damage":40,"enemies":"Lagavulin","floor":6,"turns":5},{"damage":26,"enemies":"Gremlin Nob","floor":8,"turns":4},{"damage":15,"enemies":"3 Sentries","floor":10,"turns":4},{"damage":11,"enemies":"Blue Slaver","floor":13,"turns":3},{"damage":20,"enemies":"Gremlin Gang","floor":14,"turns":3},{"damage":32,"enemies":"Slime Boss","floor":16,"turns":8},{"damage":9,"enemies":"Chosen","floor":18,"turns":4},{"damage":29,"enemies":"Shell Parasite","floor":21,"turns":5},{"damage":30,"enemies":"Gremlin Leader","floor":23,"turns":4},{"damage":35,"enemies":"Slavers","floor":25,"turns":3},{"damage":0,"enemies":"3 Cultists","floor":27,"turns":2},{"damage":19,"enemies":"Snecko","floor":28,"turns":4},{"damage":81,"enemies":"Champ","floor":33,"turns":7}],"seed_played":"7926900106348973502","potions_obtained":[{"floor":1,"key":"BloodPotion"},{"floor":2,"key":"SteroidPotion"},{"floor":6,"key":"Weak Potion"},{"floor":8,"key":"Regen Potion"},{"floor":10,"key":"BlessingOfTheForge"},{"floor":16,"key":"Dexterity Potion"},{"floor":18,"key":"Weak Potion"},{"floor":25,"key":"Regen Potion"},{"floor":27,"key":"SkillPotion"}],"is_trial":false,"path_per_floor":["M","M","?","M","M","E","R","E","T","E","$","R","M","M","R","B",null,"M","?","?","M","T","E","R","E","T","M","M","R","?","?","R","B"],"character_chosen":"IRONCLAD","items_purchased":["Bag of Marbles"],"campfire_rested":5,"item_purchase_floors":[11],"current_hp_per_floor":[88,87,87,73,61,44,70,50,60,63,78,78,73,59,88,62,89,86,68,56,41,41,40,61,46,46,73,60,73,73,57,73,0,0],"gold":372,"neow_bonus":"TEN_PERCENT_HP_BONUS","is_daily":false,"chose_seed":false,"campfire_upgraded":0,"win_rate":0.0,"timestamp":1613604000,"path_taken":["M","?","?","M","?","E","R","E","T","E","$","R","M","?","R","BOSS","M","?","?","M","?","E","R","E","T","M","?","R","?","?","R","BOSS"],"items_purchased_type":["Relic"],"build_version":"2020-12-22","purchased_purges":1,"victory":false,"max_hp_per_floor":[88,88,88,88,88,88,88,88,98,98,98,98,98,98,98,98,98,98,68,73,73,73,73,73,73,73,73,73,73,73,73,73,73,73],"card_choices":[{"not_picked":["Bloodletting","Twin Strike"],"picked":"Inflame","floor":1},{"not_picked":["Wild Strike","Shrug It Off"],"picked":"Flex","floor":2},{"not_picked":["Burning Pact","Wild Strike"],"picked":"Cleave","floor":4},{"not_picked":["Exhume","Fire Breathing"],"picked":"Wild Strike","floor":5},{"not_picked":["Exhume","Sword Boomerang"],"picked":"Immolate","floor":6},{"not_picked":["Clash","Dark Embrace"],"picked":"Uppercut","floor":8},{"not_picked":["Thunderclap","Cleave"],"picked":"Perfected Strike","floor":10},{"not_picked":["True Grit","Cleave"],"picked":"Shrug It Off","floor":13},{"not_picked":["Body Slam","Iron Wave"],"picked":"Ghostly Armor","floor":14},{"not_picked":["Limit Break","Offering"],"picked":"Reaper","floor":16},{"not_picked":["Pummel","Shrug It Off"],"picked":"Thunderclap","floor":18},{"not_picked":["Bloodletting","Wild Strike"],"picked":"Armaments","floor":21},{"not_picked":["Shockwave","Rupture"],"picked":"Flex+1","floor":23},{"not_picked":["Wild Strike","Perfected Strike","Clash"],"picked":"Shrug It Off","floor":25},{"not_picked":["Evolve","Havoc","Pommel Strike"],"picked":"Anger+1","floor":27},{"not_picked":["Blood for Blood","Whirlwind+1","Cleave"],"picked":"Havoc+1","floor":28}],"player_experience":320800,"relics_obtained":[{"floor":6,"key":"Pen Nib"},{"floor":8,"key":"MealTicket"},{"floor":9,"key":"Pear"},{"floor":10,"key":"Gambling Chip"},{"floor":22,"key":"Bottled Flame"},{"floor":23,"key":"Question Card"},{"floor":25,"key":"StoneCalendar"},{"floor":31,"key":"Necronomicon"}],"event_choices":[{"cards_removed":["Strike_R"],"damage_healed":0,"gold_gain":0,"player_choice":"Purged","damage_taken":0,"max_hp_gain":0,"max_hp_loss":0,"event_name":"Purifier","floor":3,"gold_loss":0},{"damage_healed":0,"gold_gain":0,"player_choice":"Became a vampire","damage_taken":0,"max_hp_gain":0,"max_hp_loss":30,"event_name":"Vampires","floor":19,"gold_loss":0,"cards_obtained":["Bite","Bite","Bite","Bite","Bite"]},{"damage_healed":0,"gold_gain":0,"player_choice":"Shed Blood","damage_taken":17,"max_hp_gain":5,"max_hp_loss":0,"event_name":"Forgotten Altar","floor":20,"gold_loss":0},{"damage_healed":0,"gold_gain":0,"player_choice":"Read","damage_taken":0,"max_hp_gain":0,"max_hp_loss":0,"event_name":"The Library","floor":30,"gold_loss":0,"cards_obtained":["Berserk"]},{"damage_healed":0,"gold_gain":0,"player_choice":"Obtained Book","damage_taken":16,"max_hp_gain":0,"max_hp_loss":0,"event_name":"Cursed Tome","floor":31,"gold_loss":0}],"is_beta":false,"boss_relics":[{"not_picked":["Snecko Eye","Runic Cube"],"picked":"Pandora\u0027s Box"}],"items_purged_floors":[11],"is_endless":false,"potions_floor_spawned":[1,2,6,8,10,16,18,25,27],"killed_by":"Champ","ascension_level":5}}