{"host":"jn2qdns2nxijvlnt","time":1613546917,"event":{"mods":["BaseMod","Minty Spire (QoL Compilation)","Quick Restart"],"gold_per_floor":[114,13,13,32,32,32,45,45,45,70,18,33,45,63,63,167,167,182,192,45,45,60,60,60],"floor_reached":23,"language":"ENG","playtime":1345,"items_purged":[],"score":309,"play_id":"5d231a5f-36e4-41d8-aaf0-7864bae57d85","local_time":"20210217022837","is_ascension_mode":true,"campfire_choices":[{"floor":6,"key":"REST"},{"data":"Poisoned Stab","floor":8,"key":"SMITH"},{"floor":15,"key":"REST"}],"circlet_count":0,"master_deck":["AscendersBane","Strike_G","Strike_G","Strike_G","Strike_G","Strike_G","Defend_G","Defend_G","Defend_G","Defend_G","Defend_G","Survivor","Neutralize","Dodge and Roll","Poisoned Stab+1","Poisoned Stab","Bane","Deadly Poison","Backflip","Adrenaline"],"relics":["Ring of the Snake","Kunai","Bag of Marbles","Philosopher\u0027s Stone","TwistedFunnel"],"acts_visited":["Exordium","TheCity"],"potions_floor_usage":[13],"damage_taken":[{"damage":2,"enemies":"2 Louse","floor":1,"turns":5},{"damage":5,"enemies":"Cultist","floor":4,"turns":5},{"damage":0,"enemies":"Small Slimes","floor":7,"turns":3},{"damage":29,"enemies":"Lagavulin","floor":10,"turns":8},{"damage":8,"enemies":"Blue Slaver","floor":12,"turns":2},{"damage":7,"enemies":"3 Louse","floor":13,"turns":2},{"damage":2,"enemies":"Looter","floor":14,"turns":2},{"damage":25,"enemies":"The Guardian","floor":16,"turns":9},{"damage":18,"enemies":"3 Byrds","floor":18,"turns":6},{"damage":3,"enemies":"Shell Parasite","floor":19,"turns":6},{"damage":7,"enemies":"Centurion and Healer","floor":22,"turns":7},{"damage":74,"enemies":"Gremlin Leader","floor":23,"turns":6}],"seed_played":"-8865690693679260163","potions_obtained":[{"floor":10,"key":"SteroidPotion"},{"floor":16,"key":"EntropicBrew"}],"is_trial":false,"path_per_floor":["M","$","?","M","$","R","M","R","T","E","$","M","M","M","R","B",null,"M","M","$","$","M","E"],"character_chosen":"THE_SILENT","items_purchased":["FairyPotion","Strength Potion","TwistedFunnel"],"campfire_rested":2,"item_purchase_floors":[2,11,20],"current_hp_per_floor":[61,61,61,56,56,70,70,70,70,41,41,33,26,24,45,20,58,40,37,37,37,30,0,0],"gold":60,"neow_bonus":"THREE_CARDS","is_daily":false,"chose_seed":false,"campfire_upgraded":1,"win_rate":0.0,"timestamp":1613546917,"path_taken":["M","$","?","M","?","R","?","R","T","E","$","M","M","M","R","BOSS","M","?","?","$","M","E"],"items_purchased_type":["Potion","Potion","Relic"],"build_version":"2020-12-22","purchased_purges":0,"victory":false,"max_hp_per_floor":[70,70,70,70,70,70,70,70,70,70,70,70,70,70,70,70,70,70,70,70,70,70,70,70],"card_choices":[{"not_picked":["Outmaneuver","Underhanded Strike"],"picked":"Dodge and Roll","floor":0},{"not_picked":["Sucker Punch","Riddle With Holes"],"picked":"Poisoned Stab","floor":1},{"not_picked":["Outmaneuver","Sucker Punch","PiercingWail"],"picked":"SKIP","floor":4},{"not_picked":["Deadly Poison","Bane"],"picked":"Poisoned Stab","floor":7},{"not_picked":["Prepared","Leg Sweep"],"picked":"Bane","floor":10},{"not_picked":["Outmaneuver","Expertise","Blade Dance"],"picked":"SKIP","floor":12},{"not_picked":["Reflex","Escape Plan"],"picked":"Deadly Poison","floor":13},{"not_picked":["Quick Slash","Endless Agony"],"picked":"Backflip","floor":14},{"not_picked":["Doppelganger","Glass Knife"],"picked":"Adrenaline","floor":16},{"not_picked":["Masterful Stab","Concentrate","Cloak And Dagger"],"picked":"SKIP","floor":18},{"not_picked":["Cloak And Dagger","Backflip","Dash"],"picked":"SKIP","floor":19},{"not_picked":["Acrobatics","Backflip","Choke"],"picked":"SKIP","floor":22}],"player_experience":596032,"relics_obtained":[{"floor":9,"key":"Kunai"},{"floor":10,"key":"Bag of Marbles"}],"event_choices":[{"damage_healed":0,"gold_gain":0,"player_choice":"Ignored","damage_taken":0,"max_hp_gain":0,"max_hp_loss":0,"event_name":"Purifier","floor":3,"gold_loss":0}],"is_beta":false,"boss_relics":[{"not_picked":["Runic Dome","Tiny House"],"picked":"Philosopher\u0027s Stone"}],"items_purged_floors":[],"is_endless":false,"potions_floor_spawned":[10,12,16,19,22],"killed_by":"Gremlin Leader","ascension_level":12}}