{"host":"5n1fl7z5i1vf7jan","time":1613531660,"event":{"mods":["BaseMod","Minty Spire (QoL Compilation)","Quick Restart","Relic Stats"],"gold_per_floor":[110,125,144,18,38,38,63,63,89,102,102,127,177,196,196,268,268,282,282,282,282,300,300,300],"floor_reached":23,"language":"ENG","playtime":1302,"items_purged":["Strike_R"],"score":502,"play_id":"5826269c-50ee-4971-9f9f-d6e2ff415fa7","local_time":"20210216191420","is_ascension_mode":true,"campfire_choices":[{"data":"Bash","floor":6,"key":"SMITH"},{"data":"Whirlwind","floor":8,"key":"SMITH"},{"data":"Clothesline","floor":11,"key":"SMITH"},{"floor":15,"key":"REST"}],"circlet_count":0,"master_deck":["AscendersBane","Strike_R","Strike_R","Strike_R","Strike_R","Defend_R","Defend_R","Defend_R","Defend_R","Bash+1","Clothesline+1","Fire Breathing","Cleave","Hemokinesis","Whirlwind+1","Rupture","True Grit","Brutality","CurseOfTheBell"],"relics":["Busted Crown","Regal Pillow","Tiny Chest","Akabeko","Calling Bell","Pen Nib","StrikeDummy","Charon\u0027s Ashes","Juzu Bracelet","Nilry\u0027s Codex","Oddly Smooth Stone"],"acts_visited":["Exordium","TheCity"],"potions_floor_usage":[14,23],"damage_taken":[{"damage":0,"enemies":"Cultist","floor":1,"turns":3},{"damage":3,"enemies":"2 Louse","floor":2,"turns":3},{"damage":3,"enemies":"Small Slimes","floor":3,"turns":3},{"damage":0,"enemies":"Exordium Wildlife","floor":5,"turns":2},{"damage":20,"enemies":"3 Sentries","floor":7,"turns":5},{"damage":5,"enemies":"3 Louse","floor":10,"turns":2},{"damage":12,"enemies":"Lagavulin","floor":12,"turns":6},{"damage":2,"enemies":"Looter","floor":14,"turns":2},{"damage":2,"enemies":"Slime Boss","floor":16,"turns":5},{"damage":4,"enemies":"Chosen","floor":18,"turns":3},{"damage":29,"enemies":"2 Thieves","floor":22,"turns":3},{"damage":16,"enemies":"Book of Stabbing","floor":23,"turns":3}],"seed_played":"1663751292770523237","potions_obtained":[{"floor":1,"key":"Swift Potion"},{"floor":3,"key":"Block Potion"},{"floor":5,"key":"SteroidPotion"}],"is_trial":false,"path_per_floor":["M","M","M","$","M","R","E","R","T","M","R","E","?","M","R","B",null,"M","T","?","T","M","E"],"character_chosen":"IRONCLAD","items_purchased":["Cleave"],"campfire_rested":1,"item_purchase_floors":[4],"current_hp_per_floor":[68,65,62,62,62,62,42,42,42,37,37,25,25,23,60,58,71,67,67,46,46,17,1,1],"gold":300,"neow_bonus":"BOSS_RELIC","is_daily":false,"chose_seed":false,"campfire_upgraded":3,"win_rate":0.0,"timestamp":1613531660,"path_taken":["M","M","M","?","M","R","E","R","T","M","R","E","?","M","R","BOSS","M","?","?","?","M","E"],"items_purchased_type":["Card"],"build_version":"2020-12-22","purchased_purges":1,"victory":false,"max_hp_per_floor":[75,75,75,75,75,75,75,75,75,75,75,75,75,75,75,75,75,75,75,75,75,75,75,75],"relic_stats":{"Regal Pillow":15,"Busted Crown":24,"counters":[12,40],"Tiny Chest":1,"Pen Nib":[1],"Charon\u0027s Ashes":[9],"Juzu Bracelet":0,"obtain_stats":[{"Calling Bell":17,"Regal Pillow":7,"Busted Crown":0,"Nilry\u0027s Codex":20,"Oddly Smooth Stone":21,"Tiny Chest":9,"Pen Nib":17,"Charon\u0027s Ashes":17,"Juzu Bracelet":19,"StrikeDummy":17,"Burning Blood":0,"Akabeko":12},{"Calling Bell":9,"Regal Pillow":5,"Busted Crown":0,"Nilry\u0027s Codex":10,"Oddly Smooth Stone":10,"Tiny Chest":5,"Pen Nib":9,"Charon\u0027s Ashes":9,"Juzu Bracelet":10,"StrikeDummy":9,"Burning Blood":0,"Akabeko":7},{"Calling Bell":31,"Regal Pillow":16,"Busted Crown":0,"Nilry\u0027s Codex":34,"Oddly Smooth Stone":34,"Tiny Chest":16,"Pen Nib":31,"Charon\u0027s Ashes":31,"Juzu Bracelet":34,"StrikeDummy":31,"Burning Blood":0,"Akabeko":24}]},"card_choices":[{"not_picked":["Dark Embrace"],"picked":"SKIP","floor":1},{"not_picked":[],"picked":"Clothesline","floor":2},{"not_picked":[],"picked":"Fire Breathing","floor":3},{"not_picked":[],"picked":"Hemokinesis","floor":5},{"not_picked":[],"picked":"Whirlwind","floor":7},{"not_picked":["Sword Boomerang"],"picked":"SKIP","floor":10},{"not_picked":[],"picked":"Rupture","floor":12},{"not_picked":[],"picked":"True Grit","floor":14},{"not_picked":[],"picked":"Brutality","floor":16},{"not_picked":["Perfected Strike"],"picked":"SKIP","floor":18},{"not_picked":["Clash+1"],"picked":"SKIP","floor":22}],"player_experience":348477,"relics_obtained":[{"floor":7,"key":"Regal Pillow"},{"floor":9,"key":"Tiny Chest"},{"floor":12,"key":"Akabeko"},{"floor":17,"key":"Pen Nib"},{"floor":17,"key":"StrikeDummy"},{"floor":17,"key":"Charon\u0027s Ashes"},{"floor":19,"key":"Juzu Bracelet"},{"floor":20,"key":"Nilry\u0027s Codex"},{"floor":21,"key":"Oddly Smooth Stone"}],"event_choices":[{"damage_healed":0,"gold_gain":50,"player_choice":"Pray","damage_taken":0,"max_hp_gain":0,"max_hp_loss":0,"event_name":"Golden Shrine","floor":13,"gold_loss":0},{"damage_healed":0,"gold_gain":0,"player_choice":"Obtained Book","damage_taken":21,"max_hp_gain":0,"max_hp_loss":0,"event_name":"Cursed Tome","floor":20,"gold_loss":0}],"is_beta":false,"boss_relics":[{"not_picked":["Tiny House","Ectoplasm"],"picked":"Calling Bell"}],"items_purged_floors":[4],"is_endless":false,"potions_floor_spawned":[1,3,5,12],"killed_by":"Book of Stabbing","ascension_level":20}}