{"host":"xp27heuvanyklt0b","time":1613570542,"event":{"mods":["100% Spire Juice","BaseMod","CapriCore","Koishi","Lobotomy","Minty Spire (QoL Compilation)","StSLib","The Immortal"],"gold_per_floor":[119,139,19,94,111,111,128,8,8,28,48,48,66,46,46,144,24,41,41,52,67,15,15,31,62,115,18,41,41,41,41],"floor_reached":30,"language":"KOR","playtime":1246,"items_purged":[],"score":246,"play_id":"d8c6ea8d-2f43-4246-ac26-e9ea78c7e7a0","local_time":"20210217230222","is_ascension_mode":false,"campfire_choices":[{"data":"Moonworks:MiracleRedBeanIceCream","floor":6,"key":"SMITH"},{"data":"Moonworks:LongDistanceShot","floor":8,"key":"SMITH"},{"data":"Moonworks:AccelHyper","floor":12,"key":"SMITH"},{"data":"Moonworks:CloudOfSeagulls","floor":15,"key":"SMITH"},{"data":"Moonworks:Accelerator","floor":23,"key":"SMITH"},{"data":"Moonworks:ForcedRevival","floor":29,"key":"SMITH"}],"circlet_count":0,"master_deck":["Moonworks:Strike","Moonworks:Strike","Moonworks:Strike+1","Moonworks:Strike","Moonworks:Defend","Moonworks:Defend","Moonworks:Defend+1","Moonworks:Defend","Moonworks:Ambush+1","Moonworks:LongDistanceShot+1","Moonworks:MiracleRedBeanIceCream+1","Moonworks:SakisCookie","Moonworks:SakisCookie","Moonworks:ForcedRevival+1","Moonworks:ImmovableObject","Moonworks:AccelHyper+1","Moonworks:CloudOfSeagulls+1","Moonworks:Accelerator+1","Moonworks:Dash","Moonworks:BigMagnum+1","Moonworks:BackdoorTrade+1","Moonworks:CloudOfSeagulls","Moonworks:DeployBits+1","Moonworks:CrystalBarrier","Moonworks:ImmovableObject","Moonworks:CloudOfSeagulls+1"],"relics":["Moonworks:SBBomb","Moonworks:Homemark","Molten Egg 2","CeramicFish"],"acts_visited":["Exordium","TheCity"],"potions_floor_usage":[10,20,20,25,27,30],"damage_taken":[{"damage":2,"enemies":"Small Slimes","floor":1,"turns":5},{"damage":1,"enemies":"Jaw Worm","floor":2,"turns":3},{"damage":0,"enemies":"2 Louse","floor":5,"turns":2},{"damage":1,"enemies":"Exordium Thugs","floor":7,"turns":5},{"damage":14,"enemies":"Gremlin Gang","floor":10,"turns":4},{"damage":0,"enemies":"Lots of Slimes","floor":11,"turns":4},{"damage":8,"enemies":"Red Slaver","floor":13,"turns":3},{"damage":18,"enemies":"Slime Boss","floor":16,"turns":8},{"damage":0,"enemies":"Shell Parasite","floor":18,"turns":4},{"damage":0,"enemies":"2 Thieves","floor":20,"turns":5},{"damage":16,"enemies":"Sentry and Sphere","floor":21,"turns":5},{"damage":12,"enemies":"3 Cultists","floor":24,"turns":4},{"damage":14,"enemies":"Book of Stabbing","floor":25,"turns":5},{"damage":4,"enemies":"Centurion and Healer","floor":27,"turns":6},{"damage":1,"enemies":"Snecko","floor":28,"turns":8},{"damage":56,"enemies":"Slavers","floor":30,"turns":2}],"seed_played":"1016018807554198513","potions_obtained":[{"floor":1,"key":"Weak Potion"},{"floor":7,"key":"Energy Potion"},{"floor":16,"key":"DistilledChaos"},{"floor":19,"key":"SkillPotion"},{"floor":25,"key":"SkillPotion"},{"floor":28,"key":"LiquidMemories"}],"is_trial":false,"path_per_floor":["M","M","?","?","M","R","M","R","T","M","M","R","M","?","R","B",null,"M","?","M","M","$","R","M","E","T","M","M","R","E"],"character_chosen":"THE_STARBREAKER","items_purchased":["Moonworks:CloudOfSeagulls"],"campfire_rested":0,"item_purchase_floors":[22],"current_hp_per_floor":[58,60,48,37,42,42,48,48,48,43,55,55,54,54,54,41,60,60,60,60,49,49,49,42,38,38,39,43,43,0,0],"gold":41,"neow_bonus":"UPGRADE_CARD","is_daily":false,"chose_seed":false,"campfire_upgraded":6,"win_rate":0.0,"timestamp":1613570542,"path_taken":["M","M","?","?","M","R","?","R","T","M","M","R","M","?","R","BOSS","M","?","M","?","?","R","?","E","T","M","M","R","E"],"items_purchased_type":["Card"],"build_version":"2020-12-22","purchased_purges":0,"victory":false,"max_hp_per_floor":[60,60,60,60,60,60,60,60,60,60,60,60,60,60,60,60,60,60,60,60,60,60,60,60,60,60,60,60,60,60,60],"card_choices":[{"not_picked":["Moonworks:NicePresent","Moonworks:DeployBits"],"picked":"Moonworks:MiracleRedBeanIceCream","floor":1},{"not_picked":["Moonworks:RagingMadness","Moonworks:BigBangBell"],"picked":"Moonworks:SakisCookie","floor":2},{"not_picked":["Moonworks:UnluckyCharm","Moonworks:ImOnFire"],"picked":"Moonworks:SakisCookie","floor":5},{"not_picked":["Moonworks:Assault","Moonworks:NicePresent"],"picked":"Moonworks:ForcedRevival","floor":7},{"not_picked":["Moonworks:CloudOfSeagulls","Moonworks:Heat300Percent"],"picked":"Moonworks:ImmovableObject","floor":10},{"not_picked":["Moonworks:DevilHand","Moonworks:SakisCookie"],"picked":"Moonworks:AccelHyper","floor":11},{"not_picked":["Moonworks:Assault","Moonworks:Heat300Percent"],"picked":"Moonworks:CloudOfSeagulls","floor":13},{"not_picked":["Moonworks:HolyNight","Moonworks:PlushieMaster"],"picked":"Moonworks:Accelerator","floor":16},{"not_picked":["Moonworks:ImOnFire","Moonworks:ReproductionOfRecords"],"picked":"Moonworks:Dash","floor":18},{"not_picked":["Moonworks:SakisCookie","Moonworks:LulusLuckyEgg"],"picked":"Moonworks:BigMagnum+1","floor":20},{"not_picked":["Moonworks:LulusLuckyEgg","Moonworks:CloudOfSeagulls"],"picked":"Moonworks:BackdoorTrade+1","floor":21},{"not_picked":["Moonworks:BackdoorTrade","Moonworks:x16BigRocket"],"picked":"Moonworks:DeployBits+1","floor":24},{"not_picked":["Moonworks:Flamethrower","Moonworks:AccelHyper"],"picked":"Moonworks:CrystalBarrier","floor":25},{"not_picked":["Moonworks:BigMagnum","Moonworks:SakisCookie"],"picked":"Moonworks:ImmovableObject","floor":27},{"not_picked":["Moonworks:FullSpeedAlicianrone+1","Moonworks:EvilSpyWorkPreparation"],"picked":"Moonworks:CloudOfSeagulls+1","floor":28}],"player_experience":322601,"relics_obtained":[{"floor":25,"key":"Molten Egg 2"},{"floor":26,"key":"CeramicFish"}],"event_choices":[{"damage_healed":0,"gold_gain":0,"player_choice":"Entered Light","damage_taken":12,"max_hp_gain":0,"max_hp_loss":0,"event_name":"Shining Light","floor":3,"gold_loss":0,"cards_upgraded":["Moonworks:Strike","Moonworks:Defend"]},{"damage_healed":0,"gold_gain":75,"player_choice":"Gather Gold","damage_taken":11,"max_hp_gain":0,"max_hp_loss":0,"event_name":"World of Goop","floor":4,"gold_loss":0},{"damage_healed":0,"gold_gain":100,"player_choice":"Pray","damage_taken":0,"max_hp_gain":0,"max_hp_loss":0,"event_name":"Golden Shrine","floor":14,"gold_loss":0},{"damage_healed":0,"gold_gain":0,"player_choice":"Got Potions","damage_taken":0,"max_hp_gain":0,"max_hp_loss":0,"event_name":"Lab","floor":19,"gold_loss":0}],"is_beta":false,"boss_relics":[{"not_picked":["Sozu","Fusion Hammer"],"picked":"Moonworks:SBBomb"}],"items_purged_floors":[],"is_endless":false,"potions_floor_spawned":[1,7,16,25,28],"killed_by":"Slavers","ascension_level":0}}