{"host":"n2sr453jcjz6vvl4","time":1613604223,"event":{"mods":["BaseMod","Colored Map","Minty Spire (QoL Compilation)","Permanent Neow","Relic Stats","StSLib"],"gold_per_floor":[111,76,76,95,108,108,108],"floor_reached":6,"language":"ENG","playtime":6864,"items_purged":[],"score":43,"play_id":"92143566-63ed-49e8-928c-ec8aaef79795","local_time":"20210217192343","is_ascension_mode":true,"campfire_choices":[],"circlet_count":0,"master_deck":["Strike_G","Strike_G","Strike_G","Strike_G","Strike_G","Defend_G","Defend_G","Defend_G","Defend_G","Defend_G","Survivor","Neutralize","Finisher","Backstab","PiercingWail"],"relics":["Ring of the Snake","Girya","GremlinMask"],"acts_visited":["Exordium"],"potions_floor_usage":[6],"damage_taken":[{"damage":12,"enemies":"Small Slimes","floor":1,"turns":6},{"damage":0,"enemies":"2 Louse","floor":4,"turns":3},{"damage":1,"enemies":"Cultist","floor":5,"turns":4},{"damage":32,"enemies":"3 Sentries","floor":6,"turns":7}],"seed_played":"-1129069587015286458","potions_obtained":[{"floor":1,"key":"SneckoOil"},{"floor":4,"key":"Ancient Potion"}],"is_trial":false,"path_per_floor":["M","?","?","M","M","E"],"character_chosen":"THE_SILENT","items_purchased":[],"campfire_rested":0,"item_purchase_floors":[],"current_hp_per_floor":[51,63,63,63,62,30,30],"gold":108,"neow_bonus":"ONE_RARE_RELIC","is_daily":false,"chose_seed":false,"campfire_upgraded":0,"win_rate":0.0,"timestamp":1613604223,"path_taken":["M","?","?","M","?","E"],"items_purchased_type":[],"build_version":"2020-12-22","purchased_purges":0,"victory":false,"max_hp_per_floor":[63,63,63,63,63,63,63],"relic_stats":{"counters":[4,20],"obtain_stats":[{"Girya":0,"GremlinMask":3,"Ring of the Snake":0},{"Girya":0,"GremlinMask":1,"Ring of the Snake":0},{"Girya":0,"GremlinMask":6,"Ring of the Snake":0}],"Ring of the Snake":[8]},"card_choices":[{"not_picked":["Endless Agony","Acrobatics"],"picked":"Finisher","floor":1},{"not_picked":["Bane","Backflip"],"picked":"Backstab","floor":4},{"not_picked":["Prepared","Catalyst"],"picked":"PiercingWail","floor":5}],"player_experience":157500,"relics_obtained":[],"event_choices":[{"damage_healed":15,"gold_gain":0,"player_choice":"Healed","damage_taken":0,"max_hp_gain":0,"max_hp_loss":0,"event_name":"The Cleric","floor":2,"gold_loss":35},{"damage_healed":0,"gold_gain":0,"player_choice":"Trade","damage_taken":0,"relics_obtained":["GremlinMask"],"max_hp_gain":0,"max_hp_loss":0,"event_name":"FaceTrader","floor":3,"gold_loss":0}],"is_beta":false,"boss_relics":[],"items_purged_floors":[],"is_endless":false,"potions_floor_spawned":[1,4],"killed_by":"3 Sentries","ascension_level":4}}