{"host":"6vtgmkkqqeew181q","time":1613543250,"event":{"mods":["BaseMod","Better Skull","Better Third Choice","BetterRewards","Colored Powertips","Downfall","Faster Ascension Climbing","Highlight Path","Minty Spire (QoL Compilation)","Reliquary","Spire Birthday Party","StSLib","The Bug Knight","The Jungle"],"gold_per_floor":[109,126,142,67,85,85,85,85,85,103,136,154,154,154,154,253,253,271,271,282,297,317,317,337,337,337,337,347,347,347,48,48,151,151,170,80,92,111,127,127,127],"floor_reached":40,"language":"ENG","playtime":2682,"items_purged":["HollowMod:NailStrikeStart","HollowMod:NailStrikeStart"],"score":542,"play_id":"50af9610-cb84-4ca9-a50c-692380b5fec4","local_time":"20210216222730","is_ascension_mode":false,"campfire_choices":[{"data":"HollowMod:RecoilStrike","floor":6,"key":"SMITH"},{"data":"HollowMod:DashSlash","floor":8,"key":"SMITH"},{"data":"HollowMod:SoulEater","floor":13,"key":"SMITH"},{"data":"HollowMod:ZotesMagnificence","floor":15,"key":"SMITH"},{"data":"HollowMod:DashSlash","floor":23,"key":"SMITH"},{"data":"HollowMod:FocusHealStart","floor":25,"key":"SMITH"},{"data":"HollowMod:SoulVessel","floor":27,"key":"SMITH"},{"data":"HollowMod:VengefulSpirit","floor":29,"key":"SMITH"},{"data":"HollowMod:PogoStrike","floor":32,"key":"SMITH"}],"circlet_count":0,"master_deck":["HollowMod:NailStrikeStart+1","HollowMod:QuickDashStart","HollowMod:QuickDashStart","HollowMod:QuickDashStart","HollowMod:QuickDashStart","HollowMod:FocusHealStart+1","HollowMod:PogoStrike+1","HollowMod:DashSlash+1","HollowMod:RecoilStrike+1","HollowMod:HowlingWraiths+1","HollowMod:ZotesMagnificence+1","HollowMod:ChannelNail+1","HollowMod:SoulEater+1","HollowMod:SoulVessel+1","HollowMod:DesolateDive+1","HollowMod:SoulStrike+1","HollowMod:DashSlash+1","HollowMod:ChannelNail+1","HollowMod:VengefulSpirit+1","HollowMod:Hiveblood","HollowMod:SoulStrike+1","HollowMod:BaldurShell","HollowMod:SoulShaman"],"relics":["HollowMod:VesselMask","champ:Barbells","Slimebound:StickyStick","Pantograph","SacredBark","bronze:DecasWashers","Vajra","Busted Crown"],"acts_visited":["Exordium","TheCity","TheBeyond"],"potions_floor_usage":[16,16,22,28,33,33,39,40,40],"damage_taken":[{"damage":1,"enemies":"2 Louse","floor":1,"turns":2},{"damage":4,"enemies":"Jaw Worm","floor":2,"turns":3},{"damage":1,"enemies":"Cultist","floor":3,"turns":3},{"damage":2,"enemies":"Exordium Wildlife","floor":5,"turns":3},{"damage":0,"enemies":"Exordium Thugs","floor":10,"turns":3},{"damage":19,"enemies":"Lagavulin","floor":11,"turns":5},{"damage":7,"enemies":"Blue Slaver","floor":12,"turns":2},{"damage":31,"enemies":"Hexaghost","floor":16,"turns":8},{"damage":0,"enemies":"Chosen","floor":18,"turns":3},{"damage":7,"enemies":"Shell Parasite","floor":20,"turns":5},{"damage":12,"enemies":"Cultist and Chosen","floor":21,"turns":6},{"damage":14,"enemies":"3 Cultists","floor":22,"turns":5},{"damage":0,"enemies":"Snecko","floor":24,"turns":4},{"damage":15,"enemies":"Snake Plant","floor":28,"turns":4},{"damage":45,"enemies":"Automaton","floor":33,"turns":8},{"damage":0,"enemies":"3 Shapes","floor":35,"turns":3},{"damage":0,"enemies":"Orb Walker","floor":37,"turns":3},{"damage":34,"enemies":"Sphere and 2 Shapes","floor":38,"turns":6},{"damage":50,"enemies":"Spire Growth","floor":39,"turns":6},{"damage":66,"enemies":"Giant Head","floor":40,"turns":7}],"seed_played":"-2470769747596086105","potions_obtained":[{"floor":1,"key":"LiquidBronze"},{"floor":3,"key":"SpeedPotion"},{"floor":10,"key":"Energy Potion"},{"floor":20,"key":"SmokeBomb"},{"floor":21,"key":"SpeedPotion"},{"floor":24,"key":"Weak Potion"},{"floor":28,"key":"Swift Potion"},{"floor":35,"key":"Energy Potion"},{"floor":38,"key":"ColorlessPotion"},{"floor":39,"key":"Strength Potion"}],"is_trial":false,"path_per_floor":["M","M","M","$","M","R","?","R","T","M","E","M","R","?","R","B",null,"M","?","M","M","M","R","M","R","T","R","M","R","?","$","R","B",null,"M","$","M","M","M","E"],"character_chosen":"THE_BUGKNIGHT","items_purchased":["champ:Barbells","Vajra","PowerPotion","HollowMod:BaldurShell","hexamod:SoulburnPotion"],"campfire_rested":0,"item_purchase_floors":[0,31,31,36,36],"current_hp_per_floor":[74,75,75,75,75,75,75,75,75,75,62,55,55,55,55,50,75,75,75,68,62,54,54,60,60,60,60,51,51,51,51,51,36,75,75,75,75,56,28,0,0],"gold":127,"neow_bonus":"","is_daily":false,"chose_seed":false,"campfire_upgraded":9,"win_rate":0.0,"timestamp":1613543250,"path_taken":["M","M","M","$","M","R","?","R","T","M","E","M","R","?","R","BOSS","M","?","?","M","M","R","M","R","T","R","M","R","?","$","R","BOSS","M","$","M","M","M","E"],"items_purchased_type":["Relic","Relic","Potion","Card","Potion"],"build_version":"2020-12-22","purchased_purges":2,"victory":false,"max_hp_per_floor":[75,75,75,75,75,75,75,75,75,75,75,75,75,75,75,75,75,75,75,75,75,75,75,75,75,75,75,75,75,75,75,75,75,75,75,75,75,75,75,75,75],"card_choices":[{"not_picked":["HollowMod:CornifersMapStart","HollowMod:SiblingsShadow"],"picked":"HollowMod:DashSlash","floor":1},{"not_picked":["HollowMod:HeavyBlow","HollowMod:CornifersMapStart"],"picked":"HollowMod:RecoilStrike","floor":2},{"not_picked":["HollowMod:PerfectDash","HollowMod:SoulShaman"],"picked":"HollowMod:HowlingWraiths","floor":3},{"not_picked":["HollowMod:NewGlowingWomb","HollowMod:InfectedCysts","HollowMod:SoulShaman"],"picked":"SKIP","floor":5},{"not_picked":["HollowMod:GreatSlash","HollowMod:InfectedAttack"],"picked":"HollowMod:ZotesMagnificence","floor":10},{"not_picked":["HollowMod:SoulShaman","HollowMod:VengefulSpirit"],"picked":"HollowMod:ChannelNail","floor":11},{"not_picked":["HollowMod:SharpenedShadows","HollowMod:ShadowDash"],"picked":"HollowMod:SoulEater","floor":12},{"not_picked":["HollowMod:MawleksShell+1","HollowMod:LifebloodCocoon"],"picked":"HollowMod:SoulVessel","floor":18},{"not_picked":["HollowMod:InfectionAssault","HollowMod:CornifersMapStart"],"picked":"HollowMod:DesolateDive+1","floor":20},{"not_picked":["HollowMod:InfectedAttack+1","HollowMod:SoulShaman+1"],"picked":"HollowMod:SoulStrike+1","floor":21},{"not_picked":["HollowMod:FallenFury","HollowMod:SoulStrike+1"],"picked":"HollowMod:DashSlash","floor":22},{"not_picked":["HollowMod:InfectionAssault","HollowMod:NewGlowingWomb"],"picked":"HollowMod:ChannelNail+1","floor":24},{"not_picked":["HollowMod:DescendingDark","HollowMod:MidwifesHunger"],"picked":"HollowMod:VengefulSpirit","floor":28},{"not_picked":["HollowMod:PureVessel","HollowMod:ElderbugsWisdom"],"picked":"HollowMod:Hiveblood","floor":33},{"not_picked":[],"picked":"HollowMod:SoulStrike+1","floor":35},{"not_picked":["HollowMod:DashSlash"],"picked":"SKIP","floor":37},{"not_picked":["HollowMod:DreamGate"],"picked":"SKIP","floor":38},{"not_picked":[],"picked":"HollowMod:SoulShaman","floor":39}],"player_experience":645522,"relics_obtained":[{"floor":9,"key":"Slimebound:StickyStick"},{"floor":11,"key":"Pantograph"},{"floor":26,"key":"bronze:DecasWashers"}],"event_choices":[{"damage_healed":0,"gold_gain":0,"player_choice":"Upgraded","damage_taken":0,"max_hp_gain":0,"max_hp_loss":0,"event_name":"Upgrade Shrine","floor":19,"gold_loss":0,"cards_upgraded":["HollowMod:ChannelNail"]},{"damage_healed":0,"gold_gain":0,"player_choice":"Bought 0 Potions","damage_taken":0,"max_hp_gain":0,"max_hp_loss":0,"event_name":"The Woman in Blue","floor":30,"gold_loss":0}],"is_beta":false,"boss_relics":[{"not_picked":["reliquary:Craggleroot","Astrolabe"],"picked":"SacredBark"},{"not_picked":["Runic Dome","Sozu"],"picked":"Busted Crown"}],"items_purged_floors":[4,31],"is_endless":false,"potions_floor_spawned":[1,3,10,20,21,24,28,35,38,39],"killed_by":"Giant Head","ascension_level":0}}