{"host":"zxkjcgzis4pm3za5","time":1613577434,"event":{"mods":["2.2 Compatiblity","AchievementEnabler","BaseMod","Colored Map","Colored Powertips","Minty Spire (QoL Compilation)","Quick Restart","Random Character Button","Relic Filter Mod","Relic Sorter","Relic Stats","StSLib"],"gold_per_floor":[111,129,129,129,148,161,161,201,201,201,240,240,165,165,165,263,263,284,297,297,315,315,315],"floor_reached":22,"language":"ENG","playtime":754,"items_purged":[],"score":388,"play_id":"a6e77a95-2fb4-4445-98e5-cf4997b71d74","local_time":"20210217212714","is_ascension_mode":true,"campfire_choices":[{"data":"Panacea","floor":7,"key":"SMITH"},{"floor":10,"key":"REST"},{"data":"Reprogram","floor":12,"key":"SMITH"},{"floor":15,"key":"REST"}],"circlet_count":0,"master_deck":["AscendersBane","Strike_B","Strike_B","Strike_B","Defend_B","Defend_B","Defend_B","Defend_B","Zap","Dualcast","Panacea+1","Steam","Doom and Gloom+1","Auto Shields","Cold Snap","Reprogram+1","Echo Form","Sweeping Beam","Go for the Eyes"],"relics":["Cracked Core","Bloody Idol","Oddly Smooth Stone","HornCleat","Velvet Choker"],"acts_visited":["Exordium","TheCity"],"potions_floor_usage":[16,18,19,22],"damage_taken":[{"damage":7,"enemies":"Small Slimes","floor":1,"turns":3},{"damage":3,"enemies":"Jaw Worm","floor":2,"turns":4},{"damage":3,"enemies":"2 Louse","floor":5,"turns":3},{"damage":7,"enemies":"Exordium Wildlife","floor":6,"turns":5},{"damage":30,"enemies":"Gremlin Nob","floor":8,"turns":6},{"damage":12,"enemies":"Lagavulin","floor":11,"turns":7},{"damage":37,"enemies":"Slime Boss","floor":16,"turns":12},{"damage":14,"enemies":"2 Thieves","floor":18,"turns":3},{"damage":0,"enemies":"Spheric Guardian","floor":19,"turns":7},{"damage":5,"enemies":"Snecko","floor":21,"turns":8},{"damage":44,"enemies":"Masked Bandits","floor":22,"turns":3}],"seed_played":"-8572015775127644727","potions_obtained":[{"floor":2,"key":"Fire Potion"},{"floor":5,"key":"GamblersBrew"},{"floor":16,"key":"Energy Potion"},{"floor":18,"key":"SkillPotion"},{"floor":19,"key":"Dexterity Potion"}],"is_trial":false,"path_per_floor":["M","M","?","?","M","M","R","E","T","R","E","R","?","?","R","B",null,"M","M","?","M","?"],"character_chosen":"DEFECT","items_purchased":[],"campfire_rested":2,"item_purchase_floors":[],"current_hp_per_floor":[57,54,54,54,51,44,44,14,14,33,21,21,21,26,46,9,54,40,40,40,40,0,0],"gold":315,"neow_bonus":"RANDOM_COLORLESS","is_daily":false,"chose_seed":false,"campfire_upgraded":2,"win_rate":0.0,"timestamp":1613577434,"path_taken":["M","M","?","?","M","M","R","E","T","R","E","R","?","?","R","BOSS","M","M","?","M","?"],"items_purchased_type":[],"build_version":"2020-12-22","purchased_purges":0,"victory":false,"max_hp_per_floor":[71,71,71,64,64,64,64,64,64,64,64,64,64,69,69,69,69,69,69,69,69,69,69],"relic_stats":{"counters":[11,61],"Bloody Idol":5,"obtain_stats":[{"HornCleat":11,"Golden Idol":4,"Bloody Idol":20,"Oddly Smooth Stone":8,"Velvet Choker":17,"Cracked Core":0},{"HornCleat":6,"Golden Idol":2,"Bloody Idol":9,"Oddly Smooth Stone":5,"Velvet Choker":7,"Cracked Core":0},{"HornCleat":28,"Golden Idol":7,"Bloody Idol":50,"Oddly Smooth Stone":21,"Velvet Choker":40,"Cracked Core":0}]},"card_choices":[{"not_picked":["Flash of Steel","Dark Shackles"],"picked":"Panacea","floor":0},{"not_picked":["Turbo","Heatsinks"],"picked":"Steam","floor":1},{"not_picked":["Lockon","Leap"],"picked":"Doom and Gloom","floor":2},{"not_picked":["Double Energy","Barrage"],"picked":"Auto Shields","floor":5},{"not_picked":["Steam","Stack"],"picked":"Cold Snap","floor":6},{"not_picked":["Turbo","Static Discharge","Streamline"],"picked":"SKIP","floor":8},{"not_picked":["Sweeping Beam","Conserve Battery"],"picked":"Reprogram","floor":11},{"not_picked":["Electrodynamics","Machine Learning"],"picked":"Echo Form","floor":16},{"not_picked":["Coolheaded","Force Field","Turbo"],"picked":"SKIP","floor":18},{"not_picked":["Ball Lightning","Blizzard"],"picked":"Sweeping Beam","floor":19},{"not_picked":["Glacier","Cold Snap"],"picked":"Go for the Eyes","floor":21}],"player_experience":389015,"relics_obtained":[{"floor":8,"key":"Oddly Smooth Stone"},{"floor":11,"key":"HornCleat"}],"event_choices":[{"damage_healed":0,"gold_gain":0,"player_choice":"Grow","damage_taken":0,"max_hp_gain":0,"max_hp_loss":0,"event_name":"Living Wall","floor":3,"gold_loss":0,"cards_upgraded":["Doom and Gloom"]},{"damage_healed":0,"gold_gain":0,"player_choice":"Lose Max HP","damage_taken":0,"relics_obtained":["Golden Idol"],"max_hp_gain":0,"max_hp_loss":7,"event_name":"Golden Idol","floor":4,"gold_loss":0},{"cards_removed":["Strike_B"],"damage_healed":0,"gold_gain":0,"player_choice":"Card Removal","damage_taken":0,"max_hp_gain":0,"max_hp_loss":0,"event_name":"The Cleric","floor":13,"gold_loss":75},{"damage_healed":0,"gold_gain":0,"player_choice":"Donut","damage_taken":0,"max_hp_gain":5,"max_hp_loss":0,"event_name":"Big Fish","floor":14,"gold_loss":0},{"damage_healed":0,"gold_gain":0,"player_choice":"Gave Idol","damage_taken":0,"relics_obtained":["Bloody Idol"],"max_hp_gain":0,"max_hp_loss":0,"event_name":"Forgotten Altar","floor":20,"relics_lost":["Golden Idol"],"gold_loss":0},{"damage_healed":0,"gold_gain":0,"player_choice":"Fought Bandits","damage_taken":0,"max_hp_gain":0,"max_hp_loss":0,"event_name":"Masked Bandits","floor":22,"gold_loss":0}],"is_beta":false,"boss_relics":[{"not_picked":["Coffee Dripper","Astrolabe"],"picked":"Velvet Choker"}],"items_purged_floors":[],"is_endless":false,"potions_floor_spawned":[2,5,11,16,18,19],"killed_by":"Masked Bandits","ascension_level":20}}