{"host":"4cz9gr89nglr7k8k","time":1613589517,"event":{"mods":["BaseMod","Minty Spire (QoL Compilation)","Relic Stats","Slay-I"],"gold_per_floor":[113,263,263,263,281,281,298,333,333,106,116,116,116,188,188,188,188],"floor_reached":16,"language":"DEU","playtime":346,"items_purged":["Doubt"],"score":196,"play_id":"f72df465-a54e-4937-bafc-922e41bd0bc2","local_time":"20210217201837","is_ascension_mode":true,"campfire_choices":[{"floor":6,"key":"REST"},{"floor":13,"key":"REST"},{"floor":15,"key":"REST"}],"circlet_count":0,"master_deck":["AscendersBane","Strike_R","Strike_R","Strike_R","Strike_R","Strike_R","Defend_R","Defend_R","Defend_R","Defend_R","Bash","Reckless Charge","Heavy Blade","Seeing Red","Twin Strike+1","Clothesline+1","Swift Strike+1","Searing Blow+1"],"relics":["Burning Blood","InkBottle","Molten Egg 2","Frozen Egg 2","Bottled Lightning"],"acts_visited":["Exordium"],"potions_floor_usage":[8,11],"damage_taken":[{"damage":11,"enemies":"Small Slimes","floor":1,"turns":3},{"damage":2,"enemies":"Jaw Worm","floor":5,"turns":3},{"damage":2,"enemies":"2 Louse","floor":7,"turns":2},{"damage":45,"enemies":"3 Sentries","floor":8,"turns":9},{"damage":26,"enemies":"Large Slime","floor":11,"turns":6},{"damage":60,"enemies":"Hexaghost","floor":16,"turns":9}],"seed_played":"3980405008427579351","potions_obtained":[{"floor":0,"key":"Regen Potion"},{"floor":0,"key":"LiquidMemories"},{"floor":1,"key":"Strength Potion"}],"is_trial":false,"path_per_floor":["M","?","?","?","M","R","M","E","T","$","M","?","R","T","R","B"],"character_chosen":"IRONCLAD","items_purchased":["Clothesline+1","Swift Strike+1"],"campfire_rested":3,"item_purchase_floors":[10,10],"current_hp_per_floor":[63,63,68,33,37,61,65,26,26,26,11,11,35,35,59,0,0],"gold":188,"neow_bonus":"THREE_SMALL_POTIONS","is_daily":false,"chose_seed":false,"campfire_upgraded":0,"win_rate":0.0,"timestamp":1613589517,"path_taken":["M","?","?","?","M","R","M","E","T","$","M","?","R","?","R","BOSS"],"items_purchased_type":["Card","Card"],"build_version":"2020-12-22","purchased_purges":1,"victory":false,"max_hp_per_floor":[75,75,80,80,80,80,80,80,80,80,80,80,80,80,80,80,80],"relic_stats":{"counters":[6,32],"obtain_stats":[{"Molten Egg 2":8,"Bottled Lightning":14,"Frozen Egg 2":9,"Burning Blood":0,"InkBottle":4},{"Molten Egg 2":4,"Bottled Lightning":5,"Frozen Egg 2":4,"Burning Blood":0,"InkBottle":1},{"Molten Egg 2":17,"Bottled Lightning":23,"Frozen Egg 2":17,"Burning Blood":0,"InkBottle":3}],"Burning Blood":30,"InkBottle":[7]},"card_choices":[{"not_picked":["Warcry","Armaments"],"picked":"Reckless Charge","floor":1},{"not_picked":["Shrug It Off","Armaments"],"picked":"Heavy Blade","floor":5},{"not_picked":["Battle Trance","Heavy Blade"],"picked":"Seeing Red","floor":7},{"not_picked":["Intimidate","Havoc"],"picked":"Twin Strike+1","floor":8},{"not_picked":["Combust+1","Sentinel"],"picked":"Searing Blow+1","floor":11}],"player_experience":1556429,"relics_obtained":[{"floor":8,"key":"Molten Egg 2"},{"floor":9,"key":"Frozen Egg 2"},{"floor":14,"key":"Bottled Lightning"}],"event_choices":[{"damage_healed":0,"gold_gain":150,"player_choice":"AGREE","damage_taken":0,"max_hp_gain":0,"max_hp_loss":0,"event_name":"Liars Game","floor":2,"gold_loss":0,"cards_obtained":["Doubt"]},{"damage_healed":0,"gold_gain":0,"player_choice":"Donut","damage_taken":0,"max_hp_gain":5,"max_hp_loss":0,"event_name":"Big Fish","floor":3,"gold_loss":0},{"damage_healed":0,"gold_gain":0,"player_choice":"Success","damage_taken":35,"relics_obtained":["InkBottle"],"max_hp_gain":0,"max_hp_loss":0,"event_name":"Scrap Ooze","floor":4,"gold_loss":0},{"damage_healed":0,"gold_gain":0,"player_choice":"Ignored","damage_taken":0,"max_hp_gain":0,"max_hp_loss":0,"event_name":"Shining Light","floor":12,"gold_loss":0}],"is_beta":false,"boss_relics":[],"items_purged_floors":[10],"is_endless":false,"potions_floor_spawned":[1,5],"killed_by":"Hexaghost","ascension_level":20}}