{"host":"7sni158j623xchr2","time":1613536443,"event":{"mods":["BaseMod","Colored Map","Highlight Path","Minty Spire (QoL Compilation)","Permanent Neow","Potion Indicator Mod","Rare Cards Sparkle","Relic Sorter","Relic Stats","StSLib","everything is the same but u backflip on backflip"],"gold_per_floor":[117,133,133,145,420,420,450,450,450,54,82,65,82,102,102,198,248,263,16,16,16,50,50,83,83,83,83,483,516,64,64,64,163,163,176,189,17,17,67,67,98,98,98,128,59,281,281,313,313,313,313,313,78,106,106],"floor_reached":56,"language":"ENG","playtime":2196,"items_purged":["Regret","Shame"],"score":1607,"play_id":"a04259c5-8da2-4fc9-97e3-84c5397bf760","local_time":"20210216223403","is_ascension_mode":true,"campfire_choices":[{"data":"Eruption","floor":6,"key":"SMITH"},{"floor":8,"key":"REST"},{"floor":15,"key":"REST"},{"data":"Adaptation","floor":23,"key":"SMITH"},{"data":"Devotion","floor":25,"key":"SMITH"},{"data":"Devotion","floor":27,"key":"SMITH"},{"data":"Wireheading","floor":32,"key":"SMITH"},{"floor":40,"key":"RECALL"},{"data":"Ghostly","floor":42,"key":"SMITH"},{"data":"Scrawl","floor":47,"key":"SMITH"},{"data":"Ghostly","floor":49,"key":"SMITH"},{"data":"Ghostly","floor":52,"key":"SMITH"}],"circlet_count":0,"master_deck":["Strike_P+1","Strike_P","Strike_P","Strike_P","Defend_P","Defend_P","Defend_P","Defend_P+1","Eruption+1","Vigilance","Sanctity","Adaptation+1","EmptyFist+1","FollowUp+1","Devotion+1","Wireheading+1","CutThroughFate+1","Devotion+1","CrushJoints+1","Ghostly+1","Ghostly+1","Ghostly+1","Ghostly","Ghostly+1","Consecrate+1","Indignation+1","ClearTheMind+1","TalkToTheHand+1","EmptyMind+1","Brilliance+1","Tantrum+1","DeceiveReality+1","Scrawl+1","TalkToTheHand+1","TalkToTheHand+1"],"relics":["VioletLotus","Singing Bowl","Potion Belt","Molten Egg 2","Strawberry","Mummified Hand","Tiny House","DollysMirror","Red Mask","Lantern","Old Coin","Matryoshka","Ice Cream","Thread and Needle","Oddly Smooth Stone","PreservedInsect","Cursed Key","GoldenEye","Eternal Feather","Bottled Flame","Pear","Toy Ornithopter","War Paint"],"acts_visited":["Exordium","TheCity","TheBeyond","TheEnding"],"potions_floor_usage":[7,11,16,16,18,29,35,55,55,55],"damage_taken":[{"damage":2,"enemies":"Cultist","floor":1,"turns":3},{"damage":5,"enemies":"2 Louse","floor":2,"turns":3},{"damage":0,"enemies":"Jaw Worm","floor":4,"turns":3},{"damage":45,"enemies":"3 Sentries","floor":7,"turns":10},{"damage":28,"enemies":"Gremlin Nob","floor":11,"turns":3},{"damage":6,"enemies":"Exordium Thugs","floor":12,"turns":4},{"damage":0,"enemies":"Exordium Wildlife","floor":13,"turns":3},{"damage":0,"enemies":"Looter","floor":14,"turns":1},{"damage":23,"enemies":"The Guardian","floor":16,"turns":10},{"damage":8,"enemies":"Chosen","floor":18,"turns":5},{"damage":4,"enemies":"Masked Bandits","floor":22,"turns":5},{"damage":5,"enemies":"Book of Stabbing","floor":24,"turns":5},{"damage":0,"enemies":"Colosseum Slavers","floor":28,"turns":4},{"damage":2,"enemies":"Colosseum Nobs","floor":28,"turns":5},{"damage":12,"enemies":"Gremlin Leader","floor":29,"turns":7},{"damage":0,"enemies":"Champ","floor":33,"turns":8},{"damage":1,"enemies":"Orb Walker","floor":35,"turns":3},{"damage":0,"enemies":"3 Darklings","floor":36,"turns":5},{"damage":0,"enemies":"Mind Bloom Boss Battle","floor":39,"turns":6},{"damage":0,"enemies":"Giant Head","floor":41,"turns":5},{"damage":0,"enemies":"Nemesis","floor":44,"turns":3},{"damage":0,"enemies":"Giant Head","floor":48,"turns":5},{"damage":0,"enemies":"Donu and Deca","floor":50,"turns":7},{"damage":0,"enemies":"Shield and Spear","floor":54,"turns":5},{"damage":21,"enemies":"The Heart","floor":55,"turns":9}],"seed_played":"-2515819113592953280","potions_obtained":[{"floor":2,"key":"SteroidPotion"},{"floor":11,"key":"SpeedPotion"},{"floor":12,"key":"BlessingOfTheForge"},{"floor":14,"key":"Weak Potion"},{"floor":16,"key":"Block Potion"},{"floor":17,"key":"FairyPotion"},{"floor":18,"key":"Strength Potion"},{"floor":29,"key":"Weak Potion"},{"floor":39,"key":"FairyPotion"}],"is_trial":false,"path_per_floor":["M","M","?","M","?","R","E","R","T","$","E","M","M","M","R","B",null,"M","$","?","$","?","R","E","R","T","R","?","E","$","?","R","B",null,"M","M","$","?","?","R","E","R","T","E","$","?","R","E","R","B",null,"R","$","E","B",null],"character_chosen":"WATCHER","items_purchased":["Adaptation","Strawberry","Strength Potion","Block Potion","DollysMirror","CrushJoints+1","LiquidMemories","Thread and Needle","Oddly Smooth Stone","Brilliance+1","TalkToTheHand+1","Toy Ornithopter","StancePotion"],"campfire_rested":2,"item_purchase_floors":[10,10,10,10,19,19,19,30,30,37,45,53,53],"current_hp_per_floor":[70,65,47,49,49,49,6,28,28,35,9,3,5,5,31,8,92,84,84,46,46,42,42,37,37,37,37,37,25,25,25,25,27,50,49,49,49,49,49,49,49,50,50,50,50,50,50,62,62,62,62,62,62,62,41],"gold":106,"neow_bonus":"BOSS_RELIC","is_daily":false,"chose_seed":false,"campfire_upgraded":9,"win_rate":0.0,"timestamp":1613536443,"path_taken":["M","?","?","M","?","R","E","R","T","$","E","M","M","M","R","BOSS","M","$","?","$","?","R","E","R","T","R","?","E","$","?","R","BOSS","M","M","$","?","?","R","E","R","T","E","$","?","R","E","R","BOSS","R","$","E","BOSS"],"items_purchased_type":["Card","Relic","Potion","Potion","Relic","Card","Potion","Relic","Relic","Card","Card","Relic","Potion"],"build_version":"2020-12-22","purchased_purges":2,"victory":true,"max_hp_per_floor":[72,72,72,74,74,74,76,76,76,83,85,85,87,87,87,87,92,92,92,46,46,46,46,46,46,46,46,48,48,48,48,48,50,50,50,50,50,50,50,50,50,50,50,50,50,50,50,62,62,62,62,62,62,62,62],"relic_stats":{"Singing Bowl":14,"counters":[25,127],"Mummified Hand":[62],"Eternal Feather":1,"VioletLotus":[29],"PreservedInsect":365,"War Paint":["Defend_P","Ghostly"],"Cursed Key":0,"GoldenEye":[40],"obtain_stats":[{"Potion Belt":7,"Ice Cream":29,"Lantern":24,"Tiny House":17,"Pear":48,"Singing Bowl":3,"Oddly Smooth Stone":30,"Thread and Needle":30,"Eternal Feather":41,"PreservedInsect":31,"War Paint":54,"Cursed Key":34,"GoldenEye":39,"Old Coin":28,"Bottled Flame":44,"Matryoshka":28,"Mummified Hand":11,"DollysMirror":19,"Strawberry":10,"Molten Egg 2":9,"VioletLotus":0,"Red Mask":22,"PureWater":0,"Toy Ornithopter":53},{"Potion Belt":4,"Ice Cream":15,"Lantern":12,"Tiny House":9,"Pear":22,"Singing Bowl":2,"Oddly Smooth Stone":15,"Thread and Needle":15,"Eternal Feather":20,"PreservedInsect":15,"War Paint":24,"Cursed Key":16,"GoldenEye":19,"Old Coin":14,"Bottled Flame":21,"Matryoshka":14,"Mummified Hand":5,"DollysMirror":10,"Strawberry":4,"Molten Egg 2":4,"VioletLotus":0,"Red Mask":11,"PureWater":0,"Toy Ornithopter":23},{"Potion Belt":19,"Ice Cream":71,"Lantern":55,"Tiny House":40,"Pear":106,"Singing Bowl":6,"Oddly Smooth Stone":71,"Thread and Needle":71,"Eternal Feather":98,"PreservedInsect":71,"War Paint":118,"Cursed Key":79,"GoldenEye":93,"Old Coin":64,"Bottled Flame":101,"Matryoshka":64,"Mummified Hand":22,"DollysMirror":45,"Strawberry":19,"Molten Egg 2":19,"VioletLotus":0,"Red Mask":50,"PureWater":0,"Toy Ornithopter":113}],"Toy Ornithopter":0},"card_choices":[{"not_picked":["ThirdEye","FlurryOfBlows"],"picked":"FlyingSleeves","floor":1},{"not_picked":["JustLucky","SandsOfTime"],"picked":"Sanctity","floor":2},{"not_picked":["Pray","PathToVictory","Vault"],"picked":"Singing Bowl","floor":4},{"not_picked":["Pray","Prostrate","Evaluate"],"picked":"Singing Bowl","floor":7},{"not_picked":["Worship","Evaluate","LikeWater"],"picked":"Singing Bowl","floor":11},{"not_picked":["Evaluate","BowlingBash+1"],"picked":"EmptyFist+1","floor":12},{"not_picked":["WreathOfFlame","EmptyFist+1","PathToVictory"],"picked":"Singing Bowl","floor":13},{"not_picked":["FlyingSleeves+1","Fasting2"],"picked":"FollowUp+1","floor":14},{"not_picked":["Wish","Blasphemy"],"picked":"Devotion","floor":16},{"not_picked":["SashWhip+1","CutThroughFate+1"],"picked":"Wireheading","floor":17},{"not_picked":["Halt+1","DeceiveReality"],"picked":"CutThroughFate+1","floor":18},{"not_picked":["CutThroughFate+1","SandsOfTime+1"],"picked":"Consecrate+1","floor":22},{"not_picked":["Establishment","Protect"],"picked":"Indignation+1","floor":24},{"not_picked":["FlyingSleeves+1","EmptyBody","LikeWater+1"],"picked":"Singing Bowl","floor":28},{"not_picked":["WheelKick+1","DevaForm"],"picked":"ClearTheMind+1","floor":29},{"not_picked":["ConjureBlade","Alpha","Establishment"],"picked":"Singing Bowl","floor":33},{"not_picked":["Weave+1","Consecrate+1"],"picked":"TalkToTheHand+1","floor":35},{"not_picked":["Prostrate+1","Evaluate"],"picked":"EmptyMind+1","floor":36},{"not_picked":["FollowUp+1","Consecrate+1"],"picked":"Tantrum+1","floor":39},{"not_picked":["WindmillStrike+1","JustLucky+1"],"picked":"DeceiveReality+1","floor":41},{"not_picked":["Indignation+1","BowlingBash+1"],"picked":"Scrawl","floor":44},{"not_picked":["CrushJoints+1","CutThroughFate+1","JustLucky+1"],"picked":"Singing Bowl","floor":48},{"not_picked":["BowlingBash+1","Worship+1"],"picked":"TalkToTheHand+1","floor":54}],"player_experience":1818668,"relics_obtained":[{"floor":7,"key":"Potion Belt"},{"floor":9,"key":"Molten Egg 2"},{"floor":11,"key":"Mummified Hand"},{"floor":22,"key":"Red Mask"},{"floor":24,"key":"Lantern"},{"floor":28,"key":"Old Coin"},{"floor":28,"key":"Matryoshka"},{"floor":29,"key":"Ice Cream"},{"floor":39,"key":"GoldenEye"},{"floor":41,"key":"Eternal Feather"},{"floor":44,"key":"Bottled Flame"},{"floor":48,"key":"Pear"},{"floor":54,"key":"War Paint"}],"event_choices":[{"damage_healed":0,"gold_gain":0,"player_choice":"Success","damage_taken":18,"relics_obtained":["Singing Bowl"],"max_hp_gain":0,"max_hp_loss":0,"event_name":"Scrap Ooze","floor":3,"gold_loss":0},{"damage_healed":0,"gold_gain":275,"player_choice":"Desecrate","damage_taken":0,"max_hp_gain":0,"max_hp_loss":0,"event_name":"Golden Shrine","floor":5,"gold_loss":0,"cards_obtained":["Regret"]},{"damage_healed":0,"gold_gain":0,"player_choice":"Became a Ghost","damage_taken":0,"max_hp_gain":0,"max_hp_loss":46,"event_name":"Ghosts","floor":20,"gold_loss":0,"cards_obtained":["Ghostly","Ghostly","Ghostly","Ghostly","Ghostly"]},{"damage_healed":0,"gold_gain":0,"player_choice":"Fought Bandits","damage_taken":0,"max_hp_gain":0,"max_hp_loss":0,"event_name":"Masked Bandits","floor":22,"gold_loss":0},{"damage_healed":0,"gold_gain":0,"player_choice":"Fight","damage_taken":0,"max_hp_gain":0,"max_hp_loss":0,"event_name":"Colosseum","floor":28,"gold_loss":0},{"damage_healed":0,"gold_gain":0,"player_choice":"Fought Nobs","damage_taken":0,"max_hp_gain":0,"max_hp_loss":0,"event_name":"Colosseum","floor":28,"gold_loss":0},{"damage_healed":0,"gold_gain":0,"player_choice":"Stole Relic","damage_taken":0,"relics_obtained":["PreservedInsect"],"max_hp_gain":0,"max_hp_loss":0,"event_name":"Addict","floor":31,"gold_loss":0,"cards_obtained":["Shame"]},{"cards_removed":["FlyingSleeves"],"damage_healed":0,"gold_gain":0,"player_choice":"Removed Attack","damage_taken":0,"max_hp_gain":0,"max_hp_loss":0,"event_name":"Falling","floor":38,"gold_loss":0},{"damage_healed":0,"gold_gain":0,"player_choice":"Fight","damage_taken":0,"max_hp_gain":0,"max_hp_loss":0,"event_name":"MindBloom","floor":39,"gold_loss":0},{"damage_healed":0,"gold_gain":222,"player_choice":"Wore Mask","damage_taken":0,"max_hp_gain":0,"max_hp_loss":0,"event_name":"Tomb of Lord Red Mask","floor":46,"gold_loss":0}],"is_beta":false,"boss_relics":[{"not_picked":["Snecko Eye","Busted Crown"],"picked":"Tiny House"},{"not_picked":["SacredBark","Runic Dome"],"picked":"Cursed Key"}],"items_purged_floors":[10,37],"is_endless":false,"potions_floor_spawned":[2,11,12,14,16,18,22,29,39],"ascension_level":1}}