{"host":"bf5upntvbdompq33","time":1613602192,"event":{"mods":["BaseMod","Bestiary","Colored Map","Colored Powertips","Curses Come First","Highlight Path","Minty Spire (QoL Compilation)","StSLib","ojb\u0027s Info Mod"],"gold_per_floor":[18,43,61,79,98,123,123,123,170,170,170,170,196,210,210,284,284,301,251,264,281,7,7,36,36,36,47,47,47,47,75,75,150,150,161,161,176,53,65,65,95,105,105,136,136,136,149,183,183,183,183],"floor_reached":50,"language":"ENG","playtime":12083,"items_purged":["Strike_R"],"score":1025,"play_id":"e9ce8662-9eb7-4c9a-a640-4b7f98b5f934","local_time":"20210217154952","is_ascension_mode":true,"campfire_choices":[{"data":"Whirlwind","floor":7,"key":"SMITH"},{"data":"Fiend Fire","floor":10,"key":"SMITH"},{"data":"Demon Form","floor":12,"key":"SMITH"},{"data":"Bash","floor":15,"key":"SMITH"},{"floor":23,"key":"REST"},{"floor":32,"key":"REST"},{"data":"Flex","floor":40,"key":"SMITH"},{"floor":45,"key":"RECALL"},{"floor":49,"key":"REST"}],"circlet_count":0,"master_deck":["AscendersBane","Strike_R","Strike_R","Defend_R","Defend_R","Defend_R+1","Defend_R","Bash+1","Fiend Fire+1","Rampage","Whirlwind+1","Burning Pact","Flex+1","Demon Form+1","Warcry","Battle Trance+1","Limit Break+1","Fire Breathing","Power Through","Dropkick","Impervious","Shockwave"],"relics":["Burning Blood","Art of War","Anchor","Juzu Bracelet","Orichalcum","Mark of Pain","Gremlin Horn","Ancient Tea Set","Frozen Egg 2","Pear","War Paint","Runic Pyramid","Kunai","Molten Egg 2","Regal Pillow","Red Skull"],"acts_visited":["Exordium","TheCity","TheBeyond"],"potions_floor_usage":[6,13,16,20,21,27,33,39,44],"damage_taken":[{"damage":1,"enemies":"Cultist","floor":1,"turns":3},{"damage":10,"enemies":"Small Slimes","floor":3,"turns":3},{"damage":1,"enemies":"2 Louse","floor":4,"turns":3},{"damage":7,"enemies":"Looter","floor":5,"turns":4},{"damage":16,"enemies":"Gremlin Nob","floor":6,"turns":3},{"damage":20,"enemies":"Lagavulin","floor":13,"turns":5},{"damage":5,"enemies":"Gremlin Gang","floor":14,"turns":3},{"damage":26,"enemies":"Hexaghost","floor":16,"turns":7},{"damage":26,"enemies":"Shell Parasite","floor":18,"turns":4},{"damage":17,"enemies":"Chosen","floor":20,"turns":5},{"damage":34,"enemies":"Shelled Parasite and Fungi","floor":21,"turns":4},{"damage":8,"enemies":"Gremlin Leader","floor":24,"turns":4},{"damage":18,"enemies":"Centurion and Healer","floor":27,"turns":5},{"damage":53,"enemies":"Slavers","floor":31,"turns":6},{"damage":35,"enemies":"Champ","floor":33,"turns":8},{"damage":0,"enemies":"3 Shapes","floor":35,"turns":3},{"damage":1,"enemies":"Orb Walker","floor":37,"turns":4},{"damage":11,"enemies":"Jaw Worm Horde","floor":39,"turns":4},{"damage":3,"enemies":"Giant Head","floor":41,"turns":5},{"damage":37,"enemies":"Spire Growth","floor":42,"turns":4},{"damage":0,"enemies":"Reptomancer","floor":44,"turns":3},{"damage":0,"enemies":"3 Darklings","floor":47,"turns":2},{"damage":45,"enemies":"Giant Head","floor":48,"turns":7},{"damage":73,"enemies":"Awakened One","floor":50,"turns":6}],"seed_played":"-1183726081903184402","potions_obtained":[{"floor":3,"key":"BlessingOfTheForge"},{"floor":4,"key":"Swift Potion"},{"floor":13,"key":"ColorlessPotion"},{"floor":14,"key":"BlessingOfTheForge"},{"floor":20,"key":"Energy Potion"},{"floor":24,"key":"Regen Potion"},{"floor":31,"key":"DistilledChaos"},{"floor":35,"key":"SneckoOil"},{"floor":42,"key":"HeartOfIron"},{"floor":48,"key":"ElixirPotion"}],"is_trial":false,"path_per_floor":["M","T","M","M","M","E","R","?","T","R","?","R","E","M","R","B",null,"M","?","M","M","$","R","E","?","T","M","?","?","?","E","R","B",null,"M","?","M","$","M","R","E","M","T","E","R","?","M","E","R","B"],"character_chosen":"IRONCLAD","items_purchased":["Gremlin Horn","Fire Breathing","BlessingOfTheForge"],"campfire_rested":3,"item_purchase_floors":[22,22,38],"current_hp_per_floor":[73,73,69,74,73,63,63,63,63,63,68,68,54,55,55,35,69,49,49,38,10,10,34,32,32,42,42,42,42,72,25,52,23,73,79,79,84,84,79,79,82,51,51,57,57,57,63,24,66,0,0],"gold":183,"neow_bonus":"THREE_RARE_CARDS","is_daily":false,"chose_seed":false,"campfire_upgraded":5,"win_rate":0.0,"timestamp":1613602192,"path_taken":["M","?","M","M","M","E","R","?","T","R","?","R","E","M","R","BOSS","M","?","M","M","$","R","E","?","T","M","?","?","?","E","R","BOSS","M","?","M","$","M","R","E","M","T","E","R","?","M","E","R","BOSS"],"items_purchased_type":["Relic","Card","Potion"],"build_version":"2020-12-22","purchased_purges":1,"victory":false,"max_hp_per_floor":[75,75,75,75,75,75,75,75,75,75,80,80,80,80,80,80,80,80,80,80,80,80,80,80,80,90,90,90,90,90,90,90,90,90,90,90,90,90,90,90,90,90,90,90,90,90,90,90,90,90,90],"card_choices":[{"not_picked":["Limit Break","Bludgeon"],"picked":"Fiend Fire","floor":0},{"not_picked":["Sword Boomerang","Sever Soul"],"picked":"Rampage","floor":1},{"not_picked":["Infernal Blade","Clash"],"picked":"Whirlwind","floor":3},{"not_picked":["True Grit","Bloodletting"],"picked":"Burning Pact","floor":4},{"not_picked":["Heavy Blade","Shockwave"],"picked":"Flex","floor":5},{"not_picked":["Cleave","Anger"],"picked":"Demon Form","floor":6},{"not_picked":["Armaments","Dual Wield"],"picked":"Warcry","floor":13},{"not_picked":["Shockwave","Pommel Strike"],"picked":"Battle Trance","floor":14},{"not_picked":["Reaper","Exhume"],"picked":"Limit Break","floor":16},{"not_picked":["Infernal Blade","Wild Strike","Twin Strike"],"picked":"SKIP","floor":18},{"not_picked":["Sword Boomerang","Clothesline","Dual Wield"],"picked":"SKIP","floor":20},{"not_picked":["Warcry","Clothesline","Rupture+1"],"picked":"SKIP","floor":21},{"not_picked":["Disarm","True Grit"],"picked":"Power Through","floor":24},{"not_picked":["Armaments","Cleave"],"picked":"Dropkick","floor":27},{"not_picked":["Armaments","Pommel Strike","Burning Pact"],"picked":"SKIP","floor":31},{"not_picked":["Bludgeon","Feed"],"picked":"Impervious","floor":33},{"not_picked":["Sword Boomerang+1","Perfected Strike","Searing Blow"],"picked":"SKIP","floor":35},{"not_picked":["Iron Wave","Shrug It Off","Perfected Strike"],"picked":"SKIP","floor":37},{"not_picked":["Sword Boomerang+1","Perfected Strike","Heavy Blade+1"],"picked":"SKIP","floor":39},{"not_picked":["Body Slam","Flame Barrier"],"picked":"Shockwave","floor":41},{"not_picked":["Blood for Blood","Clash+1","Cleave+1"],"picked":"SKIP","floor":42},{"not_picked":["Rampage+1","Feel No Pain+1","Headbutt+1"],"picked":"SKIP","floor":44},{"not_picked":["Body Slam+1","Headbutt+1","Clash+1"],"picked":"SKIP","floor":47},{"not_picked":["Body Slam+1","Shockwave","Searing Blow+1"],"picked":"SKIP","floor":48}],"player_experience":1610399,"relics_obtained":[{"floor":2,"key":"Art of War"},{"floor":6,"key":"Anchor"},{"floor":9,"key":"Juzu Bracelet"},{"floor":13,"key":"Orichalcum"},{"floor":24,"key":"Ancient Tea Set"},{"floor":26,"key":"Pear"},{"floor":31,"key":"War Paint"},{"floor":41,"key":"Kunai"},{"floor":44,"key":"Molten Egg 2"},{"floor":46,"key":"Regal Pillow"},{"floor":48,"key":"Red Skull"}],"event_choices":[{"cards_removed":["Strike_R"],"damage_healed":0,"gold_gain":0,"player_choice":"Forget","damage_taken":0,"max_hp_gain":0,"max_hp_loss":0,"event_name":"Living Wall","floor":8,"gold_loss":0},{"damage_healed":0,"gold_gain":0,"player_choice":"Donut","damage_taken":0,"max_hp_gain":5,"max_hp_loss":0,"event_name":"Big Fish","floor":11,"gold_loss":0},{"damage_healed":0,"gold_gain":0,"player_choice":"Bet on Murderer","damage_taken":0,"max_hp_gain":0,"max_hp_loss":0,"event_name":"The Joust","floor":19,"gold_loss":50},{"damage_healed":0,"gold_gain":0,"player_choice":"Opened","damage_taken":0,"relics_obtained":["Frozen Egg 2"],"max_hp_gain":0,"max_hp_loss":0,"event_name":"The Mausoleum","floor":25,"gold_loss":0},{"cards_removed":["Strike_R"],"damage_healed":0,"gold_gain":0,"player_choice":"Purged","damage_taken":0,"max_hp_gain":0,"max_hp_loss":0,"event_name":"Purifier","floor":28,"gold_loss":0},{"damage_healed":0,"gold_gain":0,"player_choice":"Upgraded","damage_taken":0,"max_hp_gain":0,"max_hp_loss":0,"event_name":"Upgrade Shrine","floor":29,"gold_loss":0,"cards_upgraded":["Limit Break"]},{"damage_healed":30,"gold_gain":0,"player_choice":"Heal","damage_taken":0,"max_hp_gain":0,"max_hp_loss":0,"event_name":"The Library","floor":30,"gold_loss":0},{"damage_healed":0,"gold_gain":0,"player_choice":"Ignored","damage_taken":0,"max_hp_gain":0,"max_hp_loss":0,"event_name":"Tomb of Lord Red Mask","floor":36,"gold_loss":0},{"damage_healed":0,"gold_gain":0,"player_choice":"Relic","damage_taken":0,"max_hp_gain":0,"max_hp_loss":0,"event_name":"Wheel of Change","floor":46,"gold_loss":0}],"is_beta":false,"boss_relics":[{"not_picked":["Ectoplasm","Empty Cage"],"picked":"Mark of Pain"},{"not_picked":["Tiny House","Runic Cube"],"picked":"Runic Pyramid"}],"items_purged_floors":[38],"is_endless":false,"potions_floor_spawned":[3,4,13,14,20,24,31,35,42,48],"killed_by":"Awakened One","ascension_level":14}}