{"host":"vhifjdba66khcqwn","time":1613598880,"event":{"mods":["AchievementEnabler","BaseMod","Bestiary","Energized Spire","Minty Spire (QoL Compilation)","Practice Mode","Relic Stats","Spicy Shops","StSLib","slay the spire mod where everything is the same but ironclad has a cowboy hat"],"gold_per_floor":[119,137,137,137,137,156,156,190,190,465,465,465,477,477,477,505,525,541,208,223,223,300,300,300,374,374,394,24,38,38,38,38,38,38],"floor_reached":33,"language":"ENG","playtime":1838,"items_purged":[],"score":671,"play_id":"c9dde7cb-018d-41eb-914d-5f026e8fe5b8","local_time":"20210217135440","is_ascension_mode":true,"campfire_choices":[{"data":"Bash","floor":7,"key":"SMITH"},{"data":"Shockwave","floor":9,"key":"SMITH"},{"floor":14,"key":"REST"},{"floor":21,"key":"REST"},{"data":"Flame Barrier","floor":24,"key":"SMITH"},{"data":"Limit Break","floor":32,"key":"SMITH"}],"circlet_count":0,"master_deck":["AscendersBane","Strike_R","Strike_R","Strike_R","Defend_R","Defend_R","Defend_R","Defend_R","Bash+1","Twin Strike","Shockwave+1","Shrug It Off","Sword Boomerang","Flame Barrier+1","Wild Strike","Reaper","Impervious","Limit Break+1","True Grit+1","Metallicize","Cleave","Blood for Blood","Evolve"],"relics":["Burning Blood","NeowsBlessing","StoneCalendar","Lantern","Self Forming Clay","StrikeDummy","FossilizedHelix","Bronze Scales","energizedSpire:MagnifyingGlass","Eternal Feather","Sundial"],"acts_visited":["Exordium","TheCity"],"potions_floor_usage":[16,17,22,25,33],"damage_taken":[{"damage":0,"enemies":"Jaw Worm","floor":1,"turns":1},{"damage":0,"enemies":"2 Louse","floor":2,"turns":1},{"damage":0,"enemies":"Small Slimes","floor":6,"turns":1},{"damage":42,"enemies":"Lagavulin","floor":8,"turns":7},{"damage":9,"enemies":"Blue Slaver","floor":13,"turns":2},{"damage":25,"enemies":"3 Sentries","floor":16,"turns":7},{"damage":2,"enemies":"Gremlin Gang","floor":17,"turns":5},{"damage":17,"enemies":"Exordium Thugs","floor":18,"turns":5},{"damage":0,"enemies":"Large Slime","floor":20,"turns":4},{"damage":3,"enemies":"Hexaghost","floor":22,"turns":7},{"damage":36,"enemies":"Hexaghost","floor":25,"turns":7},{"damage":10,"enemies":"Shell Parasite","floor":27,"turns":5},{"damage":15,"enemies":"Chosen","floor":29,"turns":6},{"damage":87,"enemies":"Gremlin Leader","floor":33,"turns":7}],"seed_played":"2996950369123205620","potions_obtained":[{"floor":6,"key":"Explosive Potion"},{"floor":8,"key":"Energy Potion"},{"floor":16,"key":"FearPotion"},{"floor":17,"key":"AttackPotion"},{"floor":27,"key":"DistilledChaos"}],"is_trial":false,"path_per_floor":["M","M","?","$","?","M","R","E","R","?","T","T","M","R","?","E","M","M","$","M","R","B",null,"R","B",null,"M","$","M","?","T","R","E"],"character_chosen":"IRONCLAD","items_purchased":["Reaper","Bronze Scales","Eternal Feather","Metallicize"],"campfire_rested":2,"item_purchase_floors":[19,19,28,28],"current_hp_per_floor":[74,75,80,80,75,80,80,44,44,44,44,44,41,65,65,46,50,39,39,45,69,78,78,78,54,74,74,74,65,65,65,77,0,0],"gold":38,"neow_bonus":"THREE_ENEMY_KILL","is_daily":false,"chose_seed":false,"campfire_upgraded":4,"win_rate":0.0,"timestamp":1613598880,"path_taken":["M","M","?","$","?","M","R","E","R","?","T","T","?","R","?","E","M","?","?","M","R","BOSS","R","BOSS","M","$","M","?","?","R","E"],"items_purchased_type":["Card","Relic","Relic","Card"],"build_version":"2020-12-22","purchased_purges":0,"victory":false,"max_hp_per_floor":[75,75,80,80,80,80,80,80,80,80,80,80,80,80,80,80,80,80,80,80,80,80,80,80,80,80,80,80,80,80,80,80,80,80],"relic_stats":{"counters":[14,65],"Self Forming Clay":[78],"Sundial":[0],"Bronze Scales":[119],"StoneCalendar":[203],"Eternal Feather":12,"obtain_stats":[{"Lantern":8,"NeowsBlessing":0,"Self Forming Clay":11,"Sundial":31,"Bronze Scales":19,"StoneCalendar":5,"Eternal Feather":28,"energizedSpire:MagnifyingGlass":26,"StrikeDummy":12,"Burning Blood":0,"FossilizedHelix":16},{"Lantern":4,"NeowsBlessing":0,"Self Forming Clay":4,"Sundial":13,"Bronze Scales":8,"StoneCalendar":2,"Eternal Feather":12,"energizedSpire:MagnifyingGlass":11,"StrikeDummy":4,"Burning Blood":0,"FossilizedHelix":6},{"Lantern":10,"NeowsBlessing":0,"Self Forming Clay":10,"Sundial":58,"Bronze Scales":29,"StoneCalendar":2,"Eternal Feather":52,"energizedSpire:MagnifyingGlass":47,"StrikeDummy":10,"Burning Blood":0,"FossilizedHelix":19}],"Burning Blood":72},"card_choices":[{"not_picked":["Perfected Strike","Intimidate"],"picked":"Twin Strike","floor":1},{"not_picked":["Clothesline","Hemokinesis"],"picked":"Shockwave","floor":2},{"not_picked":["Headbutt","Warcry"],"picked":"Shrug It Off","floor":6},{"not_picked":["Entrench","Combust"],"picked":"Sword Boomerang","floor":8},{"not_picked":["Shrug It Off","Twin Strike"],"picked":"Flame Barrier","floor":13},{"not_picked":["Sword Boomerang","Iron Wave","Searing Blow"],"picked":"SKIP","floor":16},{"not_picked":["Shrug It Off","Fire Breathing"],"picked":"Wild Strike","floor":17},{"not_picked":["Sword Boomerang","Havoc","Warcry"],"picked":"SKIP","floor":18},{"not_picked":["Exhume","Dropkick","Sever Soul"],"picked":"SKIP","floor":20},{"not_picked":["Juggernaut","Demon Form"],"picked":"Impervious","floor":22},{"not_picked":["Feed","Double Tap"],"picked":"Limit Break","floor":25},{"not_picked":["Ghostly Armor","Headbutt"],"picked":"True Grit+1","floor":27},{"not_picked":["Searing Blow","Clothesline"],"picked":"Cleave","floor":29}],"player_experience":1197859,"relics_obtained":[{"floor":8,"key":"Lantern"},{"floor":11,"key":"Self Forming Clay"},{"floor":12,"key":"StrikeDummy"},{"floor":16,"key":"FossilizedHelix"},{"floor":31,"key":"Sundial"}],"event_choices":[{"damage_healed":0,"gold_gain":0,"player_choice":"Donut","damage_taken":0,"max_hp_gain":5,"max_hp_loss":0,"event_name":"Big Fish","floor":3,"gold_loss":0},{"damage_healed":0,"gold_gain":0,"player_choice":"Success","damage_taken":5,"relics_obtained":["StoneCalendar"],"max_hp_gain":0,"max_hp_loss":0,"event_name":"Scrap Ooze","floor":5,"gold_loss":0},{"damage_healed":0,"gold_gain":275,"player_choice":"Desecrate","damage_taken":0,"max_hp_gain":0,"max_hp_loss":0,"event_name":"Golden Shrine","floor":10,"gold_loss":0,"cards_obtained":["Regret"]},{"cards_removed":["Regret"],"damage_healed":0,"gold_gain":0,"player_choice":"Purged","damage_taken":0,"max_hp_gain":0,"max_hp_loss":0,"event_name":"Purifier","floor":15,"gold_loss":0},{"damage_healed":0,"gold_gain":0,"cards_transformed":["Strike_R","Strike_R"],"player_choice":"Became Test Subject","damage_taken":0,"max_hp_gain":0,"max_hp_loss":0,"event_name":"Drug Dealer","floor":30,"gold_loss":0,"cards_obtained":["Blood for Blood","Evolve"]}],"is_beta":false,"boss_relics":[{"not_picked":["Ectoplasm","energizedSpire:TabascoSauce"],"picked":"energizedSpire:MagnifyingGlass"}],"items_purged_floors":[],"is_endless":false,"potions_floor_spawned":[6,8,16,17,20,27],"killed_by":"Gremlin Leader","ascension_level":18}}