{"host":"h3yie3u3olngyjol","time":1613534511,"event":{"mods":["BaseMod","Colored Powertips","Downfall","Highlight Path","Infinite Spire","Lobotomy","LobotomyExtend","Marked Mod","Minty Spire (QoL Compilation)","Prisma Mod","Replay The Spire","RumiaBox-露米娅的神秘盒子","Shop Mod","StSLib","The Hierophant","The Runesmith"],"gold_per_floor":[212,232,407,407,181,206,206,222,222,97,97,110,124,147,147,246,246,261,261,261,271,288,288,303,328,351,351,368,378,378,388,388,489,489,502,502,502,502,512,512,529,529,601,630,630,664,764,679,679,775,775,793,703,717,717,717,749,59,76,76,93,93,112,112,129,129,129],"floor_reached":51,"language":"ZHS","playtime":3407,"items_purged":["Doubt","Defend_G","Strike_G","Strike_G"],"score":1078,"play_id":"c5e4f486-4a48-428f-8a72-6bff506dc594","local_time":"20210217120151","is_ascension_mode":true,"campfire_choices":[{"floor":7.0,"key":"REST"},{"data":"Bouncing Flask","floor":11.0,"key":"SMITH"},{"data":"Poisoned Stab","floor":15.0,"key":"SMITH"},{"data":"Deadly Poison","floor":6.0,"key":"SMITH"},{"data":"Survivor","floor":10.0,"key":"SMITH"},{"data":"Bane","floor":13.0,"key":"SMITH"},{"data":"Corpse Explosion","floor":15.0,"key":"SMITH"},{"data":"Escape Plan","floor":23.0,"key":"SMITH"},{"floor":25.0,"key":"REST"},{"data":"ReplayTheSpireMod:Tripwire","floor":28.0,"key":"SMITH"},{"floor":32.0,"key":"REST"},{"floor":45.0,"key":"REST"},{"data":"Enlightenment","floor":47.0,"key":"SMITH"},{"data":"Night Terror","floor":49.0,"key":"SMITH"}],"circlet_count":0,"master_deck":["Strike_G","Strike_G","Defend_G+1","Defend_G+1","Defend_G+1","Defend_G+1","Survivor+1","Neutralize","Bouncing Flask+1","infinitespire:Oblivion","Poisoned Stab+1","Deadly Poison+1","Deadly Poison+1","Escape Plan+1","ReplayTheSpireMod:Tripwire+1","Corpse Explosion+1","Bane+1","ReplayTheSpireMod:Speed Training+1","Replay:Poison Smokescreen","Enlightenment+1","Night Terror+1","Dramatic Entrance"],"relics":["Ring of the Serpent","TwistedFunnel","Ornamental Fan","SSSystem","infinitespire:Satchel","Replay:Grab Bag","Busted Crown","Sozu","Heaven_r","LetterFromLob","Bag of Preparation","EasyGame_NEW","MutagenicStrength","AddBug","PlanX","MutagenicStrength","Pantograph","War Paint","Potion Belt","infinitespire:Joker Card","Mirror","Juzu Bracelet","Black Star","War Paint","Replay:Baseball","Pet Ghost","ReplayTheSpireMod:ShopPack","Prayer Wheel","infinitespire:Beetle Shell","Replay:Grab Bag"],"acts_visited":["Exordium","TheCity","TheCity","TheBeyond"],"potions_floor_usage":[],"damage_taken":[{"damage":1.0,"enemies":"Cultist","floor":1.0,"turns":5.0},{"damage":1.0,"enemies":"Jaw Worm","floor":2.0,"turns":3.0},{"damage":25.0,"enemies":"3 Sentries","floor":6.0,"turns":8.0},{"damage":0.0,"enemies":"Small Slimes","floor":8.0,"turns":2.0},{"damage":4.0,"enemies":"Exordium Wildlife","floor":12.0,"turns":3.0},{"damage":1.0,"enemies":"Red Slaver","floor":13.0,"turns":3.0},{"damage":29.0,"enemies":"Fading Forest","floor":16.0,"turns":11.0},{"damage":3.0,"enemies":"Chosen","floor":18.0,"turns":3.0},{"damage":6.0,"enemies":"Small Slimes","floor":1.0,"turns":2.0},{"damage":0.0,"enemies":"Cultist","floor":4.0,"turns":2.0},{"damage":0.0,"enemies":"Jaw Worm","floor":5.0,"turns":2.0},{"damage":0.0,"enemies":"Looter","floor":7.0,"turns":2.0},{"damage":0.0,"enemies":"Gremlin Nob","floor":8.0,"turns":2.0},{"damage":0.0,"enemies":"Large Slime","floor":11.0,"turns":3.0},{"damage":9.0,"enemies":"Exordium Thugs","floor":12.0,"turns":2.0},{"damage":0.0,"enemies":"Lots of Slimes","floor":14.0,"turns":1.0},{"damage":18.0,"enemies":"Slime Boss","floor":16.0,"turns":7.0},{"damage":8.0,"enemies":"Chosen","floor":18.0,"turns":2.0},{"damage":3.0,"enemies":"Shell Parasite","floor":22.0,"turns":2.0},{"damage":12.0,"enemies":"Centurion and Healer","floor":24.0,"turns":2.0},{"damage":0.0,"enemies":"Replay:Snechameleon","floor":27.0,"turns":3.0},{"damage":25.0,"enemies":"Slavers","floor":29.0,"turns":2.0},{"damage":15.0,"enemies":"Colosseum Slavers","floor":30.0,"turns":2.0},{"damage":0.0,"enemies":"Colosseum Nobs","floor":30.0,"turns":2.0},{"damage":26.0,"enemies":"Champ","floor":33.0,"turns":7.0},{"damage":11.0,"enemies":"Orb Walker","floor":35.0,"turns":2.0},{"damage":1.0,"enemies":"3 Shapes","floor":37.0,"turns":2.0},{"damage":0.0,"enemies":"Reptomancer","floor":40.0,"turns":3.0},{"damage":15.0,"enemies":"Writhing Mass","floor":42.0,"turns":3.0},{"damage":0.0,"enemies":"Spire Growth","floor":44.0,"turns":4.0},{"damage":0.0,"enemies":"Jaw Worm Horde","floor":46.0,"turns":3.0},{"damage":0.0,"enemies":"Sphere and 2 Shapes","floor":48.0,"turns":3.0},{"damage":66,"enemies":"Replay:Hell Engine","floor":50,"turns":8}],"seed_played":"952036489409105579","potions_obtained":[{"floor":1.0,"key":"SpeedPotion"},{"floor":2.0,"key":"Energy Potion"},{"floor":6.0,"key":"Ancient Potion"},{"floor":13.0,"key":"ColorlessPotion"}],"is_trial":false,"path_per_floor":["M","M","?","?","$","E","R","M","T","$","R","M","M","T","R","B",null,"M","M","?","?","M","M","R","M","E","T","R","M","M","R","M","R","B",null,"M","?","AVR","?","M","R","M","R","T","E","R","E","?","?","R","B",null,"M","?","M","?","?","E","$","M","T","M","R","M","R","M","R","B",null],"character_chosen":"THE_SILENT","items_purchased":["TwistedFunnel","Deadly Poison","ReplayTheSpireMod:ShopPack","Prayer Wheel","Night Terror"],"campfire_rested":4,"item_purchase_floors":[5,10,41,41,41],"current_hp_per_floor":[69,68,68,50,50,25,46,46,46,46,46,42,41,41,41,32,61,61,61,61,61,61,61,61,61,61,61,61,52,52,52,52,34,61,53,53,53,53,50,50,38,59,59,59,59,34,19,19,40,39,62,51,51,50,50,45,45,45,30,30,30,51,51,51,51,51,4],"gold":129,"neow_bonus":"HUNDRED_GOLD","is_daily":false,"chose_seed":false,"campfire_upgraded":10,"win_rate":0.0,"timestamp":1613534511,"path_taken":["M","?","?","?","?","E","R","?","T","?","R","M","?","?","R","BOSS","M","M","?","?","M","?","R","M","E","T","R","?","M","R","M","R","BOSS","M","?","AVR","?","?","R","M","R","T","E","R","E","?","?","R","BOSS","M","?","M","?","?","E","$","M","T","M","R","M","R","M","R","BOSS"],"items_purchased_type":["Relic","Card","Relic","Relic","Card"],"build_version":"2020-12-22","purchased_purges":4,"victory":true,"max_hp_per_floor":[70,70,70,70,70,70,70,70,70,70,70,70,70,70,70,70,70,70,70,70,70,70,70,70,70,70,70,70,70,70,70,70,70,70,70,70,70,70,70,70,70,70,70,70,70,70,70,70,70,70,70,70,70,70,70,70,70,70,70,70,70,70,70,70,70,70,70],"card_choices":[{"not_picked":["Slice","ReplayTheSpireMod:Tripwire"],"picked":"Bouncing Flask","floor":1.0},{"not_picked":["Hidden Blade","Endless Agony","Sucker Punch"],"picked":"SKIP","floor":2.0},{"not_picked":["infinitespire:Punishment","infinitespire:Fortify"],"picked":"infinitespire:Oblivion","floor":4.0},{"not_picked":["Sucker Punch","Skewer"],"picked":"Poisoned Stab","floor":6.0},{"not_picked":["ReplayTheSpireMod:From All Sides","Slice"],"picked":"Deadly Poison","floor":8.0},{"not_picked":["Blade Dance","Dagger Throw"],"picked":"Escape Plan","floor":12.0},{"not_picked":["Infinite Blades","Dagger Throw"],"picked":"ReplayTheSpireMod:Tripwire","floor":13.0},{"not_picked":["ReplayTheSpireMod:From All Sides","Doppelganger"],"picked":"Corpse Explosion","floor":16.0},{"not_picked":["Deflect"],"picked":"SKIP","floor":1.0},{"not_picked":["Acrobatics"],"picked":"SKIP","floor":4.0},{"not_picked":[],"picked":"Bane","floor":5.0},{"not_picked":["Poisoned Stab"],"picked":"SKIP","floor":7.0},{"not_picked":["Dodge and Roll"],"picked":"SKIP","floor":8.0},{"not_picked":["Predator"],"picked":"SKIP","floor":11.0},{"not_picked":["Flying Knee"],"picked":"SKIP","floor":12.0},{"not_picked":[],"picked":"ReplayTheSpireMod:Speed Training","floor":14.0},{"not_picked":["Tactician"],"picked":"SKIP","floor":18.0},{"not_picked":["Blur"],"picked":"SKIP","floor":22.0},{"not_picked":["Quick Slash"],"picked":"SKIP","floor":24.0},{"not_picked":["Eviscerate"],"picked":"SKIP","floor":27.0},{"not_picked":[],"picked":"Replay:Poison Smokescreen","floor":29.0},{"not_picked":["ReplayTheSpireMod:Speed Training+1"],"picked":"SKIP","floor":35.0},{"not_picked":["Deflect"],"picked":"SKIP","floor":37.0},{"not_picked":[],"picked":"Enlightenment","floor":39.0},{"not_picked":["Grand Finale"],"picked":"SKIP","floor":40.0},{"not_picked":[],"picked":"Dramatic Entrance","floor":41.0},{"not_picked":["Eviscerate"],"picked":"SKIP","floor":42.0},{"not_picked":["Flying Knee"],"picked":"SKIP","floor":42.0},{"not_picked":["Backflip+1"],"picked":"SKIP","floor":44.0},{"not_picked":["ReplayTheSpireMod:The Works+1"],"picked":"SKIP","floor":44.0},{"not_picked":["Riddle With Holes"],"picked":"SKIP","floor":46.0},{"not_picked":["Blade Dance+1"],"picked":"SKIP","floor":46.0},{"not_picked":["Choke+1"],"picked":"SKIP","floor":48.0},{"not_picked":["Finisher"],"picked":"SKIP","floor":48.0}],"player_experience":454290,"relics_obtained":[{"floor":1.0,"key":"LetterFromLob"},{"floor":6.0,"key":"Ornamental Fan"},{"floor":9.0,"key":"SSSystem"},{"floor":14.0,"key":"infinitespire:Satchel"},{"floor":1.0,"key":"LetterFromLob"},{"floor":8.0,"key":"Bag of Preparation"},{"floor":22.0,"key":"MutagenicStrength"},{"floor":26.0,"key":"Pantograph"},{"floor":27.0,"key":"War Paint"},{"floor":29.0,"key":"Potion Belt"},{"floor":30.0,"key":"infinitespire:Joker Card"},{"floor":30.0,"key":"Mirror"},{"floor":40.0,"key":"War Paint"},{"floor":40.0,"key":"Replay:Baseball"},{"floor":40.0,"key":"Pet Ghost"},{"floor":43.0,"key":"infinitespire:Beetle Shell"},{"floor":48.0,"key":"Replay:Grab Bag"}],"event_choices":[{"damage_healed":0.0,"max_hp_gain":0.0,"max_hp_loss":0.0,"gold_gain":175.0,"event_name":"Liars Game","player_choice":"AGREE","floor":3.0,"gold_loss":0.0,"damage_taken":0.0,"cards_obtained":["Doubt"]},{"damage_healed":0.0,"max_hp_gain":0.0,"max_hp_loss":0.0,"gold_gain":0.0,"event_name":"Accursed Blacksmith","player_choice":"Forge","floor":3.0,"gold_loss":0.0,"damage_taken":0.0,"cards_upgraded":["Deadly Poison"]},{"damage_healed":0.0,"max_hp_gain":0.0,"max_hp_loss":0.0,"gold_gain":0.0,"event_name":"Drug Dealer","player_choice":"Inject Mutagens","floor":19.0,"gold_loss":0.0,"damage_taken":0.0,"relics_obtained":["MutagenicStrength"]},{"damage_healed":0.0,"max_hp_gain":0.0,"max_hp_loss":0.0,"gold_gain":0.0,"event_name":"Wheel of Change","player_choice":"Cursed","floor":21.0,"gold_loss":0.0,"damage_taken":0.0,"cards_obtained":["Decay"]},{"damage_healed":0.0,"max_hp_gain":0.0,"max_hp_loss":0.0,"gold_gain":0.0,"event_name":"Colosseum","player_choice":"Fight","floor":30.0,"gold_loss":0.0,"damage_taken":0.0},{"damage_healed":0.0,"max_hp_gain":0.0,"max_hp_loss":0.0,"gold_gain":0.0,"event_name":"Colosseum","player_choice":"Fought Nobs","floor":30.0,"gold_loss":0.0,"damage_taken":0.0},{"damage_healed":0.0,"max_hp_gain":0.0,"max_hp_loss":0.0,"gold_gain":0.0,"event_name":"Addict","player_choice":"Obtained Relic","floor":31.0,"gold_loss":85.0,"damage_taken":0.0,"relics_obtained":["Juzu Bracelet"]},{"cards_removed":["Decay"],"damage_healed":0.0,"max_hp_gain":0.0,"max_hp_loss":0.0,"gold_gain":0.0,"event_name":"Designer","player_choice":"Upgrade and Remove","floor":36.0,"gold_loss":90.0,"damage_taken":0.0,"cards_upgraded":["Defend_G"]},{"cards_removed":["Strike_G"],"damage_healed":0.0,"max_hp_gain":0.0,"max_hp_loss":0.0,"gold_gain":0.0,"event_name":"Falling","player_choice":"Removed Attack","floor":38.0,"gold_loss":0.0,"damage_taken":0.0},{"damage_healed":0.0,"max_hp_gain":0.0,"max_hp_loss":0.0,"gold_gain":0.0,"event_name":"SensoryStone","player_choice":"Memory 2","floor":39.0,"gold_loss":0.0,"damage_taken":5.0}],"is_beta":false,"boss_relics":[{"not_picked":["Snecko Eye","Philosopher\u0027s Stone"],"picked":"Replay:Grab Bag"},{"not_picked":["ChewingGum","Fusion Hammer"],"picked":"Busted Crown"},{"not_picked":["Velvet Choker","Runic Dome"],"picked":"Sozu"},{"not_picked":["Ring of Chaos","Calling Bell"],"picked":"Ring of the Serpent"},{"not_picked":["Painkiller Herb","infinitespire:Cupcake"],"picked":"EasyGame_NEW"},{"not_picked":["Replay:Drink Me","Honey Jar"],"picked":"Black Star"}],"items_purged_floors":[5,10,20,41],"is_endless":false,"potions_floor_spawned":[1,2,6,13,1,7,11,22,27,30,30,42,44,46],"ascension_level":5}}