{"host":"pv3sjfzbkjl0g4yo","time":1613537694,"event":{"mods":["BaseMod","Clockwork Mod","Hubris","Marisa????????","Minty Spire (QoL Compilation)","Replay The Spire","StSLib","The Blackbeard","The Necromancer","TheBandit"],"gold_per_floor":[216,216,216,216,231,257,257,257,280,123,139,173,173,190,190,286,286,297,316,316,70,88,88,118,118,143,143,161,214,244,299,299,415,415,452,485,32,32,82,82,82,135,135,135,195,276,327,385,385,405],"floor_reached":51,"language":"ENG","playtime":3066,"items_purged":[],"score":1122,"play_id":"7479186f-c637-455b-9b02-da5984369ee0","local_time":"20210216235454","is_ascension_mode":false,"campfire_choices":[{"data":"blackbeard:CloakAndCannonball","floor":7.0,"key":"SMITH"},{"data":"blackbeard:BlackbeardDefend","floor":13.0,"key":"SMITH"},{"data":"blackbeard:BrownPants","floor":15.0,"key":"SMITH"},{"data":"blackbeard:CannonballSupply","floor":23.0,"key":"SMITH"},{"data":"blackbeard:BoostMorale","floor":25.0,"key":"SMITH"},{"data":"blackbeard:RearmingStrike","floor":27.0,"key":"SMITH"},{"data":"blackbeard:CaptainsHat","floor":32.0,"key":"SMITH"},{"data":"blackbeard:BlackbeardDefend","floor":41,"key":"SMITH"},{"data":"blackbeard:BlackbeardDefend","floor":44,"key":"SMITH"},{"data":"blackbeard:BlackbeardDefend","floor":49,"key":"SMITH"}],"circlet_count":0,"master_deck":["blackbeard:BlackbeardStrike","blackbeard:BlackbeardStrike","blackbeard:BlackbeardStrike","blackbeard:BlackbeardStrike","blackbeard:IntimidatingStrike+1","blackbeard:BlackbeardDefend+1","blackbeard:BlackbeardDefend+1","blackbeard:BlackbeardDefend+1","blackbeard:BlackbeardDefend+1","blackbeard:CloakAndCannonball+1","blackbeard:Provisioning+1","blackbeard:BrownPants+1","blackbeard:BoostMorale+1","blackbeard:RearmingStrike+1","blackbeard:CannonballSupply+1","blackbeard:BrownPants+1","blackbeard:BuriedTreasure+1","blackbeard:CaptainsHat+1","blackbeard:Parrot","Hallucinations"],"relics":["blackbeard:LoadTheCannons","hubris:Towel","ReplayTheSpireMod:Lightbulb","Bag of Preparation","Vajra","ReplayTheSpireMod:TigerMarble","Replay:Towering Pillar of Hats","hubris:VirtuousBlindfold","Kunai","Thread and Needle","Toy Ornithopter","Calipers","Bottled Tornado","hubris:Stopwatch","blackbeard:CannonballsOfSteel","Replay:Baseball","Lee\u0027s Waffle","Ring of Searing","TungstenRod","Lantern"],"acts_visited":["Exordium","TheCity","TheBeyond"],"potions_floor_usage":[45,45,45,46,46,47,47,48,48,50,50,50,50,50,50],"damage_taken":[{"damage":0.0,"enemies":"Small Slimes","floor":1.0,"turns":4.0},{"damage":0.0,"enemies":"2 Louse","floor":5.0,"turns":3.0},{"damage":5.0,"enemies":"Replay:BlueRogue","floor":6.0,"turns":5.0},{"damage":5.0,"enemies":"Jaw Worm","floor":11.0,"turns":3.0},{"damage":13.0,"enemies":"3 Sentries","floor":12.0,"turns":7.0},{"damage":0.0,"enemies":"Large Slime","floor":14.0,"turns":4.0},{"damage":1.0,"enemies":"Slime Boss","floor":16.0,"turns":11.0},{"damage":0.0,"enemies":"Chosen","floor":18.0,"turns":4.0},{"damage":4.0,"enemies":"2 Thieves","floor":19.0,"turns":3.0},{"damage":0.0,"enemies":"3 Cultists","floor":22.0,"turns":5.0},{"damage":18.0,"enemies":"Gremlin Leader","floor":24.0,"turns":3.0},{"damage":0.0,"enemies":"Cultist and Chosen","floor":28.0,"turns":5.0},{"damage":0.0,"enemies":"Replay:Snechameleon","floor":29.0,"turns":4.0},{"damage":0.0,"enemies":"Snake Plant","floor":30.0,"turns":3.0},{"damage":0.0,"enemies":"Gremlin Leader","floor":31.0,"turns":6.0},{"damage":2.0,"enemies":"Pondfish","floor":33.0,"turns":10.0},{"damage":11.0,"enemies":"3 Shapes","floor":35.0,"turns":5.0},{"damage":0.0,"enemies":"Orb Walker","floor":36.0,"turns":4.0},{"damage":8.0,"enemies":"4 Shapes","floor":39.0,"turns":5.0},{"damage":15,"enemies":"Transient","floor":42,"turns":5},{"damage":12,"enemies":"Maw","floor":45,"turns":6},{"damage":37,"enemies":"Nemesis","floor":46,"turns":5},{"damage":9,"enemies":"3 Darklings","floor":47,"turns":5},{"damage":0,"enemies":"4 Shapes","floor":48,"turns":4},{"damage":23,"enemies":"Awakened One","floor":50,"turns":12}],"seed_played":"-9218814614393865583","potions_obtained":[{"floor":5.0,"key":"Strength Potion"},{"floor":28.0,"key":"FearPotion"},{"floor":45,"key":"Weak Potion"}],"is_trial":false,"path_per_floor":["M","?","?","?","M","E","R","?","T","$","M","E","R","M","R","B",null,"M","M","?","$","M","R","E","R","T","R","M","E","M","E","R","B",null,"M","M","$","?","M","?","R","M","T","R","M","E","M","M","R","B",null],"character_chosen":"BLACKBEARD_CLASS","items_purchased":["ReplayTheSpireMod:TigerMarble","Kunai","blackbeard:CannonballsOfSteel","Replay:Baseball","Lee\u0027s Waffle"],"campfire_rested":0,"item_purchase_floors":[10,21,37,37,37],"current_hp_per_floor":[75,75,75,75,75,70,70,70,70,70,65,52,52,52,52,51,75,75,71,71,71,71,71,53,53,53,53,75,75,75,75,75,75,75,74,75,82,82,74,74,74,59,59,59,62,43,44,54,54,69],"gold":405,"neow_bonus":"HUNDRED_GOLD","is_daily":false,"chose_seed":false,"campfire_upgraded":10,"win_rate":0.0,"timestamp":1613537694,"path_taken":["M","?","?","?","?","E","R","?","T","$","?","E","R","M","R","BOSS","M","M","?","$","M","R","E","R","T","R","?","E","M","E","R","BOSS","M","M","$","?","M","?","R","M","T","R","M","E","M","M","R","BOSS"],"items_purchased_type":["Relic","Relic","Relic","Relic","Relic"],"build_version":"2020-12-22","purchased_purges":0,"victory":true,"max_hp_per_floor":[75,75,75,75,75,75,75,75,75,75,75,75,75,75,75,75,75,75,75,75,75,75,75,75,75,75,75,75,75,75,75,75,75,75,75,75,82,82,82,82,82,82,82,82,82,82,82,82,82,82],"card_choices":[{"not_picked":["blackbeard:Shrapnel","blackbeard:DeadlyArsenal"],"picked":"blackbeard:CloakAndCannonball","floor":1.0},{"not_picked":["blackbeard:Toast","blackbeard:RearmingStrike","blackbeard:SwordDance"],"picked":"SKIP","floor":5.0},{"not_picked":["blackbeard:JollyRoger","blackbeard:CloakAndCannonball","blackbeard:UndeadForm"],"picked":"SKIP","floor":6.0},{"not_picked":["blackbeard:PowderKeg","blackbeard:ChaoticDefense","blackbeard:Scrap"],"picked":"SKIP","floor":11.0},{"not_picked":["blackbeard:PowerHungry","blackbeard:Upgrade","blackbeard:Dagger"],"picked":"SKIP","floor":12.0},{"not_picked":["blackbeard:TacticalRetreat","blackbeard:Shrapnel"],"picked":"blackbeard:BrownPants","floor":14.0},{"not_picked":["blackbeard:WeaponMastery","blackbeard:GoldenGuillotine"],"picked":"blackbeard:BoostMorale","floor":16.0},{"not_picked":["blackbeard:FieryDefense+1","blackbeard:GoldenDefense+1"],"picked":"blackbeard:RearmingStrike","floor":18.0},{"not_picked":["blackbeard:Sword","blackbeard:BuriedTreasure"],"picked":"blackbeard:CannonballSupply","floor":19.0},{"not_picked":["blackbeard:WeaponProficiency+1","blackbeard:RemoveScurvy","blackbeard:Sharpening"],"picked":"SKIP","floor":22.0},{"not_picked":["blackbeard:Salvager","blackbeard:CloakAndCannonball+1"],"picked":"blackbeard:BrownPants+1","floor":24.0},{"not_picked":["blackbeard:GhostInTheRum","blackbeard:RearmingStrike+1"],"picked":"blackbeard:BuriedTreasure+1","floor":28.0},{"not_picked":["blackbeard:Sharpening","blackbeard:WoodenLeg+1","blackbeard:Toast"],"picked":"SKIP","floor":29.0},{"not_picked":["blackbeard:Toast+1","blackbeard:CaptainsCabin","blackbeard:RearmingStrike+1"],"picked":"SKIP","floor":30.0},{"not_picked":["blackbeard:SwordDance","blackbeard:FieryDefense"],"picked":"blackbeard:CaptainsHat","floor":31.0},{"not_picked":["blackbeard:BountyHunter","blackbeard:ReapersScythe"],"picked":"blackbeard:Parrot","floor":33.0},{"not_picked":["blackbeard:DeadlyArsenal+1","blackbeard:DoubleBottom+1","blackbeard:WiseDefense+1"],"picked":"SKIP","floor":35.0},{"not_picked":["blackbeard:Eyepatch","blackbeard:Fencing+1","blackbeard:WiseDefense"],"picked":"SKIP","floor":36.0},{"not_picked":["blackbeard:WoodenLeg+1","blackbeard:Sword+1","blackbeard:TerrorOfTheSeas+1"],"picked":"SKIP","floor":39.0},{"not_picked":["blackbeard:BlindAttacks","blackbeard:Shrapnel","blackbeard:DeadlyArsenal"],"picked":"SKIP","floor":42},{"not_picked":["blackbeard:SwordDance","blackbeard:GoldenCannonball","blackbeard:RearmingStrike+1"],"picked":"SKIP","floor":45},{"not_picked":["blackbeard:GoldenStrike+1","blackbeard:Shrapnel","blackbeard:WiseDefense"],"picked":"SKIP","floor":46},{"not_picked":["blackbeard:TerrorOfTheSeas","blackbeard:Fencing+1","blackbeard:Spear+1"],"picked":"SKIP","floor":47},{"not_picked":["blackbeard:Shrapnel","blackbeard:SwordDance","blackbeard:ArmorUp+1"],"picked":"SKIP","floor":48}],"player_experience":568411,"relics_obtained":[{"floor":6.0,"key":"ReplayTheSpireMod:Lightbulb"},{"floor":9.0,"key":"Vajra"},{"floor":12.0,"key":"Replay:Towering Pillar of Hats"},{"floor":24.0,"key":"Thread and Needle"},{"floor":26.0,"key":"Toy Ornithopter"},{"floor":29.0,"key":"Calipers"},{"floor":31.0,"key":"Bottled Tornado"},{"floor":40,"key":"Ring of Searing"},{"floor":43,"key":"TungstenRod"},{"floor":46,"key":"Lantern"}],"event_choices":[{"damage_healed":0.0,"max_hp_gain":0.0,"max_hp_loss":0.0,"gold_gain":0.0,"event_name":"WeMeetAgain","player_choice":"Gave Potion","floor":8.0,"gold_loss":0.0,"damage_taken":0.0,"relics_obtained":["Bag of Preparation"]},{"damage_healed":0.0,"max_hp_gain":0.0,"max_hp_loss":0.0,"gold_gain":0.0,"event_name":"Transmorgrifier","player_choice":"Ignored","floor":20.0,"gold_loss":0.0,"damage_taken":0.0}],"is_beta":false,"boss_relics":[{"not_picked":["Kintsugi","Replay:Drink Me"],"picked":"hubris:VirtuousBlindfold"},{"not_picked":["Replay:Wanted Poster","blackbeard:SoberMinded"],"picked":"hubris:Stopwatch"}],"items_purged_floors":[],"is_endless":false,"potions_floor_spawned":[5,12,18,24,28,33,42,45,46],"ascension_level":0}}