{"host":"5h6e4l6hpn0p5lap","time":1613527927,"event":{"mods":["AchievementEnabler","BaseMod","Better Altar","Better Match","Better Sensory Stone","Better Skull","Better Third Choice","Colored Map","Filter the Spire","Minty Spire (QoL Compilation)","StSLib"],"gold_per_floor":[119,137,151,151,170,170,195,195,195,215,234,249,174,191,191,191,191],"floor_reached":16,"language":"ENG","playtime":733,"items_purged":["Strike_G"],"score":154,"play_id":"648f771a-8d90-4b56-9ea0-cc58fa075d4b","local_time":"20210216211207","is_ascension_mode":true,"campfire_choices":[{"data":"Bane","floor":6,"key":"SMITH"},{"floor":8,"key":"REST"},{"data":"Poisoned Stab","floor":15,"key":"SMITH"}],"circlet_count":0,"master_deck":["Strike_G","Strike_G","Strike_G","Strike_G","Defend_G","Defend_G","Defend_G","Defend_G","Defend_G","Survivor","Neutralize","Bane+1","Poisoned Stab+1","Backflip","Footwork","Adrenaline","Deflect","All Out Attack","Calculated Gamble","Quick Slash"],"relics":["Ring of the Snake","Nunchaku","Bird Faced Urn","Anchor","Darkstone Periapt"],"acts_visited":["Exordium"],"potions_floor_usage":[7,16],"damage_taken":[{"damage":2,"enemies":"Cultist","floor":1,"turns":5},{"damage":0,"enemies":"Jaw Worm","floor":2,"turns":5},{"damage":3,"enemies":"2 Louse","floor":3,"turns":3},{"damage":3,"enemies":"Blue Slaver","floor":5,"turns":3},{"damage":23,"enemies":"Gremlin Nob","floor":7,"turns":5},{"damage":0,"enemies":"3 Louse","floor":10,"turns":4},{"damage":2,"enemies":"Large Slime","floor":11,"turns":7},{"damage":0,"enemies":"2 Fungi Beasts","floor":12,"turns":3},{"damage":0,"enemies":"Looter","floor":14,"turns":3},{"damage":45,"enemies":"Slime Boss","floor":16,"turns":12}],"seed_played":"8030850503735508797","potions_obtained":[{"floor":1,"key":"FairyPotion"},{"floor":3,"key":"CunningPotion"},{"floor":12,"key":"SpeedPotion"},{"floor":14,"key":"Energy Potion"}],"is_trial":false,"path_per_floor":["M","M","M","T","M","R","E","R","T","M","M","M","$","M","R","B"],"character_chosen":"THE_SILENT","items_purchased":[],"campfire_rested":1,"item_purchase_floors":[],"current_hp_per_floor":[61,61,58,58,55,55,34,55,55,57,57,59,59,61,61,18,18],"gold":191,"neow_bonus":"RANDOM_COMMON_RELIC","is_daily":false,"chose_seed":false,"campfire_upgraded":2,"win_rate":0.0,"timestamp":1613527927,"path_taken":["M","M","M","?","M","R","E","R","T","M","M","M","$","M","R","BOSS"],"items_purchased_type":[],"build_version":"2020-12-22","purchased_purges":1,"victory":false,"max_hp_per_floor":[70,70,70,70,70,70,70,70,70,70,70,70,70,70,70,70,70],"card_choices":[{"not_picked":["Setup","Backflip"],"picked":"Bane","floor":1},{"not_picked":["Acrobatics","Infinite Blades"],"picked":"Poisoned Stab","floor":2},{"not_picked":["Underhanded Strike","Bane"],"picked":"Backflip","floor":3},{"not_picked":["Dagger Throw","Quick Slash"],"picked":"Footwork","floor":5},{"not_picked":["Tactician","Acrobatics"],"picked":"Adrenaline","floor":7},{"not_picked":["Choke","Bane"],"picked":"Deflect","floor":10},{"not_picked":["Endless Agony","Dash"],"picked":"All Out Attack","floor":11},{"not_picked":["Distraction","Choke"],"picked":"Calculated Gamble","floor":12},{"not_picked":["Calculated Gamble","Blade Dance"],"picked":"Quick Slash","floor":14}],"player_experience":1123814,"relics_obtained":[{"floor":4,"key":"Bird Faced Urn"},{"floor":7,"key":"Anchor"},{"floor":9,"key":"Darkstone Periapt"}],"event_choices":[],"is_beta":false,"boss_relics":[],"items_purged_floors":[13],"is_endless":false,"potions_floor_spawned":[1,3,12,14],"killed_by":"Slime Boss","ascension_level":9}}