{"host":"97bfbul5vt0mksxl","time":1613589850,"event":{"mods":["BaseMod","Colored Powertips","Highlight Path","Infinite Spire","Minty Spire (QoL Compilation)","Replay The Spire","Shop Mod","StSLib","SuperFastMode"],"gold_per_floor":[13,30,30,30,48,48,65,95,95,95,95,45,76,91,91,91,91],"floor_reached":16,"language":"ENG","playtime":617,"items_purged":[],"score":110,"play_id":"c34f76bb-8396-4ec6-ba91-04d036838ba2","local_time":"20210217162410","is_ascension_mode":false,"campfire_choices":[{"data":"ReplayTheSpireMod:LeadingStrike","floor":10,"key":"SMITH"},{"floor":15,"key":"REST"}],"circlet_count":0,"master_deck":["Strike_R","Strike_R","Strike_R","Strike_R","Strike_R","Defend_R","Defend_R","Defend_R","Bash","ReplayTheSpireMod:LeadingStrike+1","Sword Boomerang","Replay:Undeath\u0027s Touch","Pot Of Greed","Pot Of Greed","Warcry","Reaper"],"relics":["Burning Blood","Replay:PocketPolymizer","Grinning Jar","Ornamental Fan","ReplayTheSpireMod:CursedCoin","MerchantsRug","Du-Vu Doll"],"acts_visited":["Exordium"],"potions_floor_usage":[8,13],"damage_taken":[{"damage":26,"enemies":"infinitespire:Voidling","floor":1,"turns":3},{"damage":0,"enemies":"2 Louse","floor":2,"turns":3},{"damage":0,"enemies":"Small Slimes","floor":5,"turns":3},{"damage":21,"enemies":"Red Slaver","floor":7,"turns":3},{"damage":38,"enemies":"Replay:BlueRogue","floor":8,"turns":5},{"damage":23,"enemies":"3 Sentries","floor":13,"turns":8},{"damage":15,"enemies":"Blue Slaver","floor":14,"turns":3},{"damage":73,"enemies":"The Guardian","floor":16,"turns":9}],"seed_played":"-505512025163251987","potions_obtained":[{"floor":1,"key":"Regen Potion"},{"floor":5,"key":"Energy Potion"}],"is_trial":false,"path_per_floor":["M","M","?","$","M","?","M","E","T","R","$","?","E","M","R","B"],"character_chosen":"IRONCLAD","items_purchased":["ReplayTheSpireMod:CursedCoin","MerchantsRug"],"campfire_rested":1,"item_purchase_floors":[11,11],"current_hp_per_floor":[60,66,66,66,72,90,75,57,57,57,57,57,40,36,63,0,0],"gold":91,"neow_bonus":"ONE_RARE_RELIC","is_daily":false,"chose_seed":false,"campfire_upgraded":1,"win_rate":0.0,"timestamp":1613589850,"path_taken":["M","?","?","$","M","?","?","E","T","R","?","?","E","M","R","BOSS"],"items_purchased_type":["Relic","Relic"],"build_version":"2020-12-22","purchased_purges":0,"victory":false,"max_hp_per_floor":[80,80,80,80,80,90,90,90,90,90,90,90,90,90,90,90,90],"card_choices":[{"not_picked":["Clothesline","infinitespire:OneForAll"],"picked":"ReplayTheSpireMod:LeadingStrike","floor":1},{"not_picked":["Entrench","Burning Pact"],"picked":"Intimidate","floor":2},{"not_picked":["Heavy Blade","Defy Death"],"picked":"Sword Boomerang","floor":5},{"not_picked":["Defy Death","Iron Wave"],"picked":"Replay:Undeath\u0027s Touch","floor":7},{"not_picked":["Heavy Blade","Reckless Charge","Perfected Strike"],"picked":"SKIP","floor":8},{"not_picked":["Seeing Red","Iron Wave"],"picked":"Reaper","floor":13},{"not_picked":["Armaments","ReplayReversal","Ghostly Armor"],"picked":"SKIP","floor":14}],"player_experience":172571,"relics_obtained":[{"floor":8,"key":"Grinning Jar"},{"floor":9,"key":"Ornamental Fan"},{"floor":13,"key":"Du-Vu Doll"}],"event_choices":[{"damage_healed":0,"gold_gain":0,"cards_transformed":["Intimidate"],"player_choice":"Change","damage_taken":0,"max_hp_gain":0,"max_hp_loss":0,"event_name":"Living Wall","floor":3,"gold_loss":0,"cards_obtained":["Hemogenesis"]},{"cards_removed":["Hemogenesis"],"damage_healed":8,"gold_gain":0,"player_choice":"Offered Rare","damage_taken":0,"max_hp_gain":10,"max_hp_loss":0,"event_name":"Bonfire Elementals","floor":6,"gold_loss":0},{"cards_removed":["Delirium"],"damage_healed":0,"gold_gain":0,"player_choice":"Card Removal","damage_taken":0,"max_hp_gain":0,"max_hp_loss":0,"event_name":"The Cleric","floor":12,"gold_loss":50}],"is_beta":false,"boss_relics":[],"items_purged_floors":[],"is_endless":false,"potions_floor_spawned":[1,5],"killed_by":"The Guardian","ascension_level":0}}