{"host":"acw864156wjp8gcv","time":1613579974,"event":{"mods":["2.2 Compatiblity","AchievementEnabler","Aspiration","BaseMod","Beaked The Cultist","Better Altar","Better Match","Better Note","Better Sensory Stone","Better Silent Start","Better Skull","Better Third Choice","Better Vampires","BetterRewards","Challenge The Spire","Colored Map","Colored Powertips","Conspire","Curses Come First","Downfall","Energized Spire","GifTheSpireLib","Halation","Hubris","Infinite Spire","Ironclad Rager","Jedi Mod","Mimic Mod","Minty Spire (QoL Compilation)","Permanent Neow","Relic Sorter","Replay The Spire","Robot Space Explorer","Shop Mod","Spicy Shops","Spikes Relics","StSLib","Stuff the Spire","The Blue Laboratory","The Construct","The Jungle","The Marked","Wandering Minibosses","everything is the same but u backflip on backflip"],"gold_per_floor":[109,109,109,190,190,215,215,250,299,299,15,15,31,47,47,121,521,532,532,544,504,504,504,539,550,550,563,563,576,576,586,586,662,662,675,693,693,709,709,738,738,763,798,817,817,830,840,860,860,860,860,860,860,578,606,606],"floor_reached":57,"language":"ENG","playtime":2072,"items_purged":["Strike_G","Strike_G"],"score":3184,"play_id":"7db4f518-b2db-48a5-86d4-564c5309e49f","local_time":"20210217103934","is_ascension_mode":true,"campfire_choices":[{"data":"Pot Of Greed","floor":7,"key":"SMITH"},{"data":"Infinite Blades","floor":10,"key":"SMITH"},{"data":"Envenom","floor":15,"key":"SMITH"},{"data":"Pot Of Greed","floor":23,"key":"SMITH"},{"data":"Accuracy","floor":28,"key":"SMITH"},{"data":"Quick Slash","floor":30,"key":"SMITH"},{"data":"Survivor","floor":32,"key":"SMITH"},{"floor":41,"key":"RECALL"},{"floor":45,"key":"REST"},{"floor":49,"key":"REST"},{"floor":53,"key":"REST"}],"circlet_count":0,"master_deck":["AscendersBane","Strike_G","Strike_G+1","Defend_G","Defend_G","Defend_G","Defend_G","Survivor+1","Neutralize+1","StuffTheSpire:Innocence+1","Pot Of Greed+1","Pot Of Greed+1","Quick Slash+1","Infinite Blades+1","Blade Dance+1","Cloak And Dagger+1","Blade Dance+1","Accuracy+1","Blade Dance+1","Prepared+1","StuffTheSpire:DoubleShiv","StuffTheSpire:Fury+1","Pot Of Greed+1","Riddle With Holes","ReplayTheSpireMod:Book of Names","conspire:DoublingDagger+1","conspire:PoisonWeapons","Footwork+1","Accuracy","Acrobatics+1"],"relics":["Ring of the Snake","hubris:Icosahedron","Grinning Jar","ReplayTheSpireMod:ShopPack","infinitespire:Magic Flask","Replay:Baseball","ReplayTheSpireMod:Shallot","StuffTheSpire:HeavyRock","jedi:cryingmask","Ninja Scroll","Replay:Wanted Poster","Toy Ornithopter","jedi:archwizardhat","wanderingMiniBosses:Blackblade","aspiration:PoetsPen_weak","Fusion Hammer","ReplayTheSpireMod:TigerMarble","infinitespire:ShieldingShard","aspiration:HatOfInfinitePower","jedi:Pinwheel","jedi:gremlinknob","War Paint"],"acts_visited":["Exordium","TheCity","TheBeyond","TheEnding"],"potions_floor_usage":[25],"damage_taken":[{"damage":0,"enemies":"2 Louse","floor":1,"turns":5},{"damage":1,"enemies":"Replay:BlueRogue","floor":6,"turns":3},{"damage":0,"enemies":"Lagavulin","floor":8,"turns":4},{"damage":0,"enemies":"Small Slimes","floor":13,"turns":3},{"damage":0,"enemies":"conspire:RoseBush","floor":14,"turns":3},{"damage":30,"enemies":"The Guardian","floor":16,"turns":8},{"damage":8,"enemies":"Spheric Guardian","floor":18,"turns":5},{"damage":16,"enemies":"Shell Parasite","floor":20,"turns":9},{"damage":12,"enemies":"conspire:SneckoGhost","floor":24,"turns":5},{"damage":16,"enemies":"Snake Plant","floor":25,"turns":5},{"damage":0,"enemies":"Snecko","floor":27,"turns":3},{"damage":0,"enemies":"Centurion and Healer","floor":29,"turns":4},{"damage":42,"enemies":"Shelled Parasite and Fungi","floor":31,"turns":4},{"damage":0,"enemies":"conspire:MysteriousRune","floor":33,"turns":2},{"damage":0,"enemies":"Orb Walker","floor":35,"turns":1},{"damage":0,"enemies":"3 Shapes","floor":36,"turns":1},{"damage":0,"enemies":"3 Darklings","floor":38,"turns":2},{"damage":0,"enemies":"Reptomancer","floor":40,"turns":1},{"damage":1,"enemies":"Nemesis","floor":42,"turns":3},{"damage":15,"enemies":"Writhing Mass","floor":43,"turns":5},{"damage":15,"enemies":"Writhing Mass","floor":44,"turns":2},{"damage":6,"enemies":"4 Shapes","floor":46,"turns":2},{"damage":0,"enemies":"Spire Growth","floor":47,"turns":2},{"damage":0,"enemies":"Writhing Mass","floor":48,"turns":3},{"damage":13,"enemies":"hubris:GrandSnecko","floor":50,"turns":5},{"damage":0,"enemies":"Time Eater","floor":51,"turns":1},{"damage":0,"enemies":"Shield and Spear","floor":55,"turns":2},{"damage":118,"enemies":"The Heart","floor":56,"turns":4}],"seed_played":"8615146422197350835","potions_obtained":[{"floor":16,"key":"Strength Potion"},{"floor":18,"key":"FearPotion"},{"floor":25,"key":"Fruit Juice"}],"is_trial":false,"path_per_floor":["M","?","?","$","?","E","R","E","T","R","$","?","M","M","R","B",null,"M","?","M","?","?","R","E","M","T","M","R","M","R","M","R","B",null,"M","M","?","M","AVR","E","R","E","MIM","M","R","M","M","M","R","B","B",null,"R","$","E","B",null],"character_chosen":"THE_SILENT","items_purchased":["Grinning Jar","ReplayTheSpireMod:ShopPack","infinitespire:Magic Flask","Replay:Baseball","Quick Slash","Ninja Scroll","Accuracy","DistilledChaos","jedi:Pinwheel","jedi:gremlinknob"],"campfire_rested":3,"item_purchase_floors":[4,4,4,4,4,11,54,54,54,54],"current_hp_per_floor":[59,59,49,49,49,48,48,48,48,48,48,48,48,48,48,18,54,46,46,30,30,30,30,18,71,71,71,71,71,71,29,29,29,61,61,61,61,61,61,61,61,60,45,30,51,45,45,45,66,53,53,67,71,71,71,5],"gold":606,"neow_bonus":"UPGRADE_CARD","is_daily":false,"chose_seed":false,"campfire_upgraded":7,"win_rate":0.0,"timestamp":1613579974,"path_taken":["M","?","?","$","?","E","R","E","T","R","$","?","M","?","R","BOSS","M","?","?","?","?","R","E","M","T","M","R","M","R","M","R","BOSS","M","M","?","M","AVR","E","R","E","MIM","M","R","M","M","M","R","BOSS","BOSS","R","$","E","BOSS"],"items_purchased_type":["Relic","Relic","Relic","Relic","Card","Relic","Card","Potion","Relic","Relic"],"build_version":"2020-12-22","purchased_purges":2,"victory":true,"max_hp_per_floor":[66,66,66,66,66,66,66,66,66,66,66,66,66,66,66,66,66,66,66,66,66,66,66,66,71,71,71,71,71,71,71,71,71,71,71,71,71,71,71,71,71,71,71,71,71,71,71,71,71,71,71,71,71,71,71,71],"card_choices":[{"not_picked":["ReplayTheSpireMod:Speed Training","Outmaneuver","All Out Attack"],"picked":"SKIP","floor":1},{"not_picked":["PiercingWail","Dagger Throw","Flying Knee"],"picked":"SKIP","floor":6},{"not_picked":["Slice","PiercingWail"],"picked":"Infinite Blades","floor":8},{"not_picked":["Dagger Throw","Concentrate"],"picked":"Envenom","floor":13},{"not_picked":["Hidden Blade","StuffTheSpire:Fury"],"picked":"Blade Dance","floor":14},{"not_picked":["Bullet Time","Envenom"],"picked":"jedi:studypoison","floor":16},{"not_picked":["hubris:Sniper","Heel Hook","StuffTheSpire:ClusterCrunch"],"picked":"SKIP","floor":18},{"not_picked":["StuffTheSpire:Sprint","Deadly Poison+1"],"picked":"Cloak And Dagger+1","floor":20},{"not_picked":["Hidden Blade","All Out Attack"],"picked":"Accuracy","floor":24},{"not_picked":["InfectiousVector","hubris:Sniper"],"picked":"Blade Dance+1","floor":25},{"not_picked":["Predator","Sucker Punch+1","jedi:acidrain"],"picked":"SKIP","floor":27},{"not_picked":["Acrobatics","Catalyst"],"picked":"Prepared+1","floor":29},{"not_picked":["Deflect","Distraction"],"picked":"StuffTheSpire:DoubleShiv","floor":31},{"not_picked":["wanderingMiniBosses:FinaleOfPromise"],"picked":"SKIP","floor":31},{"not_picked":["Endless Agony","StuffTheSpire:Python","Outmaneuver+1"],"picked":"SKIP","floor":35},{"not_picked":["hubris:SlightOfHand+1","conspire:DoublingDagger"],"picked":"StuffTheSpire:Fury","floor":36},{"not_picked":["Slice","Catalyst+1"],"picked":"Riddle With Holes","floor":38},{"not_picked":["Dagger Throw+1","Endless Agony","Pace"],"picked":"SKIP","floor":40},{"not_picked":["StuffTheSpire:Python","Well Laid Plans"],"picked":"conspire:DoublingDagger","floor":42},{"not_picked":["Outmaneuver+1","StuffTheSpire:Incantation","Escape Plan+1"],"picked":"SKIP","floor":44},{"not_picked":["Flying Knee","Dagger Spray"],"picked":"conspire:PoisonWeapons","floor":46},{"not_picked":["Pace","Deadly Poison"],"picked":"Footwork+1","floor":47},{"not_picked":["Infinite Blades","Acrobatics","ReplayTheSpireMod:Speed Training"],"picked":"SKIP","floor":48},{"not_picked":["Slice+1","Dagger Throw"],"picked":"Acrobatics+1","floor":55}],"player_experience":175839,"relics_obtained":[{"floor":6,"key":"ReplayTheSpireMod:Shallot"},{"floor":8,"key":"StuffTheSpire:HeavyRock"},{"floor":9,"key":"jedi:cryingmask"},{"floor":24,"key":"Toy Ornithopter"},{"floor":26,"key":"jedi:archwizardhat"},{"floor":31,"key":"wanderingMiniBosses:Blackblade"},{"floor":40,"key":"ReplayTheSpireMod:TigerMarble"},{"floor":42,"key":"infinitespire:ShieldingShard"},{"floor":43,"key":"aspiration:HatOfInfinitePower"},{"floor":55,"key":"War Paint"}],"event_choices":[{"damage_healed":0,"gold_gain":0,"player_choice":"Ignored","damage_taken":0,"max_hp_gain":0,"max_hp_loss":0,"event_name":"Transmorgrifier","floor":12,"gold_loss":0},{"damage_healed":0,"gold_gain":0,"player_choice":"Ignored","damage_taken":0,"max_hp_gain":0,"max_hp_loss":0,"event_name":"Transmorgrifier","floor":19,"gold_loss":0},{"damage_healed":0,"gold_gain":0,"player_choice":"Upgraded Two","damage_taken":0,"max_hp_gain":0,"max_hp_loss":0,"event_name":"Designer","floor":21,"gold_loss":50,"cards_upgraded":["Strike_G","Blade Dance"]},{"damage_healed":0,"gold_gain":0,"player_choice":"Copied","damage_taken":0,"max_hp_gain":0,"max_hp_loss":0,"event_name":"Duplicator","floor":22,"gold_loss":0,"cards_obtained":["Blade Dance"]},{"damage_healed":0,"gold_gain":0,"player_choice":"Forge","damage_taken":0,"max_hp_gain":0,"max_hp_loss":0,"event_name":"Accursed Blacksmith","floor":37,"gold_loss":0,"cards_upgraded":["Pot Of Greed"]}],"is_beta":false,"boss_relics":[{"not_picked":["hubris:CrackedHourglass","jedi:hotpepper"],"picked":"Replay:Wanted Poster"},{"not_picked":["conspire:SeveredTorchhead","Calling Bell"],"picked":"aspiration:PoetsPen_weak"}],"items_purged_floors":[4,54],"is_endless":false,"potions_floor_spawned":[6,8,16,18,25,27,36,40,44,46],"ascension_level":20}}