{"host":"ju1b3c4x8n2jtjm7","time":1613572547,"event":{"mods":["AchievementEnabler","BaseMod","Colored Map","Colored Powertips","Highlight Path","Minty Spire (QoL Compilation)","Quick Restart","Rare Cards Sparkle","Relic Stats"],"gold_per_floor":[112,112,130,130,142,168,243,255,279,279,295,306,317,346,346,443,493,478,393,405,82,100,100,100],"floor_reached":23,"language":"ENG","playtime":1699,"items_purged":["Strike_G"],"score":344,"play_id":"7375401e-8337-44fd-8c73-a0c1fc949798","local_time":"20210217153547","is_ascension_mode":true,"campfire_choices":[{"floor":10,"key":"REST"},{"data":"Cloak And Dagger","floor":15,"key":"SMITH"}],"circlet_count":0,"master_deck":["Strike_G","Strike_G+1","Strike_G","Strike_G+1","Defend_G","Defend_G","Defend_G+1","Defend_G","Defend_G","Survivor","Neutralize","Dagger Spray","Cloak And Dagger+1","Dash","Accuracy","Clumsy","Acrobatics","Accuracy","Backstab","Leg Sweep","Malaise","Well Laid Plans","Terror","Apotheosis","Footwork","Heel Hook+1"],"relics":["Cursed Key","Art of War","Boot","Tiny House","Ornamental Fan"],"acts_visited":["Exordium","TheCity"],"potions_floor_usage":[6,11,16,18,23,23],"damage_taken":[{"damage":0,"enemies":"Cultist","floor":1,"turns":4},{"damage":0,"enemies":"Small Slimes","floor":3,"turns":3},{"damage":0,"enemies":"2 Louse","floor":5,"turns":2},{"damage":10,"enemies":"Gremlin Nob","floor":6,"turns":4},{"damage":0,"enemies":"2 Fungi Beasts","floor":8,"turns":4},{"damage":0,"enemies":"Exordium Thugs","floor":11,"turns":5},{"damage":0,"enemies":"Gremlin Gang","floor":12,"turns":4},{"damage":2,"enemies":"2 Fungi Beasts","floor":13,"turns":3},{"damage":9,"enemies":"3 Sentries","floor":14,"turns":8},{"damage":0,"enemies":"The Guardian","floor":16,"turns":14},{"damage":9,"enemies":"2 Thieves","floor":18,"turns":4},{"damage":4,"enemies":"Shell Parasite","floor":20,"turns":7},{"damage":1,"enemies":"Chosen and Byrds","floor":22,"turns":10},{"damage":54,"enemies":"Slavers","floor":23,"turns":5}],"seed_played":"1497352638599861869","potions_obtained":[{"floor":3,"key":"AttackPotion"},{"floor":6,"key":"AttackPotion"},{"floor":8,"key":"GhostInAJar"},{"floor":13,"key":"FearPotion"},{"floor":14,"key":"Poison Potion"},{"floor":17,"key":"DuplicationPotion"},{"floor":22,"key":"Ancient Potion"}],"is_trial":false,"path_per_floor":["M","?","M","?","M","E","?","M","T","R","M","M","M","E","R","B",null,"M","?","M","$","M","E"],"character_chosen":"THE_SILENT","items_purchased":["Apotheosis","Footwork"],"campfire_rested":1,"item_purchase_floors":[21,21],"current_hp_per_floor":[63,49,49,49,49,39,28,28,28,49,49,49,47,38,38,38,67,58,58,54,54,53,0,0],"gold":100,"neow_bonus":"BOSS_RELIC","is_daily":false,"chose_seed":false,"campfire_upgraded":1,"win_rate":0.0,"timestamp":1613572547,"path_taken":["M","?","M","?","M","E","?","M","T","R","M","M","M","E","R","BOSS","M","?","M","$","M","E"],"items_purchased_type":["Card","Card"],"build_version":"2020-12-22","purchased_purges":1,"victory":false,"max_hp_per_floor":[70,70,70,70,70,70,70,70,70,70,70,70,70,70,70,70,75,75,75,75,75,75,75,75],"relic_stats":{"counters":[14,77],"Ornamental Fan":[24],"Art of War":[6],"Cursed Key":1,"Boot":[41],"obtain_stats":[{"Tiny House":17,"Ornamental Fan":19,"Art of War":6,"Cursed Key":0,"Boot":14,"Ring of the Snake":0},{"Tiny House":10,"Ornamental Fan":11,"Art of War":4,"Cursed Key":0,"Boot":9,"Ring of the Snake":0},{"Tiny House":51,"Ornamental Fan":55,"Art of War":13,"Cursed Key":0,"Boot":37,"Ring of the Snake":0}]},"card_choices":[{"not_picked":["Calculated Gamble","PiercingWail"],"picked":"Dagger Spray","floor":1},{"not_picked":["Calculated Gamble","Choke"],"picked":"Cloak And Dagger","floor":3},{"not_picked":["Flying Knee","Acrobatics"],"picked":"Dash","floor":5},{"not_picked":["Flying Knee","Dagger Spray","Quick Slash"],"picked":"SKIP","floor":6},{"not_picked":["Quick Slash","Phantasmal Killer"],"picked":"Accuracy","floor":8},{"not_picked":["Slice","Quick Slash"],"picked":"Acrobatics","floor":11},{"not_picked":["Flying Knee","Riddle With Holes"],"picked":"Accuracy","floor":12},{"not_picked":["Poisoned Stab","Backflip"],"picked":"Backstab","floor":13},{"not_picked":["Crippling Poison","Acrobatics"],"picked":"Leg Sweep","floor":14},{"not_picked":["Grand Finale","Glass Knife"],"picked":"Malaise","floor":16},{"not_picked":["Flying Knee","Escape Plan"],"picked":"Well Laid Plans","floor":17},{"not_picked":["Skewer+1","Backflip","Caltrops"],"picked":"SKIP","floor":18},{"not_picked":["Dagger Spray","Deflect"],"picked":"Terror","floor":20},{"not_picked":["Unload","Dodge and Roll"],"picked":"Heel Hook+1","floor":22}],"player_experience":366298,"relics_obtained":[{"floor":6,"key":"Art of War"},{"floor":14,"key":"Boot"}],"event_choices":[{"damage_healed":0,"gold_gain":0,"player_choice":"Entered Light","damage_taken":14,"max_hp_gain":0,"max_hp_loss":0,"event_name":"Shining Light","floor":2,"gold_loss":0,"cards_upgraded":["Strike_G","Defend_G"]},{"damage_healed":0,"gold_gain":0,"player_choice":"Ignored","damage_taken":0,"max_hp_gain":0,"max_hp_loss":0,"event_name":"Liars Game","floor":4,"gold_loss":0},{"damage_healed":0,"gold_gain":75,"player_choice":"Gather Gold","damage_taken":11,"max_hp_gain":0,"max_hp_loss":0,"event_name":"World of Goop","floor":7,"gold_loss":0},{"damage_healed":0,"gold_gain":0,"player_choice":"Obtained Relic","damage_taken":0,"relics_obtained":["Ornamental Fan"],"max_hp_gain":0,"max_hp_loss":0,"event_name":"Addict","floor":19,"gold_loss":85}],"is_beta":false,"boss_relics":[{"not_picked":["Ectoplasm","Velvet Choker"],"picked":"Tiny House"}],"items_purged_floors":[21],"is_endless":false,"potions_floor_spawned":[3,6,8,13,14,22],"killed_by":"Slavers","ascension_level":7}}