{"host":"pasuo0d4pcp4ckc0","time":1613522688,"event":{"mods":["AchievementEnabler","BaseMod","Colored Powertips","Highlight Path","Minty Spire (QoL Compilation)","Permanent Neow","Quick Restart","Relic Stats","Slay-I","StSLib"],"gold_per_floor":[359,39,57,67,81,116,116,129,201,219,70,70,85,120,120,216,216,235,235,247,162,182,182,208,232,281,301,301,301,327,344,344,344,344],"floor_reached":33,"language":"ENG","playtime":1250,"items_purged":[],"score":314,"play_id":"46c6e6f9-d1f2-4ecf-a18a-5767d69772c1","local_time":"20210216164448","is_ascension_mode":true,"campfire_choices":[{"data":"Uppercut","floor":7,"key":"SMITH"},{"floor":15,"key":"REST"},{"data":"Bludgeon","floor":23,"key":"SMITH"},{"data":"Dropkick","floor":28,"key":"SMITH"},{"floor":32,"key":"REST"}],"circlet_count":0,"master_deck":["Strike_R","Strike_R","Strike_R+1","Strike_R","Strike_R","Defend_R","Defend_R","Defend_R","Anger+1","Uppercut+1","Thunderclap","Evolve","Seeing Red","Sword Boomerang","Armaments","Dropkick+1","Bludgeon+1","Reckless Charge","Entrench","Blood for Blood","Body Slam","Armaments"],"relics":["Burning Blood","Self Forming Clay","Ornamental Fan","InkBottle","Tiny Chest","Du-Vu Doll","Mark of Pain","Omamori","Gremlin Horn","Art of War","Anchor","Matryoshka"],"acts_visited":["Exordium","TheCity"],"potions_floor_usage":[6,8,16,27,31,33,33],"damage_taken":[{"damage":5,"enemies":"Cultist","floor":1,"turns":4},{"damage":0,"enemies":"2 Louse","floor":3,"turns":3},{"damage":10,"enemies":"Small Slimes","floor":4,"turns":2},{"damage":5,"enemies":"Exordium Wildlife","floor":5,"turns":3},{"damage":18,"enemies":"Lagavulin","floor":6,"turns":7},{"damage":0,"enemies":"Lots of Slimes","floor":8,"turns":1},{"damage":16,"enemies":"Blue Slaver","floor":10,"turns":4},{"damage":8,"enemies":"Exordium Wildlife","floor":13,"turns":3},{"damage":6,"enemies":"Gremlin Nob","floor":14,"turns":3},{"damage":21,"enemies":"Hexaghost","floor":16,"turns":7},{"damage":0,"enemies":"Spheric Guardian","floor":18,"turns":3},{"damage":9,"enemies":"Shell Parasite","floor":20,"turns":4},{"damage":21,"enemies":"Snake Plant","floor":22,"turns":6},{"damage":14,"enemies":"Book of Stabbing","floor":24,"turns":4},{"damage":18,"enemies":"Sentry and Sphere","floor":27,"turns":6},{"damage":43,"enemies":"Slavers","floor":30,"turns":5},{"damage":22,"enemies":"Centurion and Healer","floor":31,"turns":6},{"damage":55,"enemies":"Automaton","floor":33,"turns":6}],"seed_played":"-7445224278530283648","potions_obtained":[{"floor":1,"key":"LiquidBronze"},{"floor":4,"key":"Explosive Potion"},{"floor":5,"key":"AttackPotion"},{"floor":10,"key":"PowerPotion"},{"floor":14,"key":"SkillPotion"},{"floor":16,"key":"SpeedPotion"},{"floor":20,"key":"BloodPotion"},{"floor":24,"key":"PowerPotion"},{"floor":31,"key":"AttackPotion"}],"is_trial":false,"path_per_floor":["M","$","M","M","M","E","R","M","T","M","$","?","M","E","R","B",null,"M","?","M","?","M","R","E","T","T","M","R","?","E","M","R","B"],"character_chosen":"IRONCLAD","items_purchased":["Self Forming Clay","Uppercut","Tiny Chest"],"campfire_rested":2,"item_purchase_floors":[2,2,11],"current_hp_per_floor":[72,72,72,68,69,57,57,63,63,53,53,39,37,37,58,43,72,72,72,69,69,54,54,46,46,46,34,34,58,21,19,40,0,0],"gold":344,"neow_bonus":"TWO_FIFTY_GOLD","is_daily":false,"chose_seed":false,"campfire_upgraded":3,"win_rate":0.0,"timestamp":1613522688,"path_taken":["M","?","M","?","M","E","R","M","T","M","$","?","M","E","R","BOSS","M","?","M","?","M","R","E","?","T","?","R","?","E","M","R","BOSS"],"items_purchased_type":["Relic","Card","Relic"],"build_version":"2020-12-22","purchased_purges":0,"victory":false,"max_hp_per_floor":[72,72,72,72,72,72,72,72,72,72,72,72,72,72,72,72,72,72,72,72,72,72,72,72,72,72,72,72,72,72,72,72,72,72],"relic_stats":{"Gremlin Horn":[6,6],"counters":[18,77],"Self Forming Clay":[123],"Ornamental Fan":[100],"Tiny Chest":1,"Art of War":[0],"obtain_stats":[{"Du-Vu Doll":14,"Anchor":26,"Matryoshka":30,"Gremlin Horn":24,"Self Forming Clay":2,"Ornamental Fan":6,"Tiny Chest":11,"Mark of Pain":17,"Omamori":21,"Art of War":25,"Burning Blood":0,"InkBottle":9},{"Du-Vu Doll":9,"Anchor":14,"Matryoshka":16,"Gremlin Horn":14,"Self Forming Clay":1,"Ornamental Fan":5,"Tiny Chest":7,"Mark of Pain":10,"Omamori":12,"Art of War":14,"Burning Blood":0,"InkBottle":6},{"Du-Vu Doll":30,"Anchor":54,"Matryoshka":65,"Gremlin Horn":54,"Self Forming Clay":4,"Ornamental Fan":19,"Tiny Chest":24,"Mark of Pain":37,"Omamori":44,"Art of War":54,"Burning Blood":0,"InkBottle":20}],"Burning Blood":89,"InkBottle":[21]},"card_choices":[{"not_picked":["Pummel","Uppercut"],"picked":"Anger","floor":1},{"not_picked":["Headbutt","Iron Wave"],"picked":"Thunderclap","floor":3},{"not_picked":["Burning Pact","Rupture","Body Slam"],"picked":"SKIP","floor":4},{"not_picked":["Havoc","Second Wind"],"picked":"Evolve","floor":5},{"not_picked":["Reckless Charge","Anger"],"picked":"Seeing Red","floor":6},{"not_picked":["Reckless Charge","Uppercut"],"picked":"Sword Boomerang","floor":8},{"not_picked":["Pummel","Headbutt"],"picked":"Armaments","floor":10},{"not_picked":["Pommel Strike","Iron Wave"],"picked":"Dropkick","floor":13},{"not_picked":["Seeing Red","Burning Pact","Clothesline"],"picked":"SKIP","floor":14},{"not_picked":["Impervious","Brutality"],"picked":"Bludgeon","floor":16},{"not_picked":["Wild Strike","Clothesline+1"],"picked":"Reckless Charge","floor":18},{"not_picked":["Uppercut","Combust"],"picked":"Body Slam","floor":20},{"not_picked":["Heavy Blade+1","Second Wind+1","Corruption"],"picked":"SKIP","floor":22},{"not_picked":["Feel No Pain+1","Headbutt","Second Wind"],"picked":"SKIP","floor":24},{"not_picked":["Shrug It Off","Thunderclap","Havoc"],"picked":"SKIP","floor":27},{"not_picked":["Sentinel","Cleave"],"picked":"Armaments","floor":30},{"not_picked":["Perfected Strike+1","Clash","Anger+1"],"picked":"SKIP","floor":31}],"player_experience":328149,"relics_obtained":[{"floor":6,"key":"Ornamental Fan"},{"floor":9,"key":"InkBottle"},{"floor":14,"key":"Du-Vu Doll"},{"floor":24,"key":"Gremlin Horn"},{"floor":25,"key":"Art of War"},{"floor":26,"key":"Anchor"},{"floor":30,"key":"Matryoshka"}],"event_choices":[{"damage_healed":0,"gold_gain":0,"player_choice":"Entered Light","damage_taken":14,"max_hp_gain":0,"max_hp_loss":0,"event_name":"Shining Light","floor":12,"gold_loss":0,"cards_upgraded":["Strike_R","Anger"]},{"damage_healed":0,"gold_gain":0,"cards_transformed":["Defend_R","Bash"],"player_choice":"Became Test Subject","damage_taken":0,"max_hp_gain":0,"max_hp_loss":0,"event_name":"Drug Dealer","floor":19,"gold_loss":0,"cards_obtained":["Entrench","Blood for Blood"]},{"damage_healed":0,"gold_gain":0,"player_choice":"Obtained Relic","damage_taken":0,"relics_obtained":["Omamori"],"max_hp_gain":0,"max_hp_loss":0,"event_name":"Addict","floor":21,"gold_loss":85},{"damage_healed":24,"gold_gain":0,"player_choice":"Heal","damage_taken":0,"max_hp_gain":0,"max_hp_loss":0,"event_name":"The Library","floor":29,"gold_loss":0}],"is_beta":false,"boss_relics":[{"not_picked":["Black Star","Black Blood"],"picked":"Mark of Pain"}],"items_purged_floors":[],"is_endless":false,"potions_floor_spawned":[1,4,5,10,14,16,20,24,31],"killed_by":"Automaton","ascension_level":1}}