{"host":"tzwikg9s6mkzv6w0","time":1613536867,"event":{"mods":["BaseMod","Good Game Mod","Minty Spire (QoL Compilation)","Spicy Shops","StSLib"],"gold_per_floor":[118,118,131,131,150,190,190,216,216,216,216],"floor_reached":10,"language":"ZHS","playtime":299,"items_purged":[],"score":102,"play_id":"581a37bb-5e15-40d6-a86f-ee37006070f7","local_time":"20210217124107","is_ascension_mode":true,"campfire_choices":[{"data":"Eviscerate","floor":7.0,"key":"SMITH"}],"circlet_count":0,"master_deck":["AscendersBane","Strike_G","Strike_G","Strike_G","Strike_G","Defend_G","Defend_G","Defend_G","Defend_G","Survivor","Neutralize","Study","Eviscerate+1","Expertise"],"relics":["Ring of the Snake","REME:ComplimentaryCards","Golden Idol","Mummified Hand","Odd Mushroom","Happy Flower"],"acts_visited":["Exordium"],"potions_floor_usage":[10],"damage_taken":[{"damage":0.0,"enemies":"2 Louse","floor":1.0,"turns":4.0},{"damage":7.0,"enemies":"Small Slimes","floor":3.0,"turns":3.0},{"damage":0.0,"enemies":"Jaw Worm","floor":5.0,"turns":6.0},{"damage":13.0,"enemies":"Gremlin Nob","floor":6.0,"turns":4.0},{"damage":9.0,"enemies":"The Mushroom Lair","floor":8.0,"turns":5.0},{"damage":17,"enemies":"3 Sentries","floor":10,"turns":6}],"seed_played":"6533562189414942712","potions_obtained":[{"floor":3.0,"key":"BlessingOfTheForge"},{"floor":5.0,"key":"DuplicationPotion"},{"floor":8.0,"key":"GhostInAJar"}],"is_trial":false,"path_per_floor":["M","?","M","?","M","E","R","?","T","E"],"character_chosen":"THE_SILENT","items_purchased":[],"campfire_rested":0,"item_purchase_floors":[],"current_hp_per_floor":[45,45,38,38,38,25,25,16,16,0,0],"gold":216,"neow_bonus":"REMOVE_TWO","is_daily":false,"chose_seed":false,"campfire_upgraded":1,"win_rate":0.0,"timestamp":1613536867,"path_taken":["M","?","M","?","?","E","R","?","T","E"],"items_purchased_type":[],"build_version":"2020-12-22","purchased_purges":0,"victory":false,"max_hp_per_floor":[70,70,70,65,65,65,65,65,65,65,65],"card_choices":[{"not_picked":["Masterful Stab","PiercingWail"],"picked":"Eviscerate","floor":1.0},{"not_picked":["Slice","Dagger Throw"],"picked":"Expertise","floor":3.0},{"not_picked":["Backflip","Bane","Eviscerate"],"picked":"SKIP","floor":5.0},{"not_picked":["Dagger Throw","Deadly Poison","Dodge and Roll"],"picked":"SKIP","floor":6.0},{"not_picked":["Dagger Throw","Deadly Poison","Dodge and Roll"],"picked":"SKIP","floor":6.0}],"player_experience":114101,"relics_obtained":[{"floor":6.0,"key":"Mummified Hand"},{"floor":8.0,"key":"Odd Mushroom"},{"floor":9.0,"key":"Happy Flower"}],"event_choices":[{"damage_healed":0.0,"max_hp_gain":0.0,"max_hp_loss":0.0,"gold_gain":0.0,"event_name":"Liars Game","player_choice":"Ignored","floor":2.0,"gold_loss":0.0,"damage_taken":0.0},{"damage_healed":0.0,"max_hp_gain":0.0,"max_hp_loss":5.0,"gold_gain":0.0,"event_name":"Golden Idol","player_choice":"Lose Max HP","floor":4.0,"gold_loss":0.0,"damage_taken":0.0,"relics_obtained":["Golden Idol"]},{"damage_healed":0.0,"max_hp_gain":0.0,"max_hp_loss":0.0,"gold_gain":0.0,"event_name":"Mushrooms","player_choice":"Fought Mushrooms","floor":8.0,"gold_loss":0.0,"damage_taken":0.0}],"is_beta":false,"boss_relics":[],"items_purged_floors":[],"is_endless":false,"potions_floor_spawned":[3,5,8],"killed_by":"3 Sentries","ascension_level":11}}