{"host":"l7l2v2zs4hqku4vk","time":1613529192,"event":{"mods":["Act Like it!","BaseMod","Colored Powertips","Downfall","Highlight Path","Minty Spire (QoL Compilation)","Replay The Spire","StSLib","TestMod","The Servant 0.9.4","óô»ðÖ¸ÄÏ"],"gold_per_floor":[99,112,142,161,178,189,189,189,221,221,238,272,272,302,319,422,422,422,435,453,453,453,485,485,498,511,523,550,560,614,277,293,388,388,188,203,218,358,373,407,407,407,420,520,545,445,459,177,187,187,187,222,69,69,69,69,69,69],"floor_reached":56,"language":"ZHS","playtime":5052,"items_purged":["Slimebound:Strike_Slimebound","Slimebound:Strike_Slimebound","Slimebound:Tackle+1"],"score":939,"play_id":"02afbac2-504c-4820-98bb-c345608ef04e","local_time":"20210217103312","is_ascension_mode":true,"campfire_choices":[{"data":"Slimebound:Tackle","floor":1,"key":"SMITH"},{"data":"Slimebound:Split","floor":8,"key":"SMITH"},{"data":"Slimebound:SelfFormingGoo","floor":13,"key":"SMITH"},{"data":"Slimebound:MassRepurpose","floor":18,"key":"SMITH"},{"data":"Slimebound:Strike_Slimebound","floor":35,"key":"PURGE"},{"floor":42,"key":"RECALL"},{"data":"Slimebound:PressTheAttack","floor":46,"key":"SMITH"},{"data":"Slimebound:LevelUp","floor":54,"key":"SMITH"}],"circlet_count":0,"master_deck":["Slimebound:Defend_Slimebound+1","Slimebound:Defend_Slimebound","Slimebound:Defend_Slimebound","Slimebound:Defend_Slimebound","Slimebound:Split+1","Slimebound:CorrosiveSpit","Slimebound:SplitLeeching","Slimebound:SplitBruiser","Slimebound:Gluttony+1","Slimebound:GoopSpray","Slimebound:SelfFormingGoo+1","Slimebound:PressTheAttack+1","Slimebound:SplitAcid","Slimebound:SplitBruiser+1","Slimebound:MassRepurpose+1","Slimebound:SplitMire","Slimebound:LevelUp+1","Slimebound:LevelUp+1","Slimebound:LevelUp+1","Slimebound:SplitAcid+1","Slimebound:RainOfGoop+1"],"relics":["Slimebound:AbsorbEndCombatUpgraded","testmod-TestBox","testmod-D¨¦j¨¤vu","Orichalcum","ReplayTheSpireMod:Shallot","testmod-Alchemist","Nunchaku","Shovel","testmod-FatalChain","Ancient Tea Set","testmod-CardMagician","Nilry\u0027s Codex","testmod-OneHitWonder","Centennial Puzzle","ReplayTheSpireMod:Lightbulb","Gremlin Horn","downfall:HeartBlessingGreen","downfall:HeartBlessingBlue","testmod-RandomTest","StrikeDummy","Frozen Egg 2","downfall:HeartBlessingRed","War Paint","Akabeko","Guide Book"],"acts_visited":["Exordium","TheCity","TheBeyond","TheEnding"],"potions_floor_usage":[11,11,12,12,12,14,14,14,14,15,15,15,16,16,16,19,19,19,19,19,19,20,20,20,23,23,23,23,23,25,25,26,26,26,26,26,26,26,26,27,27,27,27,28,28,28,29,29,31,32,32,32,32,32,33,33,33,33,36,36,37,37,37,37,37,38,38,38,38,38,38,39,39,39,39,39,39,40,40,40,40,40,45,45,45,45,47,47,47,47,47,47,49,49,49,49,49,49,49,49,49,49,49,49,50,50,50,50,50,52,52,52,52,52,55,55,55,55,55,55,55,55,55,55,55,55,56],"damage_taken":[{"damage":4,"enemies":"Jaw Worm","floor":2,"turns":3},{"damage":0,"enemies":"2 Louse","floor":4,"turns":3},{"damage":1,"enemies":"Cultist","floor":5,"turns":3},{"damage":4,"enemies":"2 Fungi Beasts","floor":6,"turns":3},{"damage":0,"enemies":"3 Sentries","floor":9,"turns":6},{"damage":0,"enemies":"Exordium Thugs","floor":11,"turns":3},{"damage":15,"enemies":"Gremlin Nob","floor":12,"turns":2},{"damage":14,"enemies":"Replay:BlueRogue","floor":14,"turns":4},{"damage":0,"enemies":"Lots of Slimes","floor":15,"turns":1},{"damage":12,"enemies":"SI_SHIV_ARCHETYPE","floor":16,"turns":4},{"damage":0,"enemies":"downfall:LooterAlt2","floor":19,"turns":3},{"damage":0,"enemies":"3 Byrds","floor":20,"turns":2},{"damage":3,"enemies":"Book of Stabbing","floor":23,"turns":4},{"damage":14,"enemies":"Sentry and Sphere","floor":25,"turns":4},{"damage":0,"enemies":"3 Cultists","floor":26,"turns":3},{"damage":0,"enemies":"Centurion and Healer","floor":27,"turns":4},{"damage":39,"enemies":"Replay:Snechameleon","floor":28,"turns":8},{"damage":8,"enemies":"Snecko","floor":29,"turns":5},{"damage":0,"enemies":"downfall:FleeingMerchant","floor":31,"turns":4},{"damage":6,"enemies":"Shelled Parasite and Fungi","floor":32,"turns":3},{"damage":12,"enemies":"IC_MUSHROOM_ARCHETYPE","floor":33,"turns":4},{"damage":0,"enemies":"3 Shapes","floor":36,"turns":3},{"damage":0,"enemies":"3 Darklings","floor":37,"turns":3},{"damage":10,"enemies":"downfall:FleeingMerchant","floor":38,"turns":5},{"damage":4,"enemies":"Jaw Worm Horde","floor":39,"turns":3},{"damage":1,"enemies":"Giant Head","floor":40,"turns":7},{"damage":21,"enemies":"Transient","floor":43,"turns":5},{"damage":12,"enemies":"R_Hoarder","floor":45,"turns":5},{"damage":12,"enemies":"Writhing Mass","floor":47,"turns":3},{"damage":0,"enemies":"Spire Growth","floor":49,"turns":3},{"damage":66,"enemies":"WA_ARCHETYPE_DIVINITY","floor":50,"turns":9},{"damage":22,"enemies":"downfall:CharBossMerchant","floor":52,"turns":8},{"damage":12,"enemies":"downfall:NeowBoss","floor":55,"turns":10},{"damage":67,"enemies":"downfall:NeowBossFinal","floor":56,"turns":8}],"seed_played":"-7514290841585144606","potions_obtained":[{"floor":2,"key":"Weak Potion"},{"floor":9,"key":"EntropicBrew"},{"floor":12,"key":"Dexterity Potion"},{"floor":14,"key":"SpeedPotion"},{"floor":15,"key":"Fire Potion"},{"floor":16,"key":"AttackPotion"},{"floor":20,"key":"LiquidBronze"},{"floor":21,"key":"CultistPotion"},{"floor":25,"key":"FearPotion"},{"floor":26,"key":"Energy Potion"},{"floor":29,"key":"testmod-SpacePotion"},{"floor":39,"key":"Energy Potion"},{"floor":43,"key":"Fire Potion"},{"floor":47,"key":"Explosive Potion"},{"floor":52,"key":"Milkshake"}],"is_trial":false,"path_per_floor":["R","M","?","M","M","M","T","R","E","?","M","E","R","E","M","B",null,"R","M","M","?","?","E","T","M","M","M","E","M","T","$","M","B",null,"R","M","M","$","M","E","T","R","M","?","E","R","M","$","M","B",null,"E","$","R","B","B"],"character_chosen":"SLIMEBOUND","items_purchased":["Gremlin Horn","Slimebound:LevelUp","War Paint","Guide Book"],"campfire_rested":0,"item_purchase_floors":[31,38,48,53],"current_hp_per_floor":[65,63,63,63,64,62,62,62,65,62,65,52,52,46,46,40,65,65,65,65,65,49,52,52,40,42,50,19,15,15,21,19,13,65,75,75,75,71,70,75,75,75,72,72,72,72,66,66,66,12,75,56,56,56,59,0,0,0],"gold":69,"neow_bonus":"RANDOM_COMMON_RELIC","is_daily":false,"chose_seed":false,"campfire_upgraded":6,"win_rate":0.0,"timestamp":1613529192,"path_taken":["R","M","?","M","M","M","T","R","E","?","M","E","R","E","M","BOSS","R","M","M","?","?","E","T","M","M","M","E","M","?","$","M","BOSS","R","M","M","$","M","E","T","R","M","?","E","R","M","$","M","BOSS","E","$","R","BOSS","BOSS"],"items_purchased_type":["Relic","Card","Relic","Relic"],"build_version":"2020-12-22","purchased_purges":3,"victory":false,"max_hp_per_floor":[65,65,65,65,65,65,65,65,65,65,65,65,65,65,65,65,65,65,65,65,65,65,65,65,65,65,65,65,65,65,65,65,65,65,75,75,75,75,75,75,75,75,75,75,75,75,75,75,75,75,75,75,75,75,75,75,75,75],"card_choices":[{"not_picked":["Slimebound:AcidTongue","Slimebound:PressTheAttack"],"picked":"Slimebound:SplitLeeching","floor":2},{"not_picked":["Slimebound:FormOfPuddle","Slimebound:DivideAndConquer"],"picked":"Slimebound:SplitBruiser","floor":4},{"not_picked":["Slimebound:GoopTackle","Slimebound:GoopSpray"],"picked":"Slimebound:Gluttony","floor":5},{"not_picked":["Slimebound:Schlurp","Slimebound:ServeAndProtect"],"picked":"Slimebound:GoopSpray","floor":6},{"not_picked":["Slimebound:PressTheAttack","Slimebound:SplitAcid"],"picked":"Slimebound:SelfFormingGoo","floor":9},{"not_picked":["Slimebound:RejuvenatingLick","Slimebound:HauntingLick"],"picked":"Slimebound:PressTheAttack","floor":11},{"not_picked":["Slimebound:SlimeTap","Slimebound:ComboTackle"],"picked":"Slimebound:SplitAcid","floor":12},{"not_picked":["Slimebound:DivideAndConquer","Slimebound:ItLooksTasty","Slimebound:GoopSpray"],"picked":"SKIP","floor":14},{"not_picked":["Slimebound:GoopTackle","Slimebound:SamplingLick"],"picked":"Slimebound:SplitBruiser","floor":15},{"not_picked":["Slimebound:Overexert","Slimebound:WasteNot"],"picked":"Slimebound:MassRepurpose","floor":16},{"not_picked":["Slimebound:SpikyOuterGoop","Slimebound:GoopTackle"],"picked":"Slimebound:SplitMire","floor":19},{"not_picked":["Slimebound:LeadByExample+1","Slimebound:SpikyOuterGoop","Slimebound:RejuvenatingLick"],"picked":"SKIP","floor":20},{"not_picked":["Slimebound:Equalize","Slimebound:SlimeTap","Slimebound:DivideAndConquer"],"picked":"SKIP","floor":23},{"not_picked":["Slimebound:SplitMire","Slimebound:SlimeBrawl+1","Slimebound:Schlurp"],"picked":"SKIP","floor":25},{"not_picked":["Slimebound:MegaLick","Slimebound:ComboTackle","Slimebound:FormOfPuddle"],"picked":"SKIP","floor":26},{"not_picked":["Slimebound:SplitMire","Slimebound:LivingWall","Slimebound:LeechEnergy"],"picked":"SKIP","floor":27},{"not_picked":["Slimebound:GoopTackle","Slimebound:RollThrough+1","Slimebound:LeechingTouch"],"picked":"SKIP","floor":28},{"not_picked":["Slimebound:LeadByExample+1","Slimebound:GoopTackle","Slimebound:OneTwoCombo"],"picked":"SKIP","floor":29},{"not_picked":["Slimebound:RollThrough","Slimebound:SlimeBrawl","Slimebound:ItLooksTasty"],"picked":"SKIP","floor":31},{"not_picked":["Slimebound:TongueLash","Slimebound:HauntingLick"],"picked":"Slimebound:LevelUp","floor":32},{"not_picked":["Slimebound:FinishingTackle","Slimebound:Chomp+1","Slimebound:LeechingTouch"],"picked":"SKIP","floor":36},{"not_picked":["Slimebound:SamplingLick+1","Slimebound:ComboTackle+1","Slimebound:Prepare"],"picked":"SKIP","floor":37},{"not_picked":["Slimebound:PressTheAttack","Slimebound:OozeBath","Slimebound:GoopTackle+1"],"picked":"SKIP","floor":38},{"not_picked":["Slimebound:Equalize+1","Slimebound:ForwardTackle","Slimebound:ItLooksTasty"],"picked":"SKIP","floor":39},{"not_picked":["Slimebound:BestDefense","Slimebound:SlimeSpikes+1"],"picked":"Slimebound:LevelUp+1","floor":40},{"not_picked":["Slimebound:SplitMire+1","Slimebound:LivingWall","Slimebound:GoopTackle+1"],"picked":"SKIP","floor":43},{"not_picked":["Slimebound:SplitMire","Slimebound:Equalize","Slimebound:SlimeTap+1"],"picked":"SKIP","floor":45},{"not_picked":["Slimebound:SplitSpecialist","Slimebound:FinishingTackle"],"picked":"Slimebound:SplitAcid+1","floor":47},{"not_picked":["Slimebound:BestDefense+1","Slimebound:LeadByExample+1","Slimebound:GoopTackle+1"],"picked":"SKIP","floor":49},{"not_picked":["Slimebound:SplitSpecialist","Slimebound:SplitBruiser+1"],"picked":"Slimebound:RainOfGoop+1","floor":52}],"player_experience":1812033,"relics_obtained":[{"floor":7,"key":"testmod-Alchemist"},{"floor":9,"key":"Nunchaku"},{"floor":12,"key":"testmod-FatalChain"},{"floor":14,"key":"Ancient Tea Set"},{"floor":22,"key":"Nilry\u0027s Codex"},{"floor":23,"key":"testmod-OneHitWonder"},{"floor":28,"key":"Centennial Puzzle"},{"floor":30,"key":"ReplayTheSpireMod:Lightbulb"},{"floor":40,"key":"testmod-RandomTest"},{"floor":41,"key":"StrikeDummy"},{"floor":45,"key":"Frozen Egg 2"},{"floor":52,"key":"Akabeko"}],"event_choices":[{"damage_healed":0,"gold_gain":0,"player_choice":"Success","damage_taken":3,"relics_obtained":["Shovel"],"max_hp_gain":0,"max_hp_loss":0,"event_name":"Scrap Ooze","floor":10,"gold_loss":0}],"is_beta":false,"boss_relics":[{"not_picked":["Tiny House","testmod-IncinerationGenerator"],"picked":"testmod-CardMagician"},{"not_picked":["testmod-StringDisintegrator","Fusion Hammer"],"picked":"Slimebound:AbsorbEndCombatUpgraded"}],"items_purged_floors":[31,38,48],"is_endless":false,"potions_floor_spawned":[2,9,12,14,15,16,20,25,26,29,39,43,47,52],"killed_by":"downfall:NeowBossFinal","ascension_level":1}}