{"host":"vk2xyavtylxbvrfq","time":1613579015,"event":{"mods":["Bard","BaseMod","Bestiary","Better Altar","Better Match","Better Note","Better Sensory Stone","Better Skull","Better Vampires","Block Reminder","Bossed Relics","Colored Map","Curses Come First","Displayed Cursed Tome","Downfall","Fox Events","Hermit","Ironclad Rager","Marked Mod","Minty Spire (QoL Compilation)","Quick Restart","Rare Cards Sparkle","Relic Sorter","Reliquary","Robot Space Explorer","StSLib","The Hayseed","The Runesmith","TheSurvivalist","Unceasing Turn Reminder"],"gold_per_floor":[111,111,37,48,11,40,58,58,58,58,58,75,110,128,128,225,225,243,243,257,312,55,55,66,66,141,141,152,172,172,172,172,273,273,287,337,363,375,56,56,56,56,104,104,121,121,134,162,162,162,162],"floor_reached":50,"language":"ENG","playtime":1969,"items_purged":["hermit:Snipe"],"score":654,"play_id":"6dd690fd-8275-4ddc-8d11-e2ceca48d21a","local_time":"20210217112335","is_ascension_mode":true,"campfire_choices":[{"data":"hermit:LoneWolf","floor":10,"key":"SMITH"},{"floor":15,"key":"REST"},{"data":"hermit:Maintenance","floor":23,"key":"SMITH"},{"data":"hermit:Maintenance","floor":25,"key":"SMITH"},{"data":"hermit:FlashPowder","floor":27,"key":"SMITH"},{"floor":32,"key":"REST"},{"floor":40,"key":"RECALL"},{"data":"hermit:HighNoon","floor":44,"key":"SMITH"},{"floor":46,"key":"REST"},{"floor":49,"key":"REST"}],"circlet_count":0,"master_deck":["hermit:Strike_Hermit","hermit:Strike_Hermit","hermit:Strike_Hermit","hermit:Strike_Hermit","hermit:Defend_Hermit","hermit:Defend_Hermit","hermit:Defend_Hermit","hermit:Defend_Hermit","hermit:Snapshot","hermit:Covet","hermit:LoneWolf+1","hermit:Determination","hermit:Ricochet","hermit:Shortfuse","hermit:Coalescence","hermit:Maintenance+1","hermit:Maintenance+1","hermit:Roulette","hermit:Glare","hermit:Gambit","hermit:Vantage","hermit:CalledShot+1","hermit:BodyArmor","hermit:FlashPowder+1","hermit:EyeOfTheStorm","hermit:Shortfuse","hermit:HighNoon+1","hermit:Quickdraw","hermit:FullyLoaded+1","Dramatic Entrance","hermit:Maintenance+1"],"relics":["hermit:Momento","NeowsBlessing","Potion Belt","Pantograph","reliquary:Spinner","reliquary:Stiletto","SlaversCollar","Tiny Chest","Lee\u0027s Waffle","reliquary:BoilingFlask","hermit:Horseshoe","Pandora\u0027s Box","Ice Cream","Bronze Scales","Bag of Preparation","reliquary:TatteredRug","Toy Ornithopter"],"acts_visited":["Exordium","TheCity","TheBeyond"],"potions_floor_usage":[12,13,16,24,13033,33,33,33,33,35,36,45,47,48,48,48],"damage_taken":[{"damage":0,"enemies":"Small Slimes","floor":1,"turns":1},{"damage":0,"enemies":"Cultist","floor":4,"turns":1},{"damage":0,"enemies":"Lagavulin","floor":6,"turns":1},{"damage":2,"enemies":"Jaw Worm","floor":7,"turns":2},{"damage":8,"enemies":"Blue Slaver","floor":12,"turns":3},{"damage":40,"enemies":"3 Sentries","floor":13,"turns":9},{"damage":14,"enemies":"Red Slaver","floor":14,"turns":4},{"damage":29,"enemies":"The Guardian","floor":16,"turns":10},{"damage":18,"enemies":"Shell Parasite","floor":18,"turns":4},{"damage":17,"enemies":"Chosen","floor":20,"turns":5},{"damage":3,"enemies":"Snecko","floor":24,"turns":7},{"damage":15,"enemies":"Snake Plant","floor":28,"turns":3},{"damage":24,"enemies":"3 Cultists","floor":29,"turns":7},{"damage":33,"enemies":"Collector","floor":33,"turns":10},{"damage":19,"enemies":"3 Darklings","floor":35,"turns":4},{"damage":4,"enemies":"Mind Bloom Boss Battle","floor":36,"turns":8},{"damage":3,"enemies":"Orb Walker","floor":38,"turns":4},{"damage":24,"enemies":"Sphere and 2 Shapes","floor":45,"turns":5},{"damage":0,"enemies":"Maw","floor":47,"turns":8},{"damage":23,"enemies":"Reptomancer","floor":48,"turns":5},{"damage":102,"enemies":"Time Eater","floor":50,"turns":10}],"seed_played":"5074739103853588034","potions_obtained":[{"floor":1,"key":"Swift Potion"},{"floor":4,"key":"LiquidBronze"},{"floor":7,"key":"Explosive Potion"},{"floor":13,"key":"SmokeBomb"},{"floor":28,"key":"Ancient Potion"},{"floor":29,"key":"EntropicBrew"},{"floor":33,"key":"Fire Potion"},{"floor":36,"key":"BlessingOfTheForge"},{"floor":38,"key":"DistilledChaos"},{"floor":45,"key":"bronze:BurnAndBuffPotion"}],"is_trial":false,"path_per_floor":["M","?","$","M","$","E","M","$","T","R","T","M","E","M","R","B",null,"M","?","M","T","$","R","M","R","T","R","M","M","?","?","R","B",null,"M","?","T","M","$","R","T","?","T","R","M","R","M","E","R","B"],"character_chosen":"HERMIT","items_purchased":["hermit:Determination","hermit:Shortfuse","Lee\u0027s Waffle","hermit:BodyArmor","Block Potion","Bag of Preparation","Dramatic Entrance"],"campfire_rested":4,"item_purchase_floors":[3,5,22,22,22,39,39],"current_hp_per_floor":[68,75,75,75,75,75,73,73,73,73,73,65,25,11,33,29,64,46,46,29,29,82,82,79,79,79,79,64,40,40,20,44,55,75,56,77,77,74,74,74,74,74,74,74,50,74,74,51,75,0,0],"gold":162,"neow_bonus":"THREE_ENEMY_KILL","is_daily":false,"chose_seed":false,"campfire_upgraded":5,"win_rate":0.0,"timestamp":1613579015,"path_taken":["M","?","$","M","?","E","M","$","T","R","?","M","E","?","R","BOSS","M","?","?","?","$","R","M","R","T","R","M","M","?","?","R","BOSS","M","?","?","M","$","R","?","?","T","R","?","R","M","E","R","BOSS"],"items_purchased_type":["Card","Card","Relic","Card","Potion","Relic","Card"],"build_version":"2020-12-22","purchased_purges":1,"victory":false,"max_hp_per_floor":[75,75,75,75,75,75,75,75,75,75,75,75,75,75,75,75,75,75,75,75,75,82,82,82,82,82,82,82,82,82,82,82,82,82,82,82,82,82,82,82,82,82,82,82,82,82,82,82,82,82,82],"card_choices":[{"not_picked":["hermit:Glare","hermit:Misfire"],"picked":"hermit:LoneWolf","floor":1},{"not_picked":["hermit:HighCaliber","hermit:Misfire"],"picked":"hermit:Ricochet","floor":4},{"not_picked":["hermit:Spite","hermit:Grudge"],"picked":"hermit:Coalescence","floor":6},{"not_picked":["hermit:Determination","hermit:GoldenBullet"],"picked":"hermit:Maintenance","floor":7},{"not_picked":["hermit:Virtue","hermit:DeadMansHand"],"picked":"hermit:Maintenance","floor":12},{"not_picked":["hermit:Combo","hermit:ShadowCloak"],"picked":"hermit:Roulette","floor":13},{"not_picked":["hermit:Dive","hermit:CursedWeapon"],"picked":"hermit:Glare","floor":14},{"not_picked":["hermit:Adapt","hermit:DeadOrAlive"],"picked":"hermit:Gambit","floor":16},{"not_picked":["hermit:Manifest","hermit:Coalescence+1"],"picked":"hermit:Vantage","floor":18},{"not_picked":["hermit:Glare","hermit:CursedWeapon"],"picked":"hermit:CalledShot+1","floor":20},{"not_picked":["hermit:Desperado","hermit:Horror"],"picked":"hermit:FlashPowder","floor":24},{"not_picked":["hermit:Grudge+1","hermit:CursedWeapon"],"picked":"hermit:EyeOfTheStorm","floor":28},{"not_picked":["hermit:TrackingShot","hermit:BodyArmor+1"],"picked":"hermit:Shortfuse","floor":29},{"not_picked":["hermit:FinalCanter","hermit:DeadOrAlive"],"picked":"hermit:HighNoon","floor":33},{"not_picked":["hermit:Scavenge+1","hermit:Ricochet+1"],"picked":"hermit:Snipe","floor":35},{"not_picked":["hermit:HoleUp+1","hermit:SprayPray"],"picked":"hermit:Quickdraw","floor":36},{"not_picked":["hermit:Roulette","hermit:CalledShot+1"],"picked":"hermit:FullyLoaded+1","floor":38},{"not_picked":["hermit:NoHoldsBarred+1","hermit:Desperado+1","hermit:Grudge+1"],"picked":"SKIP","floor":45},{"not_picked":["hermit:TrackingShot+1","hermit:GoldenBullet+1","hermit:PistolWhip+1"],"picked":"SKIP","floor":47},{"not_picked":["hermit:ItchyTrigger+1","hermit:Manifest","hermit:Horror"],"picked":"SKIP","floor":48}],"player_experience":1404106,"relics_obtained":[{"floor":6,"key":"Potion Belt"},{"floor":9,"key":"Pantograph"},{"floor":11,"key":"reliquary:Spinner"},{"floor":13,"key":"reliquary:Stiletto"},{"floor":21,"key":"Tiny Chest"},{"floor":26,"key":"reliquary:BoilingFlask"},{"floor":36,"key":"Ice Cream"},{"floor":37,"key":"Bronze Scales"},{"floor":43,"key":"reliquary:TatteredRug"},{"floor":48,"key":"Toy Ornithopter"}],"event_choices":[{"damage_healed":7,"gold_gain":0,"player_choice":"Full Heal","damage_taken":0,"max_hp_gain":0,"max_hp_loss":0,"event_name":"Wheel of Change","floor":2,"gold_loss":0},{"cards_removed":["hermit:Ricochet"],"damage_healed":0,"gold_gain":0,"player_choice":"Give","damage_taken":0,"max_hp_gain":0,"max_hp_loss":0,"event_name":"betterNote:BetterNote","floor":19,"gold_loss":0,"cards_obtained":["None"]},{"damage_healed":0,"gold_gain":0,"player_choice":"Opened","damage_taken":0,"relics_obtained":["hermit:Horseshoe"],"max_hp_gain":0,"max_hp_loss":0,"event_name":"The Mausoleum","floor":30,"gold_loss":0},{"damage_healed":0,"gold_gain":0,"player_choice":" Potion ","damage_taken":20,"relics_obtained":[],"max_hp_gain":40,"max_hp_loss":20,"event_name":"betterAltar:BetterAltar","floor":31,"potions_obtained":["betterAltar:AltarPotion"],"relics_lost":[],"gold_loss":0},{"damage_healed":0,"gold_gain":0,"player_choice":"Fight","damage_taken":0,"max_hp_gain":0,"max_hp_loss":0,"event_name":"MindBloom","floor":36,"gold_loss":0},{"damage_healed":0,"gold_gain":0,"player_choice":"Copied","damage_taken":0,"max_hp_gain":0,"max_hp_loss":0,"event_name":"Duplicator","floor":42,"gold_loss":0,"cards_obtained":["hermit:Maintenance"]}],"is_beta":false,"boss_relics":[{"not_picked":["Astrolabe","reliquary:RedPaperclip"],"picked":"SlaversCollar"},{"not_picked":["hermit:DentedPlate","Snecko Eye"],"picked":"Pandora\u0027s Box"}],"items_purged_floors":[39],"is_endless":false,"potions_floor_spawned":[1,4,7,13,28,29,33,36,38,45],"killed_by":"Time Eater","ascension_level":6}}