{"host":"diogo","time":1613583699,"event":{"mods":["BaseMod","Minty Spire (QoL Compilation)","StSLib","SuperFastMode"],"gold_per_floor":[216,44,60,35,50,50,125,125,125,143,170,187,187,218,218,297,297,315,515,191,207,223,239,249,249,273,273,18,18,44,58,58,132,132,144,144,144,192,216,250,74,74,128,128,140,140,158,0,0,0],"floor_reached":51,"language":"ENG","playtime":2462,"items_purged":["Defend_R","Strike_R"],"score":1243,"play_id":"eae3c2a5-fb62-4db1-b4c8-45241ef34c50","local_time":"20210217184139","is_ascension_mode":true,"campfire_choices":[{"data":"Cleave","floor":6,"key":"SMITH"},{"data":"Bash","floor":8,"key":"SMITH"},{"data":"Clothesline","floor":13,"key":"SMITH"},{"data":"Rage","floor":15,"key":"SMITH"},{"data":"Inflame","floor":25,"key":"SMITH"},{"data":"Bludgeon","floor":27,"key":"SMITH"},{"data":"Twin Strike","floor":29,"key":"SMITH"},{"data":"Double Tap","floor":32,"key":"SMITH"},{"data":"Demon Form","floor":42,"key":"SMITH"},{"data":"Rage","floor":44,"key":"SMITH"},{"data":"Shrug It Off","floor":49,"key":"SMITH"}],"circlet_count":0,"master_deck":["AscendersBane","Strike_R","Strike_R","Strike_R","Strike_R","Defend_R","Defend_R","Defend_R","Bash+1","Cleave+1","Clothesline+1","Shrug It Off+1","Twin Strike+1","Rage+1","Bludgeon+1","Inflame+1","Barricade","Double Tap+1","Demon Form+1","Sadistic Nature","Pummel+1","Rage+1","Impervious","Whirlwind+1"],"relics":["Burning Blood","Lantern","Akabeko","Singing Bowl","Art of War","Snecko Eye","Matryoshka","Molten Egg 2","PreservedInsect","HandDrill","Boot","Runic Dome","Turnip","MealTicket","Bag of Preparation","Gremlin Horn","Nunchaku","Red Mask"],"acts_visited":["Exordium","TheCity","TheBeyond"],"potions_floor_usage":[11,16,30,33,38,50],"damage_taken":[{"damage":3,"enemies":"2 Louse","floor":1,"turns":4},{"damage":0,"enemies":"Jaw Worm","floor":3,"turns":4},{"damage":6,"enemies":"Cultist","floor":5,"turns":4},{"damage":1,"enemies":"Blue Slaver","floor":10,"turns":3},{"damage":9,"enemies":"Gremlin Nob","floor":11,"turns":4},{"damage":11,"enemies":"3 Louse","floor":12,"turns":3},{"damage":17,"enemies":"3 Sentries","floor":14,"turns":6},{"damage":22,"enemies":"Slime Boss","floor":16,"turns":10},{"damage":0,"enemies":"2 Thieves","floor":18,"turns":2},{"damage":0,"enemies":"Chosen","floor":21,"turns":4},{"damage":0,"enemies":"Snecko","floor":22,"turns":3},{"damage":11,"enemies":"Shelled Parasite and Fungi","floor":23,"turns":3},{"damage":16,"enemies":"Snake Plant","floor":24,"turns":3},{"damage":20,"enemies":"Slavers","floor":30,"turns":5},{"damage":8,"enemies":"Cultist and Chosen","floor":31,"turns":4},{"damage":39,"enemies":"Automaton","floor":33,"turns":9},{"damage":7,"enemies":"3 Shapes","floor":35,"turns":5},{"damage":33,"enemies":"2 Orb Walkers","floor":38,"turns":4},{"damage":9,"enemies":"Giant Head","floor":40,"turns":5},{"damage":6,"enemies":"Orb Walker","floor":45,"turns":2},{"damage":0,"enemies":"Transient","floor":47,"turns":5},{"damage":41,"enemies":"Awakened One","floor":50,"turns":7}],"seed_played":"-6445268930480714435","potions_obtained":[{"floor":5,"key":"Energy Potion"},{"floor":10,"key":"DuplicationPotion"},{"floor":11,"key":"Swift Potion"},{"floor":16,"key":"FairyPotion"},{"floor":30,"key":"ElixirPotion"},{"floor":31,"key":"PowerPotion"},{"floor":35,"key":"AttackPotion"},{"floor":38,"key":"PowerPotion"},{"floor":45,"key":"Regen Potion"}],"is_trial":false,"path_per_floor":["M","$","M","$","M","R","?","R","T","M","E","M","R","E","R","B",null,"M","?","$","M","M","M","M","R","T","R","$","R","E","M","R","B",null,"M","?","?","?","T","E","$","R","T","R","M","?","M","?","R","B",null],"character_chosen":"IRONCLAD","items_purchased":["Lantern","Clothesline","Shrug It Off","Matryoshka","HandDrill","Rage","Impervious"],"campfire_rested":0,"item_purchase_floors":[2,2,4,20,28,41,41],"current_hp_per_floor":[71,71,75,75,75,75,64,64,64,69,68,65,65,54,54,38,69,75,75,75,81,83,80,70,70,70,70,70,70,56,56,56,23,71,72,72,66,39,39,36,51,51,51,51,53,101,101,101,101,80],"gold":0,"neow_bonus":"HUNDRED_GOLD","is_daily":false,"chose_seed":false,"campfire_upgraded":11,"win_rate":0.0,"timestamp":1613583699,"path_taken":["M","$","M","$","M","R","?","R","T","M","E","M","R","E","R","BOSS","M","?","$","M","M","M","?","R","T","R","$","R","E","M","R","BOSS","M","?","?","?","?","E","$","R","T","R","M","?","?","?","R","BOSS"],"items_purchased_type":["Relic","Card","Card","Relic","Relic","Card","Card"],"build_version":"2020-12-18","purchased_purges":2,"victory":true,"max_hp_per_floor":[75,75,75,75,75,75,75,75,75,75,77,79,79,79,79,79,79,79,79,79,81,83,85,85,85,85,85,85,85,85,87,87,87,87,89,85,89,89,89,89,89,89,89,89,91,101,101,101,101,101],"card_choices":[{"not_picked":["Iron Wave","Reckless Charge"],"picked":"Cleave","floor":1},{"not_picked":["Twin Strike","Perfected Strike","Entrench"],"picked":"SKIP","floor":3},{"not_picked":["Body Slam","Anger","True Grit"],"picked":"SKIP","floor":5},{"not_picked":["Clash","Power Through"],"picked":"Twin Strike","floor":10},{"not_picked":["Thunderclap","Twin Strike","Fire Breathing"],"picked":"Singing Bowl","floor":11},{"not_picked":["Dual Wield","Flex","Anger"],"picked":"Singing Bowl","floor":12},{"not_picked":["Power Through","Evolve"],"picked":"Rage","floor":14},{"not_picked":["Barricade","Berserk"],"picked":"Bludgeon","floor":16},{"not_picked":["Second Wind+1","Anger"],"picked":"Inflame","floor":18},{"not_picked":["Searing Blow","Cleave+1","Power Through"],"picked":"Singing Bowl","floor":21},{"not_picked":["Twin Strike","Rupture","Shrug It Off"],"picked":"Singing Bowl","floor":22},{"not_picked":["Headbutt","Clash","Shrug It Off"],"picked":"Singing Bowl","floor":23},{"not_picked":["Hemokinesis","Wild Strike"],"picked":"Barricade","floor":24},{"not_picked":["Warcry","Shrug It Off"],"picked":"Double Tap","floor":30},{"not_picked":["Burning Pact","Perfected Strike+1","Body Slam+1"],"picked":"Singing Bowl","floor":31},{"not_picked":["Barricade","Fiend Fire+1"],"picked":"Demon Form","floor":33},{"not_picked":["Flex","Twin Strike+1","Havoc"],"picked":"Singing Bowl","floor":35},{"not_picked":["Mind Blast+1","Bandage Up","Dark Shackles"],"picked":"Singing Bowl","floor":37},{"not_picked":["PanicButton","Panacea","Dramatic Entrance+1"],"picked":"Singing Bowl","floor":37},{"not_picked":["Swift Strike+1","Mind Blast+1"],"picked":"Sadistic Nature","floor":37},{"not_picked":["Ghostly Armor","Headbutt+1"],"picked":"Pummel+1","floor":38},{"not_picked":["Havoc","Iron Wave+1"],"picked":"Corruption","floor":40},{"not_picked":["Pommel Strike+1","Anger+1","Reckless Charge+1"],"picked":"Singing Bowl","floor":45},{"not_picked":["Flame Barrier","Intimidate"],"picked":"Whirlwind+1","floor":47}],"player_experience":402133,"relics_obtained":[{"floor":9,"key":"Akabeko"},{"floor":11,"key":"Singing Bowl"},{"floor":14,"key":"Art of War"},{"floor":26,"key":"Molten Egg 2"},{"floor":26,"key":"PreservedInsect"},{"floor":30,"key":"Boot"},{"floor":38,"key":"Turnip"},{"floor":39,"key":"MealTicket"},{"floor":39,"key":"Bag of Preparation"},{"floor":40,"key":"Gremlin Horn"},{"floor":43,"key":"Nunchaku"}],"event_choices":[{"damage_healed":0,"gold_gain":75,"player_choice":"Gather Gold","damage_taken":11,"max_hp_gain":0,"max_hp_loss":0,"event_name":"World of Goop","floor":7,"gold_loss":0},{"damage_healed":0,"gold_gain":250,"player_choice":"Bet on Owner","damage_taken":0,"max_hp_gain":0,"max_hp_loss":0,"event_name":"The Joust","floor":19,"gold_loss":50},{"damage_healed":0,"gold_gain":0,"player_choice":"Max HP","damage_taken":0,"max_hp_gain":0,"max_hp_loss":4,"event_name":"Winding Halls","floor":36,"gold_loss":0},{"damage_healed":0,"gold_gain":0,"player_choice":"Memory 3","damage_taken":10,"max_hp_gain":0,"max_hp_loss":0,"event_name":"SensoryStone","floor":37,"gold_loss":0},{"damage_healed":0,"gold_gain":0,"player_choice":"Fight","damage_taken":0,"max_hp_gain":0,"max_hp_loss":0,"event_name":"Mysterious Sphere","floor":38,"gold_loss":0},{"cards_removed":["Corruption"],"damage_healed":38,"gold_gain":0,"player_choice":"Offered Rare","damage_taken":0,"max_hp_gain":10,"max_hp_loss":0,"event_name":"Bonfire Elementals","floor":46,"gold_loss":0},{"damage_healed":0,"gold_gain":0,"player_choice":"Paid","damage_taken":0,"relics_obtained":["Red Mask"],"max_hp_gain":0,"max_hp_loss":0,"event_name":"Tomb of Lord Red Mask","floor":48,"gold_loss":158}],"is_beta":true,"boss_relics":[{"not_picked":["Empty Cage","Calling Bell"],"picked":"Snecko Eye"},{"not_picked":["Black Blood","Astrolabe"],"picked":"Runic Dome"}],"items_purged_floors":[20,28],"is_endless":false,"potions_floor_spawned":[5,10,11,16,23,24,30,31,35,38,45],"ascension_level":15}}