{"host":"oehe2dxjvdgux73m","time":1613573740,"event":{"mods":["AchievementEnabler","BaseMod","Colored Map","Colored Powertips","DeckTracker","Keyboard Shortcuts","Minty Spire (QoL Compilation)","Permanent Neow","Quick Restart","StSLib","SuperFastMode"],"gold_per_floor":[113,113,125,100,112,112,147,166,166,166,199,199,199,210,210,283,283,293,303,273,112,112,112],"floor_reached":22,"language":"KOR","playtime":428,"items_purged":["Strike_R"],"score":451,"play_id":"14950008-ee48-43b3-8d80-1a28c71076ce","local_time":"20210217235540","is_ascension_mode":true,"campfire_choices":[{"data":"Armaments","floor":6.0,"key":"SMITH"},{"data":"Wild Strike","floor":10.0,"key":"SMITH"},{"data":"Pommel Strike","floor":13,"key":"SMITH"},{"data":"Body Slam","floor":15,"key":"SMITH"}],"circlet_count":0,"master_deck":["AscendersBane","Strike_R","Strike_R","Strike_R","Strike_R","Defend_R","Defend_R","Defend_R","Bash","Wild Strike+1","Fire Breathing","Armaments+1","Power Through","Pommel Strike+1","Battle Trance","Body Slam+1","Offering","Feel No Pain+1","Dark Embrace"],"relics":["Burning Blood","Pocketwatch","Anchor","Potion Belt","Shuriken","Mark of Pain"],"acts_visited":["Exordium","TheCity"],"potions_floor_usage":[16,18,22],"damage_taken":[{"damage":8.0,"enemies":"Jaw Worm","floor":1.0,"turns":5.0},{"damage":1.0,"enemies":"Cultist","floor":3.0,"turns":3.0},{"damage":8.0,"enemies":"2 Louse","floor":5.0,"turns":2.0},{"damage":15.0,"enemies":"Lagavulin","floor":7.0,"turns":6.0},{"damage":0.0,"enemies":"Red Slaver","floor":8.0,"turns":4.0},{"damage":13.0,"enemies":"Gremlin Nob","floor":11.0,"turns":3.0},{"damage":6,"enemies":"Looter","floor":14,"turns":3},{"damage":0,"enemies":"Slime Boss","floor":16,"turns":6},{"damage":29,"enemies":"3 Byrds","floor":18,"turns":4},{"damage":15,"enemies":"Chosen","floor":19,"turns":4},{"damage":33,"enemies":"Snecko","floor":22,"turns":5}],"seed_played":"3653042580981257994","potions_obtained":[{"floor":3.0,"key":"Weak Potion"},{"floor":5.0,"key":"Explosive Potion"},{"floor":16,"key":"ElixirPotion"},{"floor":19,"key":"EntropicBrew"},{"floor":20,"key":"CultistPotion"},{"floor":20,"key":"Swift Potion"}],"is_trial":false,"path_per_floor":["M","?","M","$","M","R","E","M","T","R","E","?","R","M","R","B",null,"M","M","?","$","M"],"character_chosen":"IRONCLAD","items_purchased":["Armaments","Dark Embrace"],"campfire_rested":0,"item_purchase_floors":[4,21],"current_hp_per_floor":[48,48,53,53,51,51,42,48,48,48,41,36,36,36,36,42,67,44,35,35,35,2,2],"gold":112,"neow_bonus":"ONE_RARE_RELIC","is_daily":false,"chose_seed":false,"campfire_upgraded":4,"win_rate":0.0,"timestamp":1613573740,"path_taken":["M","?","M","$","M","R","E","?","T","R","E","?","R","M","R","BOSS","M","M","?","$","M"],"items_purchased_type":["Card","Card"],"build_version":"2020-12-22","purchased_purges":1,"victory":false,"max_hp_per_floor":[75,75,75,75,75,75,75,75,75,75,75,75,75,75,75,75,75,75,75,75,75,75,75],"card_choices":[{"not_picked":["Warcry","Thunderclap"],"picked":"Wild Strike","floor":1.0},{"not_picked":["Clash","Headbutt"],"picked":"Fire Breathing","floor":3.0},{"not_picked":["Anger","Bloodletting"],"picked":"Power Through","floor":5.0},{"not_picked":["Dropkick","Inflame","Twin Strike"],"picked":"SKIP","floor":7.0},{"not_picked":["Disarm","Havoc"],"picked":"Pommel Strike","floor":8.0},{"not_picked":["Metallicize","Flex"],"picked":"Battle Trance","floor":11.0},{"not_picked":["Heavy Blade","Brutality"],"picked":"Body Slam","floor":14},{"not_picked":["Fiend Fire","Brutality"],"picked":"Offering","floor":16},{"not_picked":["Clash","Havoc"],"picked":"Feel No Pain+1","floor":18},{"not_picked":["Disarm","Intimidate","Blood for Blood"],"picked":"SKIP","floor":19}],"player_experience":472110,"relics_obtained":[{"floor":7.0,"key":"Anchor"},{"floor":9.0,"key":"Potion Belt"},{"floor":11.0,"key":"Shuriken"}],"event_choices":[{"cards_removed":["Defend_R"],"damage_healed":0.0,"max_hp_gain":0.0,"max_hp_loss":0.0,"gold_gain":0.0,"event_name":"Purifier","player_choice":"Purged","floor":2.0,"gold_loss":0.0,"damage_taken":0.0},{"damage_healed":0,"gold_gain":0,"player_choice":"Fled","damage_taken":5,"max_hp_gain":0,"max_hp_loss":0,"event_name":"Scrap Ooze","floor":12,"gold_loss":0},{"damage_healed":0,"gold_gain":0,"player_choice":"Bought 2 Potions","damage_taken":0,"max_hp_gain":0,"max_hp_loss":0,"event_name":"The Woman in Blue","floor":20,"gold_loss":0}],"is_beta":false,"boss_relics":[{"not_picked":["Ectoplasm","Runic Pyramid"],"picked":"Mark of Pain"}],"items_purged_floors":[21],"is_endless":false,"potions_floor_spawned":[3,5,16,19],"killed_by":"Snecko","ascension_level":17}}