{"host":"y4mx56vxqys6xwyn","time":1613536126,"event":{"mods":["BaseMod","Hermit","Minty Spire (QoL Compilation)","StSLib","The Bug Knight"],"gold_per_floor":[111,127,29,49,68,68,68,68,93,107,126,126,51,66,66,162,162,177,188,188,188],"floor_reached":20,"language":"ENG","playtime":1192,"items_purged":["Defend_G"],"score":193,"play_id":"8945eaa0-77cd-4179-830c-22310c85db04","local_time":"20210216222846","is_ascension_mode":false,"campfire_choices":[{"data":"Crippling Poison","floor":6,"key":"SMITH"},{"data":"Discovery","floor":15,"key":"SMITH"}],"circlet_count":0,"master_deck":["Strike_G","Strike_G","Strike_G","Strike_G","Strike_G","Defend_G","Defend_G","Defend_G","Defend_G","Survivor","Neutralize","Terror","Poisoned Stab","Discovery+1","Poisoned Stab","Crippling Poison+1","Poisoned Stab","Distraction+1","Blur","Corpse Explosion","CurseOfTheBell","Poisoned Stab+1","All Out Attack","Glass Knife","Slice+1"],"relics":["Ring of the Snake","NeowsBlessing","HollowMod:PaleOreRelic","Bag of Preparation","Calling Bell","PreservedInsect","Letter Opener","Prayer Wheel"],"acts_visited":["Exordium","TheCity"],"potions_floor_usage":[18,19],"damage_taken":[{"damage":0,"enemies":"Cultist","floor":1,"turns":1},{"damage":0,"enemies":"Jaw Worm","floor":2,"turns":1},{"damage":0,"enemies":"2 Louse","floor":4,"turns":1},{"damage":2,"enemies":"Blue Slaver","floor":5,"turns":3},{"damage":0,"enemies":"Exordium Wildlife","floor":10,"turns":3},{"damage":1,"enemies":"2 Fungi Beasts","floor":11,"turns":3},{"damage":0,"enemies":"Blue Slaver","floor":14,"turns":3},{"damage":19,"enemies":"The Guardian","floor":16,"turns":9},{"damage":39,"enemies":"3 Byrds","floor":18,"turns":5},{"damage":32,"enemies":"Shelled Parasite and Fungi","floor":19,"turns":5},{"damage":14,"enemies":"Centurion and Healer","floor":20,"turns":3}],"seed_played":"-6945669342101157257","potions_obtained":[{"floor":1,"key":"Weak Potion"},{"floor":4,"key":"BlessingOfTheForge"},{"floor":10,"key":"LiquidBronze"},{"floor":14,"key":"Strength Potion"},{"floor":16,"key":"Regen Potion"},{"floor":18,"key":"Poison Potion"}],"is_trial":false,"path_per_floor":["M","M","$","M","M","R","$","?","T","M","M","?","$","M","R","B",null,"M","M","M"],"character_chosen":"THE_SILENT","items_purchased":["Discovery"],"campfire_rested":0,"item_purchase_floors":[3],"current_hp_per_floor":[70,70,70,70,68,68,68,50,50,50,49,49,49,49,49,30,70,43,11,0,0],"gold":188,"neow_bonus":"THREE_ENEMY_KILL","is_daily":false,"chose_seed":false,"campfire_upgraded":2,"win_rate":0.0,"timestamp":1613536126,"path_taken":["M","M","$","M","M","R","?","?","T","M","M","?","?","M","R","BOSS","M","M","M"],"items_purchased_type":["Card"],"build_version":"2020-12-22","purchased_purges":1,"victory":false,"max_hp_per_floor":[70,70,70,70,70,70,70,70,70,70,70,70,70,70,70,70,70,70,70,70,70],"card_choices":[{"not_picked":["All Out Attack","Infinite Blades"],"picked":"Terror","floor":1},{"not_picked":["Sucker Punch","Deflect"],"picked":"Poisoned Stab","floor":2},{"not_picked":["Sucker Punch","Quick Slash"],"picked":"Poisoned Stab","floor":4},{"not_picked":["Backflip","Flying Knee"],"picked":"Crippling Poison","floor":5},{"not_picked":["Blur","Quick Slash"],"picked":"Poisoned Stab","floor":10},{"not_picked":["Cloak And Dagger","Masterful Stab"],"picked":"Distraction","floor":11},{"not_picked":["Riddle With Holes","Calculated Gamble"],"picked":"Blur","floor":14},{"not_picked":["Adrenaline","Storm of Steel"],"picked":"Corpse Explosion","floor":16},{"not_picked":["Prepared","Bane+1"],"picked":"Poisoned Stab+1","floor":18},{"not_picked":["Slice","Leg Sweep+1"],"picked":"All Out Attack","floor":18},{"not_picked":["Riddle With Holes+1","Accuracy+1"],"picked":"Glass Knife","floor":19},{"not_picked":["Masterful Stab","Cloak And Dagger"],"picked":"Slice+1","floor":19}],"player_experience":69962,"relics_obtained":[{"floor":9,"key":"Bag of Preparation"},{"floor":17,"key":"PreservedInsect"},{"floor":17,"key":"Letter Opener"},{"floor":17,"key":"Prayer Wheel"}],"event_choices":[{"damage_healed":0,"gold_gain":0,"player_choice":"Success","damage_taken":18,"relics_obtained":["HollowMod:PaleOreRelic"],"max_hp_gain":0,"max_hp_loss":0,"event_name":"Scrap Ooze","floor":8,"gold_loss":0},{"damage_healed":0,"gold_gain":0,"player_choice":"Grow","damage_taken":0,"max_hp_gain":0,"max_hp_loss":0,"event_name":"Living Wall","floor":12,"gold_loss":0,"cards_upgraded":["Distraction"]}],"is_beta":false,"boss_relics":[{"not_picked":["SlaversCollar","Busted Crown"],"picked":"Calling Bell"}],"items_purged_floors":[13],"is_endless":false,"potions_floor_spawned":[1,4,10,14,16,18],"killed_by":"Centurion and Healer","ascension_level":0}}