{"host":"q6l9o5ad25lrm2yj","time":1613564962,"event":{"mods":["BaseMod","BetterRewards","Colored Powertips","Downfall","Minty Spire (QoL Compilation)","Replay The Spire","StSLib","[IsaacMod]ÒÔÈö¼âËþ"],"gold_per_floor":[99,111,111,126,126,176,203,3,22,22,34,44,44,59,86,193,193,268,284,284,309,309,153,177,188,188,188,188],"floor_reached":26,"language":"ZHS","playtime":2185,"items_purged":[],"score":325,"play_id":"30592ced-a823-4758-96d6-60416fa7a5f1","local_time":"20210217202922","is_ascension_mode":false,"campfire_choices":[{"floor":1.0,"key":"RECALL"},{"data":"hexamod:Float","floor":8.0,"key":"SMITH"},{"data":"hexamod:Sear","floor":10.0,"key":"SMITH"},{"data":"hexamod:BurningTouch","floor":13.0,"key":"SMITH"}],"circlet_count":0,"master_deck":["hexamod:Strike","hexamod:Strike","hexamod:Strike","hexamod:Strike","hexamod:Defend","hexamod:Defend","hexamod:Defend","hexamod:Defend","hexamod:Sear+1","hexamod:Float+1","SuicideKing","hexamod:GhostShield","hexamod:HeatMetal","Voices","hexamod:BurningTouch+1","hexamod:HeatMetal","hexamod:SecondSeal","hexamod:NightmareGuise","Spreading Infection","hexamod:PhantomFireball","hexamod:ForkedFlame","Overencumbered","hexamod:BurningTouch","downfall:Bewildered","hexamod:ThermalTransfer","Writhe","ReplayTheSpireMod:Splinters","hexamod:RecurringNightmare","hexamod:FirstSeal"],"relics":["hexamod:SpiritBrand","HushsDoor","SteamSale","Ring of Fury","Ring of Greed","MealTicket","Replay:Wax Seal","downfall:HeartBlessingRed","downfall:HeartBlessingBlue","Ring of Chaos","sneckomod:BabySnecko","Frozen Eye","Toy Ornithopter"],"acts_visited":["Exordium","TheCity"],"potions_floor_usage":[25,25,26,26],"damage_taken":[{"damage":0.0,"enemies":"Jaw Worm","floor":2.0,"turns":3.0},{"damage":4.0,"enemies":"Cultist","floor":4.0,"turns":5.0},{"damage":0.0,"enemies":"Small Slimes","floor":9.0,"turns":3.0},{"damage":0.0,"enemies":"Gremlin Gang","floor":11.0,"turns":4.0},{"damage":6.0,"enemies":"3 Louse","floor":12.0,"turns":3.0},{"damage":10.0,"enemies":"Exordium Wildlife","floor":14.0,"turns":4.0},{"damage":0.0,"enemies":"2 Fungi Beasts","floor":15.0,"turns":3.0},{"damage":23.0,"enemies":"WA_ARCHETYPE_RETAIN","floor":16.0,"turns":5.0},{"damage":8.0,"enemies":"Shell Parasite","floor":19.0,"turns":4.0},{"damage":18.0,"enemies":"downfall:LooterAlt2","floor":21.0,"turns":4.0},{"damage":0,"enemies":"downfall:FleeingMerchant","floor":23,"turns":4},{"damage":11,"enemies":"Shelled Parasite and Fungi","floor":25,"turns":3},{"damage":85,"enemies":"Slavers","floor":26,"turns":6}],"seed_played":"-784727935835741695","potions_obtained":[{"floor":2.0,"key":"DistilledChaos"},{"floor":4.0,"key":"BlessingOfTheForge"},{"floor":14.0,"key":"champ:CounterPotion"},{"floor":16.0,"key":"Fire Potion"},{"floor":21.0,"key":"Fire Potion"},{"floor":25,"key":"LiquidBronze"}],"is_trial":false,"path_per_floor":["R","M","?","M","?","?","T","R","M","R","M","M","R","M","M","B",null,"R","M","?","M","?","$","T","M","E"],"character_chosen":"THE_SPIRIT","items_purchased":["Frozen Eye"],"campfire_rested":0,"item_purchase_floors":[23],"current_hp_per_floor":[77,77,77,73,73,73,73,83,83,83,83,77,77,67,67,44,87,87,79,79,61,61,76,76,75,0,0,0],"gold":188,"neow_bonus":"TEN_PERCENT_HP_BONUS","is_daily":false,"chose_seed":false,"campfire_upgraded":3,"win_rate":0.0,"timestamp":1613564962,"path_taken":["R","M","?","M","?","?","T","R","M","R","M","M","R","M","M","BOSS","R","M","?","M","?","?","T","M","E"],"items_purchased_type":["Relic"],"build_version":"2020-12-22","purchased_purges":0,"victory":false,"max_hp_per_floor":[77,77,77,77,77,77,77,87,87,87,87,87,87,87,87,87,87,87,87,87,87,87,87,87,87,87,87,87],"card_choices":[{"not_picked":[],"picked":"SuicideKing","floor":0.0},{"not_picked":["hexamod:PhantomCloak","hexamod:ThirdSeal"],"picked":"hexamod:GhostShield","floor":2.0},{"not_picked":["hexamod:SwordOfDarkness","hexamod:ThirdSeal"],"picked":"hexamod:HeatMetal","floor":4.0},{"not_picked":["hexamod:PhantomCloak","hexamod:RadiantFlame"],"picked":"hexamod:BurningTouch","floor":9.0},{"not_picked":["hexamod:ThirdSeal","hexamod:Again"],"picked":"hexamod:HeatMetal","floor":11.0},{"not_picked":["hexamod:GhostOfSpirePast","hexamod:ExtraCrispy"],"picked":"hexamod:SecondSeal","floor":12.0},{"not_picked":["hexamod:RainOfEmbers","hexamod:Firestarter"],"picked":"hexamod:NightmareGuise","floor":14.0},{"not_picked":["hexamod:FourthSeal","hexamod:WildfireWeapon"],"picked":"hexamod:PhantomFireball","floor":15.0},{"not_picked":["hexamod:VolcanoVisage","hexamod:TurnItUp"],"picked":"hexamod:ForkedFlame","floor":16.0},{"not_picked":["hexamod:ShieldOfDarkness","hexamod:DynamicBlow"],"picked":"hexamod:BurningTouch","floor":19.0},{"not_picked":["hexamod:NightmareGuise+1","hexamod:EtherealExpedition"],"picked":"hexamod:ThermalTransfer","floor":21.0},{"not_picked":["hexamod:Again","hexamod:FourthSeal"],"picked":"hexamod:RecurringNightmare","floor":23},{"not_picked":["hexamod:ThirdSeal","hexamod:Haunt+1"],"picked":"hexamod:FirstSeal","floor":25}],"player_experience":10744,"relics_obtained":[{"floor":6.0,"key":"Ring of Fury"},{"floor":6.0,"key":"Ring of Greed"},{"floor":6.0,"key":"MealTicket"},{"floor":6.0,"key":"Replay:Wax Seal"},{"floor":24,"key":"Toy Ornithopter"}],"event_choices":[{"damage_healed":0.0,"max_hp_gain":0.0,"max_hp_loss":0.0,"gold_gain":0.0,"event_name":"NoteForYourself","player_choice":"Ignored","floor":3.0,"gold_loss":0.0,"damage_taken":0.0}],"is_beta":false,"boss_relics":[{"not_picked":["Fusion Hammer","Replay:Bronze Core"],"picked":"Ring of Chaos"},{"not_picked":[]}],"items_purged_floors":[],"is_endless":false,"potions_floor_spawned":[2,4,14,16,21,25],"killed_by":"Slavers","ascension_level":0}}