{"host":"f8toxsj3bk02pkeu","time":1613561721,"event":{"mods":["BaseMod","Minty Spire (QoL Compilation)","Permanent Neow","Quick Restart","StSLib","SuperFastMode"],"gold_per_floor":[109,109,70,88,88,88,115,115,115,132,132,159,159,186,186,265,265,277,308,358,373,385,418,340,340,340],"floor_reached":25,"language":"ENG","playtime":701,"items_purged":[],"score":549,"play_id":"332ce501-411c-473f-8618-00319f4120d1","local_time":"20210217043521","is_ascension_mode":true,"campfire_choices":[{"data":"Poisoned Stab","floor":6,"key":"SMITH"},{"data":"Catalyst","floor":8,"key":"SMITH"},{"data":"Bane","floor":11,"key":"SMITH"},{"floor":13,"key":"REST"},{"data":"Footwork","floor":15,"key":"SMITH"}],"circlet_count":0,"master_deck":["AscendersBane","Strike_G","Strike_G","Strike_G","Strike_G","Strike_G","Defend_G","Defend_G","Defend_G","Defend_G","Defend_G","Survivor","Neutralize","Poisoned Stab+1","Catalyst+1","Bane","Bane+1","Footwork+1","Poisoned Stab","Envenom","Footwork","Tools of the Trade"],"relics":["Ring of the Snake","NeowsBlessing","Pear","FaceOfCleric","TungstenRod","Mummified Hand","Pen Nib","InkBottle","SacredBark","Red Mask","Letter Opener","Tingsha"],"acts_visited":["Exordium","TheCity"],"potions_floor_usage":[14,18,19,21,23],"damage_taken":[{"damage":0,"enemies":"Small Slimes","floor":1,"turns":1},{"damage":0,"enemies":"Cultist","floor":4,"turns":1},{"damage":0,"enemies":"3 Sentries","floor":7,"turns":1},{"damage":0,"enemies":"Jaw Worm","floor":10,"turns":2},{"damage":23,"enemies":"Lagavulin","floor":12,"turns":6},{"damage":19,"enemies":"3 Sentries","floor":14,"turns":9},{"damage":24,"enemies":"Hexaghost","floor":16,"turns":10},{"damage":18,"enemies":"Spheric Guardian","floor":18,"turns":7},{"damage":20,"enemies":"Masked Bandits","floor":19,"turns":4},{"damage":12,"enemies":"Shell Parasite","floor":21,"turns":7},{"damage":21,"enemies":"Snake Plant","floor":22,"turns":5},{"damage":23,"enemies":"Book of Stabbing","floor":23,"turns":6},{"damage":13,"enemies":"Snecko","floor":25,"turns":4}],"seed_played":"-5487203415052405954","potions_obtained":[{"floor":12,"key":"AttackPotion"},{"floor":14,"key":"EssenceOfSteel"},{"floor":16,"key":"Regen Potion"},{"floor":18,"key":"Explosive Potion"},{"floor":19,"key":"Explosive Potion"}],"is_trial":false,"path_per_floor":["M","?","$","M","?","R","E","R","T","M","R","E","R","E","R","B",null,"M","?","?","M","M","E","?","M"],"character_chosen":"THE_SILENT","items_purchased":["Catalyst"],"campfire_rested":1,"item_purchase_floors":[3],"current_hp_per_floor":[59,43,43,43,43,43,44,44,44,45,45,23,46,28,28,5,62,82,63,63,52,32,10,10,0,0],"gold":340,"neow_bonus":"THREE_ENEMY_KILL","is_daily":false,"chose_seed":false,"campfire_upgraded":4,"win_rate":0.0,"timestamp":1613561721,"path_taken":["M","?","$","M","?","R","E","R","T","M","R","E","R","E","R","BOSS","M","?","?","M","M","E","?","M"],"items_purchased_type":["Card"],"build_version":"2020-12-22","purchased_purges":0,"victory":false,"max_hp_per_floor":[66,76,76,76,76,76,77,77,77,78,78,79,79,80,80,81,81,82,83,83,84,85,86,86,86,86],"card_choices":[{"not_picked":["Backstab","Quick Slash"],"picked":"Poisoned Stab","floor":1},{"not_picked":["PiercingWail","Distraction"],"picked":"Bane","floor":4},{"not_picked":["Dagger Throw","Eviscerate"],"picked":"Bane","floor":7},{"not_picked":["Underhanded Strike","PiercingWail","Eviscerate"],"picked":"SKIP","floor":10},{"not_picked":["Phantasmal Killer","PiercingWail"],"picked":"Footwork","floor":12},{"not_picked":["Leg Sweep","Slice"],"picked":"Poisoned Stab","floor":14},{"not_picked":["Grand Finale","Unload"],"picked":"Envenom","floor":16},{"not_picked":["Acrobatics","Dodge and Roll","Accuracy"],"picked":"SKIP","floor":18},{"not_picked":["Slice","Catalyst"],"picked":"Footwork","floor":21},{"not_picked":["Dash","PiercingWail"],"picked":"Tools of the Trade","floor":22},{"not_picked":["Storm of Steel","Prepared","Escape Plan"],"picked":"SKIP","floor":23}],"player_experience":996557,"relics_obtained":[{"floor":7,"key":"TungstenRod"},{"floor":9,"key":"Mummified Hand"},{"floor":12,"key":"Pen Nib"},{"floor":14,"key":"InkBottle"},{"floor":19,"key":"Red Mask"},{"floor":23,"key":"Letter Opener"}],"event_choices":[{"damage_healed":0,"gold_gain":0,"player_choice":"Success","damage_taken":26,"relics_obtained":["Pear"],"max_hp_gain":0,"max_hp_loss":0,"event_name":"Scrap Ooze","floor":2,"gold_loss":0},{"damage_healed":0,"gold_gain":0,"player_choice":"Trade","damage_taken":0,"relics_obtained":["FaceOfCleric"],"max_hp_gain":0,"max_hp_loss":0,"event_name":"FaceTrader","floor":5,"gold_loss":0},{"damage_healed":0,"gold_gain":0,"player_choice":"Fought Bandits","damage_taken":0,"max_hp_gain":0,"max_hp_loss":0,"event_name":"Masked Bandits","floor":19,"gold_loss":0},{"damage_healed":0,"gold_gain":50,"player_choice":"Stole From Cult","damage_taken":0,"max_hp_gain":0,"max_hp_loss":0,"event_name":"Nest","floor":20,"gold_loss":0},{"damage_healed":0,"gold_gain":0,"player_choice":"Paid Gold","damage_taken":0,"relics_obtained":["Tingsha"],"max_hp_gain":0,"max_hp_loss":0,"event_name":"WeMeetAgain","floor":24,"gold_loss":78}],"is_beta":false,"boss_relics":[{"not_picked":["Fusion Hammer","WristBlade"],"picked":"SacredBark"}],"items_purged_floors":[],"is_endless":false,"potions_floor_spawned":[12,14,16,18,19],"killed_by":"Snecko","ascension_level":20}}