{"host":"7t8rqoeeopyy0nh0","time":1613555071,"event":{"mods":["AchievementEnabler","Aspiration","BaseMod","Better Third Choice","BetterRewards","Colored Map","Colored Powertips","Conspire","Downfall","Hubris","Minty Spire (QoL Compilation)","Permanent Neow","Quick Restart","Random Character Button","Rare Cards Sparkle","Reliquary","Replay The Spire","StSLib"],"gold_per_floor":[117,132,132,132,206,241,241,264,290,290,315,315,315,358,358,447,447,470,470,470,486,486,527,545,545,599,599,18,18,18,31,31,129,129,150,171,186,36,396,396,427,441,519,519,539,562,83,126,126,126],"floor_reached":51,"language":"ENG","playtime":1755,"items_purged":["Strike_G","Strike_G"],"score":1460,"play_id":"e84220fc-e24a-4716-ae00-a17345ae340b","local_time":"20210217044431","is_ascension_mode":true,"campfire_choices":[{"floor":10,"key":"REST"},{"data":"Sucker Punch","floor":12,"key":"SMITH"},{"data":"Neutralize","floor":15,"key":"SMITH"},{"floor":27,"key":"REST"},{"floor":32,"key":"DIG"},{"floor":49,"key":"REST"}],"circlet_count":0,"master_deck":["AscendersBane","Strike_G","Defend_G","Defend_G","Defend_G","Defend_G","Defend_G","Survivor","Neutralize+1","Quick Slash","Dash","Backflip","Poisoned Stab","Backflip","Dagger Spray","Wraith Form v2","Sucker Punch+1","Underhanded Strike+1","Poisoned Stab","Unload","Escape Plan","Backflip+1","Prepared+1","Acrobatics+1","Doubt","Expertise","Calculated Gamble+1","Envenom","Blade Dance","Well Laid Plans+1","Slice","Calculated Gamble","PiercingWail+1","Hidden Blade+1","downfall:Haunted","Deflect","Wraith Form v2+1","Fluid Movement+1","Pot Of Greed","Pot Of Greed","Pot Of Greed","Pot Of Greed","Prepared+1"],"relics":["Ring of the Snake","Snake Skull","ClockworkSouvenir","Replay:Multitool","reliquary:HotPoker","Ring of Fury","Ring of Misfortune","Golden Idol","WingedGreaves","reliquary:ExpiredCoupon","reliquary:RosewoodLute","Oddly Smooth Stone","Cursed Key","aspiration:RitualStick","reliquary:QuartzCube","Tiny Chest","Lee\u0027s Waffle","Du-Vu Doll","hubris:Towel","hubris:TinFlute","conspire:SpecialSausage","Centennial Puzzle","Frozen Egg 2","TheAbacus","Blood Vial","Grinning Jar"],"acts_visited":["Exordium","TheCity","TheBeyond"],"potions_floor_usage":[6,16,23,33,36,42,46,50],"damage_taken":[{"damage":0,"enemies":"2 Louse","floor":1,"turns":3},{"damage":0,"enemies":"Jaw Worm","floor":2,"turns":4},{"damage":7,"enemies":"Lagavulin","floor":6,"turns":6},{"damage":0,"enemies":"Small Slimes","floor":8,"turns":2},{"damage":0,"enemies":"3 Sentries","floor":14,"turns":4},{"damage":8,"enemies":"Slime Boss","floor":16,"turns":6},{"damage":0,"enemies":"Chosen","floor":18,"turns":2},{"damage":22,"enemies":"conspire:FuzzyDice","floor":21,"turns":4},{"damage":31,"enemies":"Gremlin Leader","floor":23,"turns":7},{"damage":1,"enemies":"Shelled Parasite and Fungi","floor":24,"turns":6},{"damage":0,"enemies":"Centurion and Healer","floor":31,"turns":3},{"damage":5,"enemies":"conspire:MysteriousRune","floor":33,"turns":8},{"damage":14,"enemies":"Orb Walker","floor":35,"turns":3},{"damage":0,"enemies":"3 Darklings","floor":36,"turns":5},{"damage":0,"enemies":"Sphere and 2 Shapes","floor":37,"turns":3},{"damage":13,"enemies":"R_Hoarder","floor":41,"turns":7},{"damage":5,"enemies":"Maw","floor":42,"turns":4},{"damage":4,"enemies":"3 Darklings","floor":45,"turns":5},{"damage":13,"enemies":"4 Shapes","floor":46,"turns":3},{"damage":7,"enemies":"Reptomancer","floor":48,"turns":5},{"damage":0,"enemies":"Awakened One","floor":50,"turns":9}],"seed_played":"7494859121713935933","potions_obtained":[{"floor":2,"key":"Venom Potion"},{"floor":14,"key":"Toxic Potion"},{"floor":16,"key":"SpeedPotion"},{"floor":21,"key":"Milkshake"},{"floor":23,"key":"SpeedPotion"},{"floor":31,"key":"SneckoOil"},{"floor":41,"key":"CunningPotion"},{"floor":45,"key":"AttackPotion"},{"floor":48,"key":"ColorlessPotion"}],"is_trial":false,"path_per_floor":["M","M","?","?","?","E","R","M","T","R","T","R","R","E","R","B",null,"M","?","?","M","?","E","M","R","T","R","$","?","$","M","R","B",null,"M","M","M","$","?","R","E","M","T","R","M","M","$","E","R_BF","B",null],"character_chosen":"THE_SILENT","items_purchased":["Snake Skull","ClockworkSouvenir","Quick Slash","Dash","Backflip","Lee\u0027s Waffle","Du-Vu Doll","Expertise","Poison Potion","Calculated Gamble","TheAbacus","Fluid Movement+1","Blood Vial"],"campfire_rested":3,"item_purchase_floors":[0,0,0,0,0,28,28,28,28,38,47,47,47],"current_hp_per_floor":[28,28,28,28,28,21,21,21,21,39,39,39,39,39,39,31,54,54,42,42,20,40,9,8,26,26,44,68,68,68,68,68,63,67,53,53,53,53,17,37,24,19,19,39,35,22,22,17,37,39],"gold":126,"neow_bonus":"","is_daily":false,"chose_seed":false,"campfire_upgraded":2,"win_rate":0.0,"timestamp":1613555071,"path_taken":["M","M","?","?","?","E","R","M","T","R","?","R","R","E","R","BOSS","M","?","?","M","?","E","M","R","T","R","$","?","?","M","R","BOSS","M","M","M","$","?","R","E","M","T","R","M","M","$","E","R_BF","BOSS"],"items_purchased_type":["Relic","Relic","Card","Card","Card","Relic","Relic","Card","Potion","Card","Relic","Card","Relic"],"build_version":"2020-12-22","purchased_purges":2,"victory":true,"max_hp_per_floor":[66,66,66,61,61,61,61,61,61,61,61,61,61,61,61,61,61,61,61,61,61,61,61,61,61,61,61,68,68,68,68,68,68,68,68,68,68,68,68,68,68,68,68,68,68,68,68,68,68,68],"card_choices":[{"not_picked":["Hidden Blade","Prepared"],"picked":"Poisoned Stab","floor":1},{"not_picked":["Fluid Movement","Acrobatics"],"picked":"Backflip","floor":2},{"not_picked":["Grand Finale","Quick Slash"],"picked":"Dagger Spray","floor":6},{"not_picked":["Dash","ReplayTheSpireMod:Scrap Shanks"],"picked":"Sucker Punch","floor":8},{"not_picked":["Quick Slash","Hidden Blade"],"picked":"Poisoned Stab","floor":14},{"not_picked":["Bullet Time","Grand Finale"],"picked":"Unload","floor":16},{"not_picked":["Hidden Blade","hubris:TrickCloak"],"picked":"Escape Plan","floor":18},{"not_picked":["Sucker Punch","Outmaneuver+1"],"picked":"Backflip+1","floor":21},{"not_picked":["Sucker Punch","Dodge and Roll"],"picked":"Prepared","floor":23},{"not_picked":["Sneak Up","Quick Slash"],"picked":"Acrobatics","floor":24},{"not_picked":["Prepared","Underhanded Strike"],"picked":"Calculated Gamble+1","floor":31},{"not_picked":["Venomology","Replay:Bag of Tricks"],"picked":"Envenom","floor":33},{"not_picked":["Backflip","Infinite Blades"],"picked":"Blade Dance","floor":35},{"not_picked":["Dagger Spray","hubris:Counter"],"picked":"Well Laid Plans+1","floor":36},{"not_picked":["Dodge and Roll","Outmaneuver"],"picked":"Slice","floor":37},{"not_picked":["Caltrops","Well Laid Plans"],"picked":"PiercingWail+1","floor":41},{"not_picked":["PiercingWail+1","Outmaneuver"],"picked":"Hidden Blade+1","floor":42},{"not_picked":["hubris:Sniper+1","Concentrate"],"picked":"Deflect","floor":45},{"not_picked":["Blade Dance","Deflect+1"],"picked":"Wraith Form v2+1","floor":46},{"not_picked":["Reflex","Underhanded Strike+1"],"picked":"Prepared+1","floor":48}],"player_experience":439985,"relics_obtained":[{"floor":3,"key":"Ring of Fury"},{"floor":3,"key":"Ring of Misfortune"},{"floor":6,"key":"WingedGreaves"},{"floor":9,"key":"reliquary:ExpiredCoupon"},{"floor":11,"key":"reliquary:RosewoodLute"},{"floor":14,"key":"Oddly Smooth Stone"},{"floor":23,"key":"reliquary:QuartzCube"},{"floor":26,"key":"Tiny Chest"},{"floor":32,"key":"hubris:TinFlute"},{"floor":41,"key":"Centennial Puzzle"},{"floor":43,"key":"Frozen Egg 2"},{"floor":48,"key":"Grinning Jar"}],"event_choices":[{"damage_healed":0,"gold_gain":0,"player_choice":"Lose Max HP","damage_taken":0,"relics_obtained":["Golden Idol"],"max_hp_gain":0,"max_hp_loss":5,"event_name":"Golden Idol","floor":4,"gold_loss":0},{"damage_healed":0,"gold_gain":74,"player_choice":"Gained Gold","damage_taken":0,"max_hp_gain":0,"max_hp_loss":0,"event_name":"Golden Wing","floor":5,"gold_loss":0},{"damage_healed":20,"gold_gain":0,"player_choice":"Heal","damage_taken":0,"max_hp_gain":0,"max_hp_loss":0,"event_name":"The Library","floor":22,"gold_loss":0},{"damage_healed":0,"gold_gain":0,"player_choice":"Random: Green","damage_taken":0,"max_hp_gain":0,"max_hp_loss":0,"event_name":"betterThird:BetterPortal","floor":39,"gold_loss":0},{"damage_healed":0,"gold_gain":360,"player_choice":"GOLD GOLD GOLD GOLD ","damage_taken":36,"max_hp_gain":0,"max_hp_loss":0,"event_name":"Knowing Skull","floor":39,"potions_obtained":[],"gold_loss":0,"cards_obtained":[]}],"is_beta":false,"boss_relics":[{"not_picked":["Snecko Heart","Runic Dome"],"picked":"Cursed Key"},{"not_picked":["conspire:RunicOctahedron","hubris:RunicObelisk"],"picked":"conspire:SpecialSausage"}],"items_purged_floors":[38,47],"is_endless":false,"potions_floor_spawned":[2,14,16,21,23,31,41,45,48],"ascension_level":14}}