{"host":"a92fqxohjrzqy5rn","time":1613599588,"event":{"mods":["AchievementEnabler","BaseMod","Fox Events","Minty Spire (QoL Compilation)","Relic Sorter","Smile Girya","StSLib","??????REMEMod"],"gold_per_floor":[114,189,189,189,205,240,240,258,338,338,357,91,129,142,142,263,263,284,307,229,229,248,248,266,266,293,326,338,449,497,533,545,688,700,727,754,746,771,723,775,787,333,358,382,382,416,271,300,300,300,300],"floor_reached":50,"language":"ENG","playtime":2054,"items_purged":["Regret"],"score":604,"play_id":"b92a7045-d913-469e-8394-6b3721c6918e","local_time":"20210217220628","is_ascension_mode":false,"campfire_choices":[{"data":"Armaments","floor":10.0,"key":"SMITH"},{"data":"Demon Form","floor":15.0,"key":"SMITH"},{"data":"Perfected Strike","floor":23.0,"key":"SMITH"},{"data":"Flame Barrier","floor":25.0,"key":"SMITH"},{"data":"Reaper","floor":32.0,"key":"SMITH"},{"data":"Perfected Strike","floor":41.0,"key":"SMITH"},{"data":"Metamorphosis","floor":45.0,"key":"SMITH"},{"floor":49.0,"key":"REST"}],"circlet_count":0,"master_deck":["Strike_R+1","Strike_R+1","Strike_R+1","Defend_R+1","Defend_R+1","Bash+1","Armaments+1","Evolve","Battle Trance","Bloodletting","True Grit","Demon Form+1","Disarm","Headbutt","Reaper+1","Heavy Blade+1","Pummel","Flame Barrier+1","Blood for Blood","Perfected Strike+1","Feed","Immolate","Demon Form","Perfected Strike+1","Perfected Strike+1","Bloodletting","Dual Wield","Flame Barrier+1","Metamorphosis+1","Seeing Red","Bloodletting","Thunderclap"],"relics":["Burning Blood","NeowsBlessing","Bag of Preparation","Lizard Tail","Golden Idol","Meat on the Bone","Nunchaku","Philosopher\u0027s Stone","MawBank","Letter Opener","Snecko Eye","CeramicFish","Unceasing Top","Omamori","Anchor"],"acts_visited":["Exordium","TheCity","TheBeyond"],"potions_floor_usage":[50,50],"damage_taken":[{"damage":0.0,"enemies":"Small Slimes","floor":1.0,"turns":1.0},{"damage":0.0,"enemies":"2 Louse","floor":5.0,"turns":1.0},{"damage":0.0,"enemies":"3 Sentries","floor":6.0,"turns":1.0},{"damage":5.0,"enemies":"Cultist","floor":8.0,"turns":3.0},{"damage":8.0,"enemies":"3 Louse","floor":11.0,"turns":3.0},{"damage":3.0,"enemies":"Lagavulin","floor":13.0,"turns":4.0},{"damage":13.0,"enemies":"2 Fungi Beasts","floor":14.0,"turns":4.0},{"damage":38.0,"enemies":"The Guardian","floor":16.0,"turns":8.0},{"damage":27.0,"enemies":"2 Thieves","floor":18.0,"turns":5.0},{"damage":21.0,"enemies":"3 Byrds","floor":19.0,"turns":5.0},{"damage":18.0,"enemies":"Centurion and Healer","floor":22.0,"turns":6.0},{"damage":39.0,"enemies":"3 Cultists","floor":24.0,"turns":5.0},{"damage":7.0,"enemies":"Cultist and Chosen","floor":27.0,"turns":4.0},{"damage":35.0,"enemies":"Gremlin Leader","floor":30.0,"turns":8.0},{"damage":3.0,"enemies":"Snecko","floor":31.0,"turns":4.0},{"damage":76.0,"enemies":"Automaton","floor":33.0,"turns":10.0},{"damage":2.0,"enemies":"3 Darklings","floor":35.0,"turns":3.0},{"damage":10.0,"enemies":"3 Shapes","floor":36.0,"turns":4.0},{"damage":20.0,"enemies":"3 Darklings","floor":38.0,"turns":4.0},{"damage":45.0,"enemies":"Giant Head","floor":40.0,"turns":5.0},{"damage":20.0,"enemies":"Spire Growth","floor":44.0,"turns":4.0},{"damage":46.0,"enemies":"4 Shapes","floor":46.0,"turns":4.0},{"damage":34.0,"enemies":"Maw","floor":48.0,"turns":5.0},{"damage":135,"enemies":"Donu and Deca","floor":50,"turns":7}],"seed_played":"6450608245382352953","potions_obtained":[{"floor":6.0,"key":"Swift Potion"},{"floor":8.0,"key":"GamblersBrew"},{"floor":11.0,"key":"Energy Potion"},{"floor":18.0,"key":"SpeedPotion"},{"floor":24.0,"key":"Regen Potion"},{"floor":30.0,"key":"CultistPotion"},{"floor":37.0,"key":"LiquidBronze"},{"floor":46.0,"key":"AttackPotion"}],"is_trial":false,"path_per_floor":["M","?","?","?","M","E","?","M","T","R","M","$","E","M","R","B",null,"M","M","$","?","M","R","M","R","T","M","?","?","E","M","R","B",null,"M","M","?","M","?","E","R","$","T","M","R","M","$","M","R","B"],"character_chosen":"IRONCLAD","items_purchased":["Demon Form","Disarm","Pummel","Unceasing Top","Metamorphosis","Anchor"],"campfire_rested":1,"item_purchase_floors":[12,12,20,42,42,47],"current_hp_per_floor":[80,69,69,53,59,65,65,66,66,66,64,64,67,60,60,40,74,63,73,73,73,61,61,49,49,49,57,57,57,55,72,72,41,81,84,83,83,80,80,60,60,60,60,58,58,54,54,38,64,0,0],"gold":300,"neow_bonus":"THREE_ENEMY_KILL","is_daily":false,"chose_seed":false,"campfire_upgraded":7,"win_rate":0.0,"timestamp":1613599588,"path_taken":["M","?","?","?","M","E","?","M","T","R","M","?","E","M","R","BOSS","M","?","$","?","M","R","M","R","T","M","?","?","E","?","R","BOSS","M","M","?","?","?","E","R","$","T","?","R","M","?","M","R","BOSS"],"items_purchased_type":["Card","Card","Card","Relic","Card","Relic"],"build_version":"2020-12-22","purchased_purges":1,"victory":false,"max_hp_per_floor":[80,80,80,80,80,80,74,74,74,74,74,74,74,74,74,74,74,74,74,74,74,74,74,74,74,74,74,74,74,77,77,77,81,81,84,87,87,87,87,87,87,87,87,87,87,87,87,87,87,87,87],"card_choices":[{"not_picked":["Clash","Pommel Strike"],"picked":"Armaments","floor":1.0},{"not_picked":["Clothesline","Blood for Blood"],"picked":"Evolve","floor":5.0},{"not_picked":["Flex","Double Tap"],"picked":"Battle Trance","floor":6.0},{"not_picked":["Armaments","Heavy Blade"],"picked":"Bloodletting","floor":8.0},{"not_picked":["Iron Wave","Flex"],"picked":"True Grit","floor":11.0},{"not_picked":["Battle Trance","Warcry","Anger"],"picked":"SKIP","floor":13.0},{"not_picked":["Warcry","Fiend Fire"],"picked":"Headbutt","floor":14.0},{"not_picked":["Bludgeon","Berserk"],"picked":"Reaper","floor":16.0},{"not_picked":["Armaments+1","Clash+1"],"picked":"Heavy Blade+1","floor":18.0},{"not_picked":["Dual Wield","Sword Boomerang","Headbutt+1"],"picked":"SKIP","floor":19.0},{"not_picked":["Pommel Strike","True Grit"],"picked":"Perfected Strike","floor":22.0},{"not_picked":["Clash+1","Clothesline+1","Iron Wave"],"picked":"SKIP","floor":24.0},{"not_picked":["Evolve","Disarm"],"picked":"Feed","floor":27.0},{"not_picked":["Shrug It Off","Rampage"],"picked":"Immolate","floor":30.0},{"not_picked":["Dual Wield","Metallicize","Anger+1"],"picked":"SKIP","floor":31.0},{"not_picked":["Berserk","REME_TheLastStrike"],"picked":"Demon Form","floor":33.0},{"not_picked":["Hemokinesis+1","Body Slam","Second Wind"],"picked":"SKIP","floor":35.0},{"not_picked":["Flex","Second Wind"],"picked":"Perfected Strike","floor":36.0},{"not_picked":["Armaments+1","Havoc"],"picked":"Perfected Strike+1","floor":38.0},{"not_picked":["Carnage+1","Dual Wield"],"picked":"Flame Barrier+1","floor":40.0},{"not_picked":["Headbutt","Metallicize+1"],"picked":"Seeing Red","floor":44.0},{"not_picked":["Flame Barrier","Body Slam+1"],"picked":"Bloodletting","floor":46.0},{"not_picked":["Anger","Entrench"],"picked":"Thunderclap","floor":48.0}],"player_experience":236504,"relics_obtained":[{"floor":6.0,"key":"Lizard Tail"},{"floor":9.0,"key":"Meat on the Bone"},{"floor":13.0,"key":"Nunchaku"},{"floor":26.0,"key":"MawBank"},{"floor":30.0,"key":"Letter Opener"},{"floor":40.0,"key":"CeramicFish"},{"floor":43.0,"key":"Omamori"}],"event_choices":[{"damage_healed":0.0,"max_hp_gain":0.0,"max_hp_loss":0.0,"gold_gain":75.0,"event_name":"World of Goop","player_choice":"Gather Gold","floor":2.0,"gold_loss":0.0,"damage_taken":11.0},{"damage_healed":0.0,"max_hp_gain":0.0,"max_hp_loss":0.0,"gold_gain":0.0,"event_name":"Big Fish","player_choice":"Box","floor":3.0,"gold_loss":0.0,"damage_taken":0.0,"relics_obtained":["Bag of Preparation"],"cards_obtained":["Regret"]},{"damage_healed":0.0,"max_hp_gain":0.0,"max_hp_loss":0.0,"gold_gain":0.0,"event_name":"Shining Light","player_choice":"Entered Light","floor":4.0,"gold_loss":0.0,"damage_taken":16.0,"cards_upgraded":["Defend_R","Bash"]},{"damage_healed":0.0,"max_hp_gain":0.0,"max_hp_loss":6.0,"gold_gain":0.0,"event_name":"Golden Idol","player_choice":"Lose Max HP","floor":7.0,"gold_loss":0.0,"damage_taken":0.0,"relics_obtained":["Golden Idol"]},{"damage_healed":0.0,"max_hp_gain":0.0,"max_hp_loss":0.0,"gold_gain":0.0,"cards_transformed":["Strike_R","Strike_R"],"event_name":"Drug Dealer","player_choice":"Became Test Subject","floor":21.0,"gold_loss":0.0,"damage_taken":0.0,"cards_obtained":["Flame Barrier","Blood for Blood"]},{"damage_healed":0.0,"max_hp_gain":0.0,"max_hp_loss":0.0,"gold_gain":0.0,"event_name":"Back to Basics","player_choice":"Simplicity","floor":28.0,"gold_loss":0.0,"damage_taken":0.0,"cards_upgraded":["Strike_R","Strike_R","Strike_R","Defend_R","Defend_R","Defend_R"]},{"damage_healed":0.0,"max_hp_gain":0.0,"max_hp_loss":0.0,"gold_gain":99.0,"event_name":"Nest","player_choice":"Stole From Cult","floor":29.0,"gold_loss":0.0,"damage_taken":0.0},{"damage_healed":0.0,"max_hp_gain":0.0,"max_hp_loss":0.0,"gold_gain":0.0,"event_name":"The Woman in Blue","player_choice":"Bought 1 Potion","floor":37.0,"gold_loss":0.0,"damage_taken":0.0},{"damage_healed":0.0,"max_hp_gain":0.0,"max_hp_loss":0.0,"gold_gain":0.0,"cards_transformed":["Defend_R","Defend_R"],"event_name":"Designer","player_choice":"Transformed Cards","floor":39.0,"gold_loss":60.0,"damage_taken":0.0,"cards_obtained":["Bloodletting","Dual Wield"]}],"is_beta":false,"boss_relics":[{"not_picked":["Velvet Choker","Runic Pyramid"],"picked":"Philosopher\u0027s Stone"},{"not_picked":["Busted Crown","Fusion Hammer"],"picked":"Snecko Eye"}],"items_purged_floors":[12],"is_endless":false,"potions_floor_spawned":[6,8,11,18,24,30,38,44,46],"killed_by":"Donu and Deca","ascension_level":0}}