{"host":"jx3f6ezc0g3s9edc","time":1613526218,"event":{"mods":["AchievementEnabler","BaseMod","Bestiary","Colored Map","Highlight Path","Minty Spire (QoL Compilation)","StSLib"],"gold_per_floor":[113,188,188,207,5,5,5,5,5,5,34,45,45,45,45,119,119,133,133,151,151,151,151],"floor_reached":22,"language":"ENG","playtime":954,"items_purged":["Strike_R"],"score":349,"play_id":"4b157db3-937a-4457-bf76-7f08b15acd72","local_time":"20210216204338","is_ascension_mode":true,"campfire_choices":[{"data":"Dark Embrace","floor":6,"key":"SMITH"},{"data":"Bash","floor":8,"key":"SMITH"},{"data":"Cleave","floor":10,"key":"SMITH"},{"data":"Carnage","floor":13,"key":"SMITH"},{"data":"Sword Boomerang","floor":15,"key":"SMITH"}],"circlet_count":0,"master_deck":["AscendersBane","Strike_R+1","Strike_R+1","Strike_R+1","Defend_R+1","Defend_R+1","Defend_R+1","Defend_R+1","Bash+1","Armaments+1","Cleave+1","Shrug It Off","Dark Embrace+1","Sword Boomerang+1","Carnage+1","Fiend Fire","Shrug It Off","Shrug It Off"],"relics":["Burning Blood","NeowsBlessing","Singing Bowl","Bottled Tornado","Sozu"],"acts_visited":["Exordium","TheCity"],"potions_floor_usage":[],"damage_taken":[{"damage":0,"enemies":"Small Slimes","floor":1,"turns":1},{"damage":0,"enemies":"Jaw Worm","floor":4,"turns":1},{"damage":0,"enemies":"Lagavulin","floor":11,"turns":1},{"damage":1,"enemies":"Cultist","floor":12,"turns":4},{"damage":64,"enemies":"Slime Boss","floor":16,"turns":12},{"damage":26,"enemies":"Shell Parasite","floor":18,"turns":4},{"damage":29,"enemies":"Spheric Guardian","floor":20,"turns":10},{"damage":22,"enemies":"Snecko","floor":22,"turns":5}],"seed_played":"-1726097727185265056","potions_obtained":[{"floor":1,"key":"AttackPotion"}],"is_trial":false,"path_per_floor":["M","?","?","M","$","R","$","R","T","R","E","M","R","?","R","B",null,"M","?","M","?","M"],"character_chosen":"IRONCLAD","items_purchased":["Shrug It Off","Dark Embrace"],"campfire_rested":0,"item_purchase_floors":[5,5],"current_hp_per_floor":[74,63,63,69,69,69,69,69,69,69,75,75,75,68,68,10,59,39,39,16,16,0,0],"gold":151,"neow_bonus":"THREE_ENEMY_KILL","is_daily":false,"chose_seed":false,"campfire_upgraded":5,"win_rate":0.0,"timestamp":1613526218,"path_taken":["M","?","?","M","$","R","?","R","T","R","E","?","R","?","R","BOSS","M","?","M","?","M"],"items_purchased_type":["Card","Card"],"build_version":"2020-12-22","purchased_purges":1,"victory":false,"max_hp_per_floor":[75,75,75,75,75,75,75,75,75,75,75,75,75,75,75,75,75,75,75,75,75,75,75],"card_choices":[{"not_picked":["Entrench","Pommel Strike"],"picked":"Armaments","floor":1},{"not_picked":["Sentinel","Shockwave"],"picked":"Cleave","floor":4},{"not_picked":["Perfected Strike","Warcry"],"picked":"Sword Boomerang","floor":11},{"not_picked":["Seeing Red","Clothesline"],"picked":"Carnage","floor":12},{"not_picked":["Exhume","Barricade"],"picked":"Fiend Fire","floor":16},{"not_picked":["Clothesline","Anger+1"],"picked":"Shrug It Off","floor":18},{"not_picked":["Havoc","Flex"],"picked":"Shrug It Off","floor":20}],"player_experience":880089,"relics_obtained":[{"floor":9,"key":"Singing Bowl"},{"floor":11,"key":"Bottled Tornado"}],"event_choices":[{"damage_healed":0,"gold_gain":75,"player_choice":"Gather Gold","damage_taken":11,"max_hp_gain":0,"max_hp_loss":0,"event_name":"World of Goop","floor":2,"gold_loss":0},{"damage_healed":0,"gold_gain":0,"player_choice":"Grow","damage_taken":0,"max_hp_gain":0,"max_hp_loss":0,"event_name":"Living Wall","floor":3,"gold_loss":0,"cards_upgraded":["Armaments"]},{"cards_removed":["Strike_R"],"damage_healed":0,"gold_gain":0,"player_choice":"Card Removal","damage_taken":7,"max_hp_gain":0,"max_hp_loss":0,"event_name":"Golden Wing","floor":14,"gold_loss":0},{"damage_healed":0,"gold_gain":0,"player_choice":"Ignored","damage_taken":0,"max_hp_gain":0,"max_hp_loss":0,"event_name":"Vampires","floor":19,"gold_loss":0},{"damage_healed":0,"gold_gain":0,"player_choice":"Simplicity","damage_taken":0,"max_hp_gain":0,"max_hp_loss":0,"event_name":"Back to Basics","floor":21,"gold_loss":0,"cards_upgraded":["Strike_R","Strike_R","Strike_R","Defend_R","Defend_R","Defend_R","Defend_R"]}],"is_beta":false,"boss_relics":[{"not_picked":["Runic Pyramid","Black Star"],"picked":"Sozu"}],"items_purged_floors":[5],"is_endless":false,"potions_floor_spawned":[1,18],"killed_by":"Snecko","ascension_level":14}}