{"host":"pqs17sqrgflf4eqa","time":1613603815,"event":{"mods":["AchievementEnabler","BaseMod","Bestiary","Better Altar","Better Match","Better Skull","Block Reminder","Bossed Relics","Colored Map","Colored Powertips","Curses Come First","Dark Map","DeckTracker","Defective Defect","Displayed Cursed Tome","Emptier Cage","Googly Eyes","Highlight Path","Minty Spire (QoL Compilation)","Quick Restart","Slay-I","StSLib","SuperFastMode","Synergy Search","Thieving Mod","Transform Curses","everything is the same but u backflip on backflip","slay the spire mod where everything is the same but ironclad has a cowboy hat"],"gold_per_floor":[115,115,163,197,231,279,279,329,355,355,378,378,68,100,100,234,234,262,282,28,49,49,58,96,129,429,429,429],"floor_reached":27,"language":"ENG","playtime":677,"items_purged":["Strike_P","Meditate"],"score":413,"play_id":"70410a43-b6cc-46ae-bf33-9234290f7293","local_time":"20210217181655","is_ascension_mode":true,"campfire_choices":[{"data":"Eruption","floor":7,"key":"SMITH"},{"floor":10,"key":"REST"},{"floor":15,"key":"REST"},{"floor":23,"key":"REST"}],"circlet_count":0,"master_deck":["Strike_P+1","Strike_P+1","Strike_P+1","Defend_P+1","Defend_P+1","Defend_P+1","Defend_P+1","Eruption+1","Vigilance","BowlingBash","SashWhip","SandsOfTime","FlyingSleeves","DeceiveReality","Halt","FollowUp","Brilliance","DeceiveReality","DevaForm","FlurryOfBlows+1","Blasphemy","Perseverance+1","Consecrate+1"],"relics":["PureWater","Golden Idol","CeramicFish","Dead Branch","TungstenRod","Juzu Bracelet","Sundial","Toy Ornithopter","Dream Catcher","SlaversCollar","Letter Opener","Old Coin"],"acts_visited":["Exordium","TheCity"],"potions_floor_usage":[5,13,16,18,21,21,24,27],"damage_taken":[{"damage":13,"enemies":"2 Louse","floor":1,"turns":3},{"damage":8,"enemies":"Jaw Worm","floor":4,"turns":4},{"damage":0,"enemies":"Cultist","floor":5,"turns":2},{"damage":22,"enemies":"Lagavulin","floor":6,"turns":5},{"damage":8,"enemies":"Gremlin Nob","floor":8,"turns":3},{"damage":6,"enemies":"Exordium Thugs","floor":11,"turns":4},{"damage":2,"enemies":"Exordium Wildlife","floor":14,"turns":3},{"damage":0,"enemies":"The Guardian","floor":16,"turns":12},{"damage":21,"enemies":"Shell Parasite","floor":18,"turns":6},{"damage":35,"enemies":"2 Thieves","floor":19,"turns":4},{"damage":15,"enemies":"3 Cultists","floor":21,"turns":6},{"damage":0,"enemies":"Gremlin Leader","floor":24,"turns":5},{"damage":13,"enemies":"Centurion and Healer","floor":25,"turns":4},{"damage":28,"enemies":"Book of Stabbing","floor":27,"turns":4}],"seed_played":"2893024061141640514","potions_obtained":[{"floor":1,"key":"FearPotion"},{"floor":5,"key":"SpeedPotion"},{"floor":11,"key":"SpeedPotion"},{"floor":14,"key":"BottledMiracle"},{"floor":16,"key":"AttackPotion"},{"floor":19,"key":"ColorlessPotion"},{"floor":21,"key":"PowerPotion"}],"is_trial":false,"path_per_floor":["M","?","T","M","M","E","R","E","T","R","M","T","$","M","R","B",null,"M","M","$","M","?","R","E","M","T","E"],"character_chosen":"WATCHER","items_purchased":["ThievingMod:ThievingPotion","Brilliance","Blasphemy"],"campfire_rested":3,"item_purchase_floors":[13,13,20],"current_hp_per_floor":[52,52,52,44,44,22,22,14,14,34,28,28,28,26,46,51,63,47,12,12,7,7,27,32,19,19,0,0],"gold":429,"neow_bonus":"THREE_CARDS","is_daily":false,"chose_seed":false,"campfire_upgraded":1,"win_rate":0.0,"timestamp":1613603815,"path_taken":["M","?","?","?","M","E","R","E","T","R","M","?","$","M","R","BOSS","M","M","$","M","?","R","E","M","T","E"],"items_purchased_type":["Potion","Card","Card"],"build_version":"2020-12-22","purchased_purges":2,"victory":false,"max_hp_per_floor":[72,67,67,67,67,67,67,67,67,67,67,67,67,67,67,67,67,67,67,67,67,67,67,67,67,67,67,67],"card_choices":[{"not_picked":["FlurryOfBlows","CutThroughFate"],"picked":"BowlingBash","floor":0},{"not_picked":["Sanctity","FlyingSleeves"],"picked":"Meditate","floor":1},{"not_picked":["DeceiveReality","Halt"],"picked":"SashWhip","floor":4},{"not_picked":["Sanctity","FlurryOfBlows"],"picked":"SandsOfTime","floor":5},{"not_picked":["PathToVictory","ClearTheMind"],"picked":"FlyingSleeves","floor":6},{"not_picked":["WheelKick","BattleHymn"],"picked":"DeceiveReality","floor":8},{"not_picked":["MentalFortress","SashWhip"],"picked":"Halt","floor":11},{"not_picked":["FlurryOfBlows","Swivel"],"picked":"DeceiveReality","floor":14},{"not_picked":["ConjureBlade","Devotion"],"picked":"DevaForm","floor":16},{"not_picked":["Swivel","JustLucky"],"picked":"FlurryOfBlows+1","floor":18},{"not_picked":["Meditate+1","EmptyFist","JustLucky"],"picked":"SKIP","floor":19},{"not_picked":["WindmillStrike","BattleHymn","JustLucky"],"picked":"SKIP","floor":21},{"not_picked":["Halt","Protect+1"],"picked":"Perseverance+1","floor":23},{"not_picked":["EmptyBody","BattleHymn","Establishment"],"picked":"SKIP","floor":24},{"not_picked":["WheelKick+1","Halt"],"picked":"Consecrate+1","floor":25}],"player_experience":225926,"relics_obtained":[{"floor":3,"key":"CeramicFish"},{"floor":6,"key":"Dead Branch"},{"floor":8,"key":"TungstenRod"},{"floor":9,"key":"Juzu Bracelet"},{"floor":12,"key":"Sundial"},{"floor":24,"key":"Letter Opener"},{"floor":26,"key":"Old Coin"}],"event_choices":[{"damage_healed":0,"gold_gain":0,"player_choice":"Lose Max HP","damage_taken":0,"relics_obtained":["Golden Idol"],"max_hp_gain":0,"max_hp_loss":5,"event_name":"Golden Idol","floor":2,"gold_loss":0},{"damage_healed":0,"gold_gain":0,"player_choice":"Simplicity","damage_taken":0,"max_hp_gain":0,"max_hp_loss":0,"event_name":"Back to Basics","floor":22,"gold_loss":0,"cards_upgraded":["Strike_P","Strike_P","Strike_P","Defend_P","Defend_P","Defend_P","Defend_P"]}],"is_beta":false,"boss_relics":[{"not_picked":["Runic Pyramid","SacredBark"],"picked":"SlaversCollar"}],"items_purged_floors":[13,20],"is_endless":false,"potions_floor_spawned":[1,5,11,14,16,19,21],"killed_by":"Book of Stabbing","ascension_level":6}}