{"host":"pm6tps78s2qrawcb","time":1613597121,"event":{"mods":["BaseMod","BetterRewards","Colored Map","Downfall","Hubris","Infinite Spire","Mimic Mod","Minty Spire (QoL Compilation)","Reliquary","Replay The Spire","Shop Mod","StSLib"],"gold_per_floor":[110,48,67,67,80,115,132,132,132],"floor_reached":8,"language":"ENG","playtime":492,"items_purged":[],"score":67,"play_id":"e69fe529-6994-4366-b81f-e926c587ee3e","local_time":"20210217212521","is_ascension_mode":true,"campfire_choices":[],"circlet_count":0,"master_deck":["Strike_G","Strike_G","Strike_G","Strike_G","Defend_G","Defend_G","Defend_G","Defend_G","Defend_G","Survivor","Neutralize","Heel Hook","ReplayTheSpireMod:Exploit Weakness","The Bomb","Concentrate","Acrobatics","hubris:Counter","ReplayTheSpireMod:Speed Training"],"relics":["Ring of the Snake","Shovel","Chemical X","Golden Egg","Pet Ghost"],"acts_visited":["Exordium"],"potions_floor_usage":[6,8,8],"damage_taken":[{"damage":0,"enemies":"Jaw Worm","floor":1,"turns":4},{"damage":0,"enemies":"Cultist","floor":3,"turns":3},{"damage":8,"enemies":"2 Louse","floor":5,"turns":4},{"damage":7,"enemies":"3 Sentries","floor":6,"turns":3},{"damage":8,"enemies":"Looter","floor":7,"turns":3},{"damage":34,"enemies":"Gremlin Nob","floor":8,"turns":3}],"seed_played":"50796333491628995","potions_obtained":[{"floor":3,"key":"PowerPotion"},{"floor":6,"key":"Slimebound:ThreeZeroPotion"}],"is_trial":false,"path_per_floor":["M","?","M","$","M","E","M","E"],"character_chosen":"THE_SILENT","items_purchased":["Chemical X","Adrenaline Potion"],"campfire_rested":0,"item_purchase_floors":[0,0],"current_hp_per_floor":[38,38,38,38,30,23,15,0,0],"gold":132,"neow_bonus":"","is_daily":false,"chose_seed":false,"campfire_upgraded":0,"win_rate":0.0,"timestamp":1613597121,"path_taken":["M","?","?","?","M","E","M","E"],"items_purchased_type":["Relic","Potion"],"build_version":"2020-12-22","purchased_purges":0,"victory":false,"max_hp_per_floor":[70,70,70,70,70,70,70,70,70],"card_choices":[{"not_picked":["Poisoned Stab","Dodge and Roll"],"picked":"Concentrate","floor":1},{"not_picked":["hubris:SlightOfHand","Dodge and Roll"],"picked":"Acrobatics","floor":3},{"not_picked":["Sneak Up","Deflect","Hidden Blade"],"picked":"SKIP","floor":5},{"not_picked":["Slice","Dash"],"picked":"hubris:Counter","floor":6},{"not_picked":["Infinite Blades","Acrobatics"],"picked":"ReplayTheSpireMod:Speed Training","floor":7}],"player_experience":309153,"relics_obtained":[{"floor":6,"key":"Pet Ghost"}],"event_choices":[{"damage_healed":0,"gold_gain":0,"player_choice":"Paid Gold","damage_taken":0,"relics_obtained":["Golden Egg"],"max_hp_gain":0,"max_hp_loss":0,"event_name":"WeMeetAgain","floor":2,"gold_loss":62}],"is_beta":false,"boss_relics":[],"items_purged_floors":[],"is_endless":false,"potions_floor_spawned":[3,6],"killed_by":"Gremlin Nob","ascension_level":3}}