{"host":"r4wzpqnzjxxipuax","time":1613542066,"event":{"mods":["AchievementEnabler","BaseMod","Colored Map","Marisa????????","Minty Spire (QoL Compilation)","StSLib","The Animator","The Cursed","The Senshi"],"gold_per_floor":[117,117,128,144,144,169,169,94,170,186,115,115,156,156,156,276,276,259,275,293,313,238,238,258,308,332,332,351,395,418,453,453,577,640,658,671,692,692,712,752,768,768,823,838,488,509,528,553,553,553,553],"floor_reached":50,"language":"ENG","playtime":3343,"items_purged":["Injury","Strike_P"],"score":580,"play_id":"4cb4f343-a0bd-4681-b4cd-c8be883533ff","local_time":"20210216230746","is_ascension_mode":false,"campfire_choices":[{"floor":12,"key":"REST"},{"data":"LikeWater","floor":15,"key":"SMITH"},{"data":"Protect","floor":23,"key":"SMITH"},{"data":"Vigilance","floor":32,"key":"SMITH"},{"floor":42,"key":"RECALL"},{"floor":49,"key":"REST"}],"circlet_count":0,"master_deck":["Strike_P","Defend_P","Defend_P","Defend_P","Eruption+1","Vigilance+1","Halt","LikeWater+1","Consecrate","Protect+1","LikeWater+1","DevaForm+1","Adaptation+1","FlurryOfBlows","Indignation+1","InnerPeace+1","BattleHymn+1"],"relics":["HolyWater","Happy Flower","Golden Idol","Frozen Egg 2","Tiny Chest","Akabeko","Vajra","CaptainsWheel","Orichalcum","Tiny House","Ancient Tea Set","CeramicFish","Kunai"],"acts_visited":["Exordium","TheCity","TheBeyond"],"potions_floor_usage":[20,31,33,39,46,46,47,48,50],"damage_taken":[{"damage":2,"enemies":"Small Slimes","floor":1,"turns":3},{"damage":5,"enemies":"Jaw Worm","floor":3,"turns":4},{"damage":0,"enemies":"2 Louse","floor":4,"turns":2},{"damage":49,"enemies":"Gremlin Nob","floor":6,"turns":4},{"damage":0,"enemies":"Looter","floor":10,"turns":3},{"damage":2,"enemies":"Lagavulin","floor":13,"turns":8},{"damage":9,"enemies":"The Guardian","floor":16,"turns":14},{"damage":1,"enemies":"2 Thieves","floor":18,"turns":4},{"damage":15,"enemies":"Shell Parasite","floor":19,"turns":9},{"damage":14,"enemies":"3 Cultists","floor":20,"turns":7},{"damage":0,"enemies":"Centurion and Healer","floor":21,"turns":8},{"damage":3,"enemies":"Snecko","floor":24,"turns":7},{"damage":2,"enemies":"Snake Plant","floor":28,"turns":5},{"damage":0,"enemies":"Book of Stabbing","floor":29,"turns":6},{"damage":2,"enemies":"Shelled Parasite and Fungi","floor":30,"turns":6},{"damage":2,"enemies":"Gremlin Leader","floor":31,"turns":6},{"damage":6,"enemies":"Collector","floor":33,"turns":7},{"damage":9,"enemies":"3 Darklings","floor":35,"turns":5},{"damage":0,"enemies":"Orb Walker","floor":36,"turns":5},{"damage":0,"enemies":"Maw","floor":37,"turns":7},{"damage":22,"enemies":"3 Darklings","floor":39,"turns":4},{"damage":1,"enemies":"Giant Head","floor":40,"turns":7},{"damage":14,"enemies":"Sphere and 2 Shapes","floor":41,"turns":4},{"damage":11,"enemies":"Jaw Worm Horde","floor":44,"turns":4},{"damage":5,"enemies":"Maw","floor":46,"turns":8},{"damage":12,"enemies":"Spire Growth","floor":47,"turns":9},{"damage":1,"enemies":"Sphere and 2 Shapes","floor":48,"turns":5},{"damage":55,"enemies":"Time Eater","floor":50,"turns":17}],"seed_played":"-40871228623245712","potions_obtained":[{"floor":1,"key":"Explosive Potion"},{"floor":6,"key":"PowerPotion"},{"floor":10,"key":"LiquidBronze"},{"floor":20,"key":"Swift Potion"},{"floor":31,"key":"ColorlessPotion"},{"floor":34,"key":"ColorlessPotion"},{"floor":39,"key":"LiquidMemories"},{"floor":44,"key":"SkillPotion"},{"floor":47,"key":"AttackPotion"},{"floor":48,"key":"Block Potion"}],"is_trial":false,"path_per_floor":["M","?","M","M","?","E","?","$","T","M","$","R","E","T","R","B",null,"M","M","M","M","?","R","M","?","T","T","M","E","M","E","R","B",null,"M","M","M","?","M","E","M","R","T","M","$","M","M","M","R","B"],"character_chosen":"WATCHER","items_purchased":["LikeWater+1","Kunai"],"campfire_rested":2,"item_purchase_floors":[11,45],"current_hp_per_floor":[70,70,65,65,58,9,9,9,9,9,9,30,28,28,28,19,72,71,56,42,42,42,42,39,39,39,39,37,37,35,33,33,27,77,68,68,68,68,46,45,31,31,31,20,20,15,3,2,25,0,0],"gold":553,"neow_bonus":"REMOVE_CARD","is_daily":false,"chose_seed":false,"campfire_upgraded":3,"win_rate":0.0,"timestamp":1613542066,"path_taken":["M","?","M","M","?","E","?","$","T","M","?","R","E","?","R","BOSS","M","M","M","M","?","R","M","?","T","?","M","E","M","E","R","BOSS","M","M","M","?","M","E","M","R","T","M","$","M","M","M","R","BOSS"],"items_purchased_type":["Card","Relic"],"build_version":"2020-12-22","purchased_purges":2,"victory":false,"max_hp_per_floor":[72,72,72,72,72,72,72,72,72,72,72,72,72,72,72,72,72,72,72,72,72,72,72,72,72,72,72,72,72,72,72,72,72,77,77,77,77,77,77,77,77,77,77,77,77,77,77,77,77,77,77],"card_choices":[{"not_picked":["JustLucky","EmptyFist","BowlingBash"],"picked":"SKIP","floor":1},{"not_picked":["Vengeance","InnerPeace"],"picked":"Halt","floor":3},{"not_picked":["ClearTheMind","Halt"],"picked":"LikeWater","floor":4},{"not_picked":["Vault","BowlingBash"],"picked":"Consecrate","floor":6},{"not_picked":["CutThroughFate","EmptyBody"],"picked":"Protect","floor":10},{"not_picked":["ThirdEye","Crescendo","Judgement"],"picked":"SKIP","floor":13},{"not_picked":["Establishment+1","Vault"],"picked":"DevaForm+1","floor":16},{"not_picked":["JustLucky","Meditate"],"picked":"Adaptation+1","floor":18},{"not_picked":["DeceiveReality+1","CutThroughFate"],"picked":"FlurryOfBlows","floor":19},{"not_picked":["Prostrate","SandsOfTime+1"],"picked":"Indignation","floor":20},{"not_picked":["CutThroughFate","CrushJoints"],"picked":"InnerPeace+1","floor":21},{"not_picked":["EmptyBody","DeceiveReality","FollowUp"],"picked":"SKIP","floor":24},{"not_picked":["CrushJoints","Wireheading+1","BowlingBash+1"],"picked":"SKIP","floor":28},{"not_picked":["FlurryOfBlows","Wireheading+1","Indignation"],"picked":"SKIP","floor":29},{"not_picked":["BowlingBash","ConjureBlade","ClearTheMind+1"],"picked":"SKIP","floor":30},{"not_picked":["Protect","EmptyFist+1","Consecrate"],"picked":"SKIP","floor":31},{"not_picked":["DeceiveReality+1","Nirvana+1"],"picked":"BattleHymn+1","floor":34},{"not_picked":["JustLucky+1","ThirdEye+1","Prostrate+1"],"picked":"SKIP","floor":35},{"not_picked":["PathToVictory+1","SandsOfTime+1","Conclude"],"picked":"SKIP","floor":36},{"not_picked":["ReachHeaven","ClearTheMind","JustLucky+1"],"picked":"SKIP","floor":37},{"not_picked":["TalkToTheHand","EmptyFist+1","Vengeance+1"],"picked":"SKIP","floor":39},{"not_picked":["ClearTheMind+1","Devotion+1","Halt+1"],"picked":"SKIP","floor":40},{"not_picked":["Pray+1","Evaluate+1","CutThroughFate"],"picked":"SKIP","floor":41},{"not_picked":["ForeignInfluence+1","CutThroughFate","Swivel+1"],"picked":"SKIP","floor":44},{"not_picked":["PathToVictory","InnerPeace","Prostrate"],"picked":"SKIP","floor":46},{"not_picked":["SandsOfTime+1","ClearTheMind","EmptyBody"],"picked":"SKIP","floor":47},{"not_picked":["TalkToTheHand+1","SashWhip+1","Evaluate+1"],"picked":"SKIP","floor":48}],"player_experience":320915,"relics_obtained":[{"floor":6,"key":"Happy Flower"},{"floor":9,"key":"Frozen Egg 2"},{"floor":13,"key":"Tiny Chest"},{"floor":26,"key":"Akabeko"},{"floor":27,"key":"Vajra"},{"floor":29,"key":"CaptainsWheel"},{"floor":31,"key":"Orichalcum"},{"floor":40,"key":"Ancient Tea Set"},{"floor":43,"key":"CeramicFish"}],"event_choices":[{"damage_healed":0,"gold_gain":0,"player_choice":"Grow","damage_taken":0,"max_hp_gain":0,"max_hp_loss":0,"event_name":"Living Wall","floor":2,"gold_loss":0,"cards_upgraded":["Eruption"]},{"cards_removed":["Defend_P"],"damage_healed":0,"gold_gain":0,"player_choice":"Card Removal","damage_taken":7,"max_hp_gain":0,"max_hp_loss":0,"event_name":"Golden Wing","floor":5,"gold_loss":0},{"damage_healed":0,"gold_gain":0,"player_choice":"Take Wound","damage_taken":0,"relics_obtained":["Golden Idol"],"max_hp_gain":0,"max_hp_loss":0,"event_name":"Golden Idol","floor":7,"gold_loss":0,"cards_obtained":["Injury"]},{"cards_removed":["Strike_P"],"damage_healed":0,"gold_gain":0,"player_choice":"Gave Gold","damage_taken":0,"max_hp_gain":0,"max_hp_loss":0,"event_name":"Beggar","floor":22,"gold_loss":75},{"damage_healed":0,"gold_gain":100,"player_choice":"Bet on Murderer","damage_taken":0,"max_hp_gain":0,"max_hp_loss":0,"event_name":"The Joust","floor":25,"gold_loss":50},{"damage_healed":0,"gold_gain":0,"player_choice":"Ignored","damage_taken":0,"max_hp_gain":0,"max_hp_loss":0,"event_name":"Tomb of Lord Red Mask","floor":38,"gold_loss":0}],"is_beta":false,"boss_relics":[{"not_picked":["Busted Crown","Sozu"],"picked":"HolyWater"},{"not_picked":["Cursed Key","Velvet Choker"],"picked":"Tiny House"}],"items_purged_floors":[8,45],"is_endless":false,"potions_floor_spawned":[1,6,10,18,20,28,31,39,44,47,48],"killed_by":"Time Eater","ascension_level":0}}