{"host":"Luke","time":1613526404,"event":{"mods":["BaseMod","Downfall","Hermit","Minty Spire (QoL Compilation)","StSLib","The Exalted"],"gold_per_floor":[116,116,116,141,89,89,122,397,449,449,474,515,533,558,558,558,558],"floor_reached":16,"language":"ENG","playtime":1117,"items_purged":[],"score":158,"play_id":"b49fc7f2-e20e-4b7d-80ac-ec3d7b802f80","local_time":"20210217014644","is_ascension_mode":false,"campfire_choices":[{"floor":6,"key":"REST"},{"data":"Bromod:RendingStrike","floor":10,"key":"SMITH"},{"data":"Bromod:FastHands","floor":15,"key":"SMITH"}],"circlet_count":0,"master_deck":["Bromod:Strike_Bro","Bromod:Strike_Bro","Bromod:Defend_Bro","Bromod:Defend_Bro","Bromod:Defend_Bro","Bromod:Defend_Bro","Bromod:SlashDash","Bromod:SlashDash","Bromod:SlashDash","Bromod:RadialBlind","Bromod:RendingStrike+1","Bromod:BulletJump","Bromod:ShatteringImpact","Bromod:Vitality","Regret","Bromod:Patagium","Bromod:FastHands+1","Bromod:Vitality","Bromod:SlashDash"],"relics":["Bromod:Ordis","Bromod:AscarisDevice","NeowsBlessing","Golden Idol","Juzu Bracelet","Odd Mushroom","Centennial Puzzle"],"acts_visited":["Exordium"],"potions_floor_usage":[11,11,12],"damage_taken":[{"damage":0,"enemies":"Small Slimes","floor":1,"turns":1},{"damage":0,"enemies":"2 Louse","floor":4,"turns":1},{"damage":0,"enemies":"Gremlin Nob","floor":7,"turns":1},{"damage":3,"enemies":"The Mushroom Lair","floor":11,"turns":3},{"damage":8,"enemies":"Lagavulin","floor":12,"turns":6},{"damage":0,"enemies":"Cultist","floor":13,"turns":5},{"damage":0,"enemies":"2 Fungi Beasts","floor":14,"turns":5},{"damage":66,"enemies":"Slime Boss","floor":16,"turns":17}],"seed_played":"3842643788212885404","potions_obtained":[{"floor":4,"key":"AttackPotion"},{"floor":7,"key":"Explosive Potion"},{"floor":11,"key":"SkillPotion"}],"is_trial":false,"path_per_floor":["M","?","?","M","$","R","E","?","T","R","?","E","M","M","R","B"],"character_chosen":"THE_EXALTED","items_purchased":["Bromod:ShatteringImpact"],"campfire_rested":1,"item_purchase_floors":[5],"current_hp_per_floor":[75,57,57,57,57,75,75,75,75,75,72,64,64,64,64,0,0],"gold":558,"neow_bonus":"THREE_ENEMY_KILL","is_daily":false,"chose_seed":false,"campfire_upgraded":2,"win_rate":0.0,"timestamp":1613526404,"path_taken":["M","?","?","M","$","R","E","?","T","R","?","E","M","M","R","BOSS"],"items_purchased_type":["Card"],"build_version":"2020-12-18","purchased_purges":0,"victory":false,"max_hp_per_floor":[75,75,75,75,75,75,75,75,75,75,75,75,75,75,75,75,75],"card_choices":[{"not_picked":["Bromod:SlashDash","Bromod:HornetStrike"],"picked":"Bromod:RadialBlind","floor":1},{"not_picked":["Bromod:PointBlank","Bromod:EnergySiphon"],"picked":"Bromod:BulletJump","floor":4},{"not_picked":["Bromod:BodyCount","Bromod:PressurePoint"],"picked":"Bromod:Vitality","floor":7},{"not_picked":["Bromod:SlashDash","Bromod:FastHands"],"picked":"Bromod:Patagium","floor":11},{"not_picked":["Bromod:Redirection","Bromod:QuickDraw"],"picked":"Bromod:FastHands","floor":12},{"not_picked":["Bromod:SlashDash","Bromod:HeatedCharge"],"picked":"Bromod:Vitality","floor":13},{"not_picked":["Bromod:ShatteringImpact","Bromod:Stretch"],"picked":"Bromod:SlashDash","floor":14}],"player_experience":750875,"relics_obtained":[{"floor":7,"key":"Juzu Bracelet"},{"floor":11,"key":"Odd Mushroom"},{"floor":12,"key":"Centennial Puzzle"}],"event_choices":[{"damage_healed":0,"gold_gain":0,"player_choice":"Take Damage","damage_taken":18,"relics_obtained":["Golden Idol"],"max_hp_gain":0,"max_hp_loss":0,"event_name":"Golden Idol","floor":2,"gold_loss":0},{"damage_healed":0,"gold_gain":0,"cards_transformed":["Bromod:Strike_Bro"],"player_choice":"Change","damage_taken":0,"max_hp_gain":0,"max_hp_loss":0,"event_name":"Living Wall","floor":3,"gold_loss":0,"cards_obtained":["Bromod:RendingStrike"]},{"damage_healed":0,"gold_gain":275,"player_choice":"Desecrate","damage_taken":0,"max_hp_gain":0,"max_hp_loss":0,"event_name":"Golden Shrine","floor":8,"gold_loss":0,"cards_obtained":["Regret"]},{"damage_healed":0,"gold_gain":0,"player_choice":"Fought Mushrooms","damage_taken":0,"max_hp_gain":0,"max_hp_loss":0,"event_name":"Mushrooms","floor":11,"gold_loss":0}],"is_beta":true,"boss_relics":[],"items_purged_floors":[],"is_endless":false,"potions_floor_spawned":[4,7,11],"killed_by":"Slime Boss","ascension_level":0}}