{"host":"q4axc00jr2bozlh9","time":1613567085,"event":{"mods":["AchievementEnabler","BaseMod","Bestiary","Colored Map","Colored Powertips","Curses Come First","Minty Spire (QoL Compilation)","Relic Stats","StSLib","SuperFastMode","UnlockEverythingMod"],"gold_per_floor":[11,23,37,47,47,47,80,101,127,147,147,147,162,262,262,357,357,371,112,112,128,148,167,167,201,225,225,257,257,257],"floor_reached":29,"language":"ENG","playtime":1541,"items_purged":["Strike_R"],"score":290,"play_id":"3d3ac102-4e45-4da7-beca-fcfad1c52e23","local_time":"20210217140445","is_ascension_mode":false,"campfire_choices":[{"data":"Armaments","floor":6,"key":"SMITH"},{"floor":11,"key":"REST"},{"data":"True Grit","floor":15,"key":"SMITH"},{"data":"Barricade","floor":27,"key":"SMITH"}],"circlet_count":0,"master_deck":["Strike_R","Strike_R","Strike_R","Strike_R","Defend_R","Defend_R","Defend_R","Defend_R","Bash","Shockwave","Shrug It Off","Rupture","Armaments+1","True Grit+1","Inflame","Seeing Red","Barricade+1","Chrysalis","Dropkick+1","Limit Break","Seeing Red"],"relics":["Burning Blood","Bronze Scales","Odd Mushroom","Strawberry","Anchor","Velvet Choker","Lantern","Matryoshka"],"acts_visited":["Exordium","TheCity"],"potions_floor_usage":[7,7,23,28,29,29],"damage_taken":[{"damage":2,"enemies":"2 Louse","floor":1,"turns":4},{"damage":9,"enemies":"Small Slimes","floor":2,"turns":4},{"damage":3,"enemies":"Jaw Worm","floor":3,"turns":5},{"damage":9,"enemies":"2 Fungi Beasts","floor":4,"turns":6},{"damage":56,"enemies":"Gremlin Nob","floor":7,"turns":6},{"damage":10,"enemies":"The Mushroom Lair","floor":8,"turns":5},{"damage":13,"enemies":"Lots of Slimes","floor":10,"turns":4},{"damage":1,"enemies":"Large Slime","floor":13,"turns":8},{"damage":44,"enemies":"The Guardian","floor":16,"turns":17},{"damage":0,"enemies":"Shell Parasite","floor":18,"turns":8},{"damage":3,"enemies":"3 Byrds","floor":21,"turns":6},{"damage":6,"enemies":"Centurion and Healer","floor":22,"turns":15},{"damage":6,"enemies":"Snecko","floor":23,"turns":8},{"damage":18,"enemies":"Gremlin Leader","floor":25,"turns":12},{"damage":34,"enemies":"Slavers","floor":28,"turns":9},{"damage":48,"enemies":"Masked Bandits","floor":29,"turns":5}],"seed_played":"9116718097357462614","potions_obtained":[{"floor":1,"key":"Dexterity Potion"},{"floor":4,"key":"FearPotion"},{"floor":7,"key":"SteroidPotion"},{"floor":16,"key":"Block Potion"},{"floor":18,"key":"Strength Potion"},{"floor":23,"key":"Fire Potion"}],"is_trial":false,"path_per_floor":["M","M","M","M","?","R","E","?","T","M","R","T","M","?","R","B",null,"M","$","?","M","M","M","?","E","T","R","E","?"],"character_chosen":"IRONCLAD","items_purchased":["Chrysalis"],"campfire_rested":1,"item_purchase_floors":[19],"current_hp_per_floor":[96,93,96,93,93,93,43,39,46,39,69,69,74,74,74,36,103,103,103,82,85,85,85,85,73,73,73,45,0,0],"gold":257,"neow_bonus":"TWENTY_PERCENT_HP_BONUS","is_daily":false,"chose_seed":false,"campfire_upgraded":3,"win_rate":0.0,"timestamp":1613567085,"path_taken":["M","M","M","M","?","R","E","?","T","M","R","?","M","?","R","BOSS","M","?","?","M","M","M","?","E","T","R","E","?"],"items_purchased_type":["Card"],"build_version":"2020-12-22","purchased_purges":1,"victory":false,"max_hp_per_floor":[96,96,96,96,96,96,96,96,103,103,103,103,103,103,103,103,103,103,103,108,108,108,108,108,108,108,108,108,108,108],"relic_stats":{"counters":[16,122],"Bronze Scales":[355],"obtain_stats":[{"Anchor":12,"Lantern":25,"Matryoshka":28,"Bronze Scales":7,"Strawberry":9,"Velvet Choker":17,"Odd Mushroom":8,"Burning Blood":0},{"Anchor":7,"Lantern":14,"Matryoshka":15,"Bronze Scales":5,"Strawberry":6,"Velvet Choker":9,"Odd Mushroom":6,"Burning Blood":0},{"Anchor":34,"Lantern":108,"Matryoshka":117,"Bronze Scales":25,"Strawberry":30,"Velvet Choker":59,"Odd Mushroom":30,"Burning Blood":0}],"Burning Blood":80},"card_choices":[{"not_picked":["Combust","Heavy Blade"],"picked":"Shockwave","floor":1},{"not_picked":["Clothesline","Clash"],"picked":"Shrug It Off","floor":2},{"not_picked":["Second Wind","Havoc"],"picked":"Rupture","floor":3},{"not_picked":["Warcry","Entrench"],"picked":"Armaments","floor":4},{"not_picked":["Flex","Clothesline"],"picked":"True Grit","floor":7},{"not_picked":["Hemokinesis","Dropkick"],"picked":"Inflame","floor":8},{"not_picked":["True Grit","Clash","Power Through"],"picked":"SKIP","floor":10},{"not_picked":["Evolve","Clothesline"],"picked":"Seeing Red","floor":13},{"not_picked":["Reaper","Berserk"],"picked":"Barricade","floor":16},{"not_picked":["Sword Boomerang","Anger+1","Pommel Strike"],"picked":"SKIP","floor":18},{"not_picked":["Rupture","Burning Pact+1","Fire Breathing"],"picked":"SKIP","floor":21},{"not_picked":["Rupture","Burning Pact+1","Fire Breathing"],"picked":"SKIP","floor":21},{"not_picked":["Clothesline+1","Searing Blow"],"picked":"Dropkick+1","floor":22},{"not_picked":["Reckless Charge","Searing Blow+1"],"picked":"Limit Break","floor":23},{"not_picked":["Reaper","Carnage"],"picked":"Seeing Red","floor":25},{"not_picked":["Clash","Cleave","Twin Strike"],"picked":"SKIP","floor":28}],"player_experience":270475,"relics_obtained":[{"floor":7,"key":"Bronze Scales"},{"floor":8,"key":"Odd Mushroom"},{"floor":9,"key":"Strawberry"},{"floor":12,"key":"Anchor"},{"floor":25,"key":"Lantern"},{"floor":28,"key":"Matryoshka"}],"event_choices":[{"damage_healed":0,"gold_gain":0,"player_choice":"Leave","damage_taken":0,"max_hp_gain":0,"max_hp_loss":0,"event_name":"The Cleric","floor":5,"gold_loss":0},{"damage_healed":0,"gold_gain":0,"player_choice":"Fought Mushrooms","damage_taken":0,"max_hp_gain":0,"max_hp_loss":0,"event_name":"Mushrooms","floor":8,"gold_loss":0},{"damage_healed":0,"gold_gain":100,"player_choice":"Gold","damage_taken":0,"max_hp_gain":0,"max_hp_loss":0,"event_name":"Wheel of Change","floor":14,"gold_loss":0},{"damage_healed":0,"gold_gain":0,"player_choice":"Shed Blood","damage_taken":26,"max_hp_gain":5,"max_hp_loss":0,"event_name":"Forgotten Altar","floor":20,"gold_loss":0},{"damage_healed":0,"gold_gain":0,"player_choice":"Ignored","damage_taken":0,"max_hp_gain":0,"max_hp_loss":0,"event_name":"Vampires","floor":24,"gold_loss":0},{"damage_healed":0,"gold_gain":0,"player_choice":"Fought Bandits","damage_taken":0,"max_hp_gain":0,"max_hp_loss":0,"event_name":"Masked Bandits","floor":29,"gold_loss":0}],"is_beta":false,"boss_relics":[{"not_picked":["Snecko Eye","SacredBark"],"picked":"Velvet Choker"}],"items_purged_floors":[19],"is_endless":false,"potions_floor_spawned":[1,4,7,16,18,22,23],"killed_by":"Masked Bandits","ascension_level":0}}