{"host":"lv7etzzgwahaenh9","time":1613593166,"event":{"mods":["AchievementEnabler","BaseMod","Colored Map","Colored Powertips","Highlight Path","Minty Spire (QoL Compilation)","Permanent Neow","Quick Restart","Random Character Button","StSLib"],"gold_per_floor":[362,362,58,72,87,118,118,128,128,142,156,168,168,198,198,293,293,311,311,41,54,68,68,94,30,30,41,53,68,86,119,119,220,220,236,252,266,266,284,313,313,340,363,363,377,397,16,48,48,73],"floor_reached":51,"language":"ENG","playtime":2612,"items_purged":["Normality","Strike_P","Parasite"],"score":1367,"play_id":"525b0ef5-a133-4230-a1f3-479712880b5f","local_time":"20210217121926","is_ascension_mode":true,"campfire_choices":[{"data":"Vault","floor":7.0,"key":"SMITH"},{"data":"ForeignInfluence","floor":13.0,"key":"SMITH"},{"data":"Prostrate","floor":15.0,"key":"SMITH"},{"data":"Panache","floor":23.0,"key":"SMITH"},{"data":"ForeignInfluence","floor":32.0,"key":"SMITH"},{"data":"Ghostly","floor":41.0,"key":"SMITH"},{"data":"Ghostly","floor":49,"key":"SMITH"}],"circlet_count":0,"master_deck":["Strike_P","Defend_P","Defend_P","Defend_P","Eruption","Vigilance","Protect","Panache+1","WheelKick","BowlingBash","CutThroughFate","Vault+1","DeceiveReality","Consecrate","CrushJoints","Prostrate+1","TalkToTheHand","ForeignInfluence+1","FlurryOfBlows","Weave","Brilliance","MasterReality","Blasphemy+1","FollowUp+1","Swivel+1","ThirdEye","Weave","Ghostly+1","Ghostly","Ghostly","Ghostly+1","Ghostly+1","Panache","Perseverance","ForeignInfluence+1","BattleHymn+1","Prostrate","ClearTheMind+1","ForeignInfluence+1","DeceiveReality+1","DeusExMachina","Brilliance","Ghostly+1"],"relics":["PureWater","Prayer Wheel","Eternal Feather","Mummified Hand","Astrolabe","Toy Ornithopter","TungstenRod","InkBottle","PreservedInsect","Busted Crown","Boot","Molten Egg 2","DollysMirror","Dream Catcher"],"acts_visited":["Exordium","TheCity","TheBeyond"],"potions_floor_usage":[50],"damage_taken":[{"damage":13.0,"enemies":"2 Louse","floor":1.0,"turns":3.0},{"damage":0.0,"enemies":"Cultist","floor":4.0,"turns":3.0},{"damage":0.0,"enemies":"Small Slimes","floor":5.0,"turns":3.0},{"damage":18.0,"enemies":"Lagavulin","floor":6.0,"turns":7.0},{"damage":10.0,"enemies":"Gremlin Gang","floor":8.0,"turns":8.0},{"damage":0.0,"enemies":"Exordium Thugs","floor":10.0,"turns":3.0},{"damage":0.0,"enemies":"2 Fungi Beasts","floor":11.0,"turns":3.0},{"damage":0.0,"enemies":"Looter","floor":12.0,"turns":4.0},{"damage":1.0,"enemies":"3 Sentries","floor":14.0,"turns":5.0},{"damage":18.0,"enemies":"Hexaghost","floor":16.0,"turns":7.0},{"damage":11.0,"enemies":"Spheric Guardian","floor":18.0,"turns":3.0},{"damage":0.0,"enemies":"Shell Parasite","floor":21.0,"turns":6.0},{"damage":0.0,"enemies":"Cultist and Chosen","floor":22.0,"turns":4.0},{"damage":1.0,"enemies":"Book of Stabbing","floor":24.0,"turns":5.0},{"damage":0.0,"enemies":"Snecko","floor":27.0,"turns":3.0},{"damage":0.0,"enemies":"Centurion and Healer","floor":28.0,"turns":5.0},{"damage":0.0,"enemies":"Shelled Parasite and Fungi","floor":29.0,"turns":3.0},{"damage":0.0,"enemies":"Chosen and Byrds","floor":30.0,"turns":4.0},{"damage":0.0,"enemies":"Gremlin Leader","floor":31.0,"turns":5.0},{"damage":0.0,"enemies":"Collector","floor":33.0,"turns":9.0},{"damage":0.0,"enemies":"Orb Walker","floor":35.0,"turns":3.0},{"damage":0.0,"enemies":"3 Shapes","floor":36.0,"turns":5.0},{"damage":22.0,"enemies":"Writhing Mass","floor":37.0,"turns":5.0},{"damage":0.0,"enemies":"Transient","floor":39.0,"turns":6.0},{"damage":0.0,"enemies":"Giant Head","floor":40.0,"turns":3.0},{"damage":13.0,"enemies":"Reptomancer","floor":42.0,"turns":4.0},{"damage":0.0,"enemies":"3 Darklings","floor":45.0,"turns":4.0},{"damage":11.0,"enemies":"Jaw Worm Horde","floor":46.0,"turns":4.0},{"damage":0,"enemies":"Nemesis","floor":48,"turns":7},{"damage":0,"enemies":"Donu and Deca","floor":50,"turns":6}],"seed_played":"9208843638877949350","potions_obtained":[{"floor":2.0,"key":"SteroidPotion"},{"floor":2.0,"key":"Explosive Potion"},{"floor":4.0,"key":"EssenceOfSteel"},{"floor":8.0,"key":"Strength Potion"},{"floor":11.0,"key":"ColorlessPotion"},{"floor":12.0,"key":"LiquidBronze"},{"floor":18.0,"key":"BottledMiracle"},{"floor":21.0,"key":"BlessingOfTheForge"},{"floor":31.0,"key":"Fire Potion"},{"floor":35.0,"key":"EssenceOfSteel"},{"floor":39.0,"key":"AttackPotion"},{"floor":40.0,"key":"StancePotion"},{"floor":45.0,"key":"DistilledChaos"}],"is_trial":false,"path_per_floor":["M","?","$","M","M","E","R","M","T","M","M","M","R","E","R","B",null,"M","?","$","M","M","R","E","?","T","M","M","M","M","E","R","B",null,"M","M","M","?","M","E","R","E","T","$","M","M","$","E","R","B",null],"character_chosen":"WATCHER","items_purchased":["Panache","WheelKick","Panache","DollysMirror","Strength Potion","SkillPotion"],"campfire_rested":0,"item_purchase_floors":[3,3,20,47,47,47],"current_hp_per_floor":[52,52,52,52,52,34,34,24,24,24,24,24,36,35,50,32,62,51,36,36,36,36,36,35,35,35,35,35,35,35,36,36,36,36,36,36,19,19,19,19,36,28,28,28,28,22,22,22,33,33],"gold":73,"neow_bonus":"TWO_FIFTY_GOLD","is_daily":false,"chose_seed":false,"campfire_upgraded":7,"win_rate":0.0,"timestamp":1613593166,"path_taken":["M","?","$","M","M","E","R","M","T","?","M","M","R","E","R","BOSS","M","?","$","M","M","R","E","?","T","M","M","M","M","E","R","BOSS","M","M","?","?","?","E","R","E","T","?","M","M","$","E","R","BOSS"],"items_purchased_type":["Card","Card","Card","Relic","Potion","Potion"],"build_version":"2020-12-22","purchased_purges":3,"victory":true,"max_hp_per_floor":[72,72,72,72,72,72,72,72,72,72,72,72,72,72,72,72,72,72,36,36,36,36,36,36,36,36,36,36,36,36,36,36,36,36,36,36,36,36,36,36,36,36,36,36,36,36,33,33,33,33],"card_choices":[{"not_picked":["LikeWater","Halt"],"picked":"Protect","floor":1.0},{"not_picked":["Worship","Nirvana"],"picked":"BowlingBash","floor":4.0},{"not_picked":["CrushJoints","Indignation"],"picked":"CutThroughFate","floor":5.0},{"not_picked":["ReachHeaven","BowlingBash"],"picked":"Vault","floor":6.0},{"not_picked":["EmptyFist","Meditate"],"picked":"DeceiveReality","floor":8.0},{"not_picked":["Protect","FlyingSleeves"],"picked":"Consecrate","floor":8.0},{"not_picked":["FollowUp","SashWhip"],"picked":"CrushJoints","floor":10.0},{"not_picked":["CrushJoints","Perseverance"],"picked":"Prostrate","floor":10.0},{"not_picked":["WreathOfFlame","FollowUp"],"picked":"TalkToTheHand","floor":11.0},{"not_picked":["FlyingSleeves","FearNoEvil"],"picked":"ForeignInfluence","floor":11.0},{"not_picked":["Halt","WindmillStrike"],"picked":"FlurryOfBlows","floor":12.0},{"not_picked":["Crescendo","Conclude"],"picked":"Weave","floor":12.0},{"not_picked":["Collect","Wallop"],"picked":"Brilliance","floor":14.0},{"not_picked":["Wish","Scrawl"],"picked":"MasterReality","floor":16.0},{"not_picked":["Protect","BowlingBash"],"picked":"ThirdEye","floor":18.0},{"not_picked":["Weave","Evaluate","InnerPeace"],"picked":"SKIP","floor":18.0},{"not_picked":["Evaluate","InnerPeace"],"picked":"Weave","floor":18.0},{"not_picked":["FlyingSleeves","Consecrate+1"],"picked":"Perseverance","floor":21.0},{"not_picked":["EmptyMind","Crescendo"],"picked":"ForeignInfluence","floor":21.0},{"not_picked":["Evaluate","FollowUp+1"],"picked":"BattleHymn+1","floor":22.0},{"not_picked":["Swivel","CrushJoints+1","WheelKick"],"picked":"SKIP","floor":22.0},{"not_picked":["Nirvana","Wish"],"picked":"Prostrate","floor":24.0},{"not_picked":["EmptyBody","CutThroughFate+1"],"picked":"ClearTheMind+1","floor":27.0},{"not_picked":["Sanctity","InnerPeace","CrushJoints"],"picked":"SKIP","floor":27.0},{"not_picked":["SignatureMove+1","FearNoEvil"],"picked":"ForeignInfluence+1","floor":28.0},{"not_picked":["Tantrum","JustLucky+1","Halt"],"picked":"SKIP","floor":28.0},{"not_picked":["CutThroughFate","Halt+1"],"picked":"DeceiveReality+1","floor":29.0},{"not_picked":["FearNoEvil","BowlingBash+1","SashWhip+1"],"picked":"SKIP","floor":29.0},{"not_picked":["Vengeance","Consecrate","EmptyBody+1"],"picked":"SKIP","floor":30.0},{"not_picked":["Wallop","TalkToTheHand","FollowUp+1"],"picked":"SKIP","floor":30.0},{"not_picked":["Meditate","Perseverance"],"picked":"DeusExMachina","floor":31.0},{"not_picked":["MasterReality","Vault"],"picked":"Brilliance","floor":33.0},{"not_picked":["Halt"],"picked":"SKIP","floor":35.0},{"not_picked":["FollowUp+1"],"picked":"SKIP","floor":35.0},{"not_picked":["FlurryOfBlows+1"],"picked":"SKIP","floor":36.0},{"not_picked":["CutThroughFate+1"],"picked":"SKIP","floor":36.0},{"not_picked":["Swivel+1"],"picked":"SKIP","floor":37.0},{"not_picked":["ReachHeaven"],"picked":"SKIP","floor":37.0},{"not_picked":["FollowUp"],"picked":"SKIP","floor":39.0},{"not_picked":["FlurryOfBlows"],"picked":"SKIP","floor":39.0},{"not_picked":["PathToVictory"],"picked":"SKIP","floor":40.0},{"not_picked":["EmptyBody+1"],"picked":"SKIP","floor":42.0},{"not_picked":["ThirdEye+1"],"picked":"SKIP","floor":45.0},{"not_picked":["Worship"],"picked":"SKIP","floor":45.0},{"not_picked":["FlurryOfBlows+1"],"picked":"SKIP","floor":46.0},{"not_picked":["WaveOfTheHand"],"picked":"SKIP","floor":46.0},{"not_picked":["DeusExMachina"],"picked":"SKIP","floor":48}],"player_experience":405609,"relics_obtained":[{"floor":6.0,"key":"Prayer Wheel"},{"floor":9.0,"key":"Eternal Feather"},{"floor":14.0,"key":"Mummified Hand"},{"floor":24.0,"key":"Toy Ornithopter"},{"floor":26.0,"key":"InkBottle"},{"floor":31.0,"key":"PreservedInsect"},{"floor":40.0,"key":"Boot"},{"floor":42.0,"key":"Molten Egg 2"},{"floor":48,"key":"Dream Catcher"}],"event_choices":[{"damage_healed":0.0,"max_hp_gain":0.0,"max_hp_loss":0.0,"gold_gain":0.0,"event_name":"Lab","player_choice":"Got Potions","floor":2.0,"gold_loss":0.0,"damage_taken":0.0},{"damage_healed":0.0,"max_hp_gain":0.0,"max_hp_loss":36.0,"gold_gain":0.0,"event_name":"Ghosts","player_choice":"Became a Ghost","floor":19.0,"gold_loss":0.0,"damage_taken":0.0,"cards_obtained":["Ghostly","Ghostly","Ghostly","Ghostly","Ghostly"]},{"damage_healed":0.0,"max_hp_gain":0.0,"max_hp_loss":0.0,"gold_gain":0.0,"event_name":"WeMeetAgain","player_choice":"Paid Gold","floor":25.0,"gold_loss":64.0,"damage_taken":0.0,"relics_obtained":["TungstenRod"]},{"damage_healed":0.0,"max_hp_gain":0.0,"max_hp_loss":0.0,"gold_gain":0.0,"event_name":"Upgrade Shrine","player_choice":"Upgraded","floor":38.0,"gold_loss":0.0,"damage_taken":0.0,"cards_upgraded":["Ghostly"]}],"is_beta":false,"boss_relics":[{"not_picked":["SlaversCollar","Tiny House"],"picked":"Astrolabe"},{"not_picked":["Runic Dome","Black Star"],"picked":"Busted Crown"}],"items_purged_floors":[3,20,47],"is_endless":false,"potions_floor_spawned":[4,8,11,12,18,21,28,31,35,39,40,45,48],"ascension_level":7}}