{"host":"yqztwemefsbhfep8","time":1613592602,"event":{"mods":["BaseMod","Downfall","Minty Spire (QoL Compilation)","StSLib"],"gold_per_floor":[99,99,399,499,499,499,499,499,43,143,173,190,90,75,89,192,192,192,212,222,61,61,61,61,61,78,78,96,31,31,51,66,165,165,65,65,76,46,56,75,75,75,87,121,137,37,37,37,57,57,57,57,18,18,18,18,18,18],"floor_reached":56,"language":"ENG","playtime":3858,"items_purged":["downfall:Icky","downfall:Bewildered"],"score":723,"play_id":"9c0bc9d8-e028-484e-a753-00e24e078704","local_time":"20210217121002","is_ascension_mode":false,"campfire_choices":[{"data":"hexamod:Float","floor":1.0,"key":"SMITH"},{"data":"hexamod:AdvancingGuard","floor":6.0,"key":"SMITH"},{"data":"hexamod:EmpoweredFlame","floor":13.0,"key":"SMITH"},{"data":"hexamod:ForkedFlame","floor":18.0,"key":"SMITH"},{"data":"hexamod:HexaLevel","floor":23.0,"key":"SMITH"},{"floor":30.0,"key":"RECALL"},{"data":"hexamod:VolcanoVisage","floor":35.0,"key":"SMITH"},{"floor":46.0,"key":"REST"},{"data":"hexamod:InspiringFlames","floor":54,"key":"SMITH"}],"circlet_count":0,"master_deck":["hexamod:Strike","hexamod:Strike+1","hexamod:Strike+1","hexamod:Strike+1","hexamod:Defend+1","hexamod:Defend+1","hexamod:Defend+1","hexamod:Defend+1","hexamod:Sear+1","hexamod:Float+1","hexamod:AdvancingGuard+1","hexamod:EmpoweredFlame+1","hexamod:WildfireWeapon+1","hexamod:TimeWarp+1","hexamod:ThermalTransfer+1","hexamod:FourthSeal","hexamod:FirstSeal","hexamod:InspiringFlames+1","hexamod:HexaLevel+1","hexamod:ForkedFlame+1","CurseOfTheBell","hexamod:RadiantFlame+1","hexamod:SixthSeal","hexamod:ForkedFlame+1","hexamod:NightmareStrike+1","hexamod:NightmareStrike+1","hexamod:VolcanoVisage+1","hexamod:Hexaguard+1","Normality","hexamod:HauntingEcho+1","Pain","hexamod:Hexaguard+1","hexamod:DynamicBlow+1"],"relics":["hexamod:SpiritBrand","downfall:HeartsMalice","Bottled Tornado","PreservedInsect","Dream Catcher","downfall:HeartBlessingGreen","Calling Bell","Juzu Bracelet","Matryoshka","Pocketwatch","DollysMirror","Orichalcum","HornCleat","sneckomod:BabySnecko","Cursed Key","downfall:HeartBlessingRed","Lizard Tail","Molten Egg 2","Lantern","downfall:HeartBlessingBlue","Mercury Hourglass"],"acts_visited":["Exordium","TheCity","TheBeyond","TheEnding"],"potions_floor_usage":[52],"damage_taken":[{"damage":0.0,"enemies":"2 Louse","floor":2.0,"turns":1.0},{"damage":0.0,"enemies":"Jaw Worm","floor":5.0,"turns":1.0},{"damage":0.0,"enemies":"Cultist","floor":8.0,"turns":1.0},{"damage":0.0,"enemies":"downfall:FleeingMerchant","floor":9.0,"turns":4.0},{"damage":10.0,"enemies":"downfall:Heads","floor":10.0,"turns":5.0},{"damage":5.0,"enemies":"Lagavulin","floor":11.0,"turns":5.0},{"damage":1.0,"enemies":"3 Louse","floor":12.0,"turns":3.0},{"damage":4.0,"enemies":"downfall:FleeingMerchant","floor":14.0,"turns":4.0},{"damage":18.0,"enemies":"Large Slime","floor":15.0,"turns":7.0},{"damage":9.0,"enemies":"WA_ARCHETYPE_RETAIN","floor":16.0,"turns":6.0},{"damage":12.0,"enemies":"downfall:LooterAlt2","floor":19.0,"turns":3.0},{"damage":0.0,"enemies":"3 Byrds","floor":20.0,"turns":4.0},{"damage":0.0,"enemies":"downfall:FleeingMerchant","floor":21.0,"turns":4.0},{"damage":0.0,"enemies":"Snake Plant","floor":26.0,"turns":3.0},{"damage":0.0,"enemies":"Snecko","floor":28.0,"turns":5.0},{"damage":6.0,"enemies":"downfall:FleeingMerchant","floor":29.0,"turns":4.0},{"damage":3.0,"enemies":"Centurion and Healer","floor":31.0,"turns":6.0},{"damage":6.0,"enemies":"3 Cultists","floor":32.0,"turns":5.0},{"damage":60.0,"enemies":"SI_MIRROR_ARCHETYPE","floor":33.0,"turns":11.0},{"damage":0.0,"enemies":"3 Shapes","floor":37.0,"turns":4.0},{"damage":0.0,"enemies":"downfall:FleeingMerchant","floor":38.0,"turns":1.0},{"damage":10.0,"enemies":"Orb Walker","floor":39.0,"turns":3.0},{"damage":14.0,"enemies":"Sphere and 2 Shapes","floor":40.0,"turns":3.0},{"damage":11.0,"enemies":"Spire Growth","floor":43.0,"turns":5.0},{"damage":6.0,"enemies":"Giant Head","floor":44.0,"turns":6.0},{"damage":10.0,"enemies":"Writhing Mass","floor":45.0,"turns":3.0},{"damage":8.0,"enemies":"Maw","floor":49.0,"turns":6.0},{"damage":62.0,"enemies":"DF_ARCHETYPE_ORBS","floor":50.0,"turns":8.0},{"damage":0,"enemies":"downfall:CharBossMerchant","floor":52,"turns":1},{"damage":104,"enemies":"downfall:NeowBoss","floor":55,"turns":15},{"damage":46,"enemies":"downfall:NeowBossFinal","floor":56,"turns":5}],"seed_played":"229884178980449260","potions_obtained":[{"floor":10.0,"key":"ColorlessPotion"},{"floor":12.0,"key":"Swift Potion"},{"floor":14.0,"key":"CultistPotion"},{"floor":15.0,"key":"PowerPotion"},{"floor":16.0,"key":"Guardian:BlockOnCardUsePotion"},{"floor":16.0,"key":"Fruit Juice"},{"floor":19.0,"key":"sneckomod:MuddlingPotion"},{"floor":20.0,"key":"Explosive Potion"},{"floor":21.0,"key":"hexamod:SoulburnPotion"},{"floor":26.0,"key":"LiquidBronze"},{"floor":28.0,"key":"hexamod:SoulburnPotion"},{"floor":32.0,"key":"CultistPotion"},{"floor":33.0,"key":"SpeedPotion"},{"floor":33.0,"key":"SkillPotion"},{"floor":37.0,"key":"Slimebound:ThreeZeroPotion"},{"floor":39.0,"key":"Swift Potion"},{"floor":40.0,"key":"Dexterity Potion"},{"floor":40.0,"key":"bronze:BurnAndBuffPotion"},{"floor":43.0,"key":"DistilledChaos"},{"floor":43.0,"key":"SmokeBomb"},{"floor":44.0,"key":"Explosive Potion"},{"floor":49.0,"key":"Fruit Juice"},{"floor":49.0,"key":"ColorlessPotion"}],"is_trial":false,"path_per_floor":["R","M","?","?","M","R","T","M","$","?","E","M","R","$","M","B",null,"R","M","M","$","?","R","T","?","M","?","M","$","R","M","M","B",null,"R","?","M","$","M","M","T","?","M","E","M","R","?","?","M","B",null,"E","$","R","B","B"],"character_chosen":"THE_SPIRIT","items_purchased":["hexamod:TimeWarp","PreservedInsect","hexamod:ThermalTransfer","AttackPotion","DollysMirror","Energy Potion","Lizard Tail","hexamod:DynamicBlow+1"],"campfire_rested":1,"item_purchase_floors":[9,9,9,9,21,29,38,53],"current_hp_per_floor":[70,70,70,70,70,70,70,70,70,60,62,61,61,64,53,51,70,70,58,70,75,75,75,75,75,75,75,75,75,75,72,66,6,75,75,75,75,75,65,51,51,51,40,41,31,66,66,66,70,8,90,90,90,90,42,0,0,0],"gold":18,"neow_bonus":"THREE_ENEMY_KILL","is_daily":false,"chose_seed":false,"campfire_upgraded":7,"win_rate":0.0,"timestamp":1613592602,"path_taken":["R","M","?","?","M","R","T","?","$","?","E","M","R","$","M","BOSS","R","M","M","$","?","R","T","?","M","?","M","$","R","M","M","BOSS","R","?","M","$","M","M","T","?","M","E","M","R","?","?","M","BOSS","E","$","R","BOSS","BOSS"],"items_purchased_type":["Card","Relic","Card","Potion","Relic","Potion","Relic","Card"],"build_version":"2020-12-22","purchased_purges":2,"victory":false,"max_hp_per_floor":[70,70,70,70,70,70,70,70,70,70,70,70,70,70,70,70,70,70,70,75,75,75,75,75,75,75,75,75,75,75,75,75,75,75,75,75,75,75,75,75,75,75,75,75,75,85,85,85,90,90,90,90,90,90,90,90,90,90],"card_choices":[{"not_picked":["hexamod:ShieldOfDarkness","hexamod:BacktrackSmack"],"picked":"hexamod:AdvancingGuard","floor":2.0},{"not_picked":["hexamod:GhostLash","hexamod:HeatCrush"],"picked":"hexamod:EmpoweredFlame","floor":5.0},{"not_picked":["hexamod:HeatShield","hexamod:InspiringFlames"],"picked":"hexamod:Rewind","floor":8.0},{"not_picked":["hexamod:PhantomCloak","hexamod:GhostLash"],"picked":"hexamod:WildfireWeapon","floor":9.0},{"not_picked":["hexamod:InspiringFlames","hexamod:Incineration"],"picked":"hexamod:FirstSeal","floor":10.0},{"not_picked":["hexamod:EtherealExpedition","hexamod:GhostOfSpirePast"],"picked":"hexamod:InspiringFlames","floor":11.0},{"not_picked":["hexamod:ThermalTransfer","hexamod:EtherealExpedition","hexamod:Hexaguard"],"picked":"SKIP","floor":12.0},{"not_picked":["hexamod:Incineration","hexamod:GhostLash"],"picked":"hexamod:HexaLevel","floor":14.0},{"not_picked":["hexamod:GhostOfSpireFuture","hexamod:AdvancingGuard","hexamod:SpectersWail"],"picked":"SKIP","floor":15.0},{"not_picked":["hexamod:TurnItUp","hexamod:SixthSeal"],"picked":"hexamod:ForkedFlame","floor":16.0},{"not_picked":["hexamod:NightmareStrike","hexamod:SpectersWail+1"],"picked":"hexamod:RadiantFlame","floor":19.0},{"not_picked":["hexamod:BurningTouch","hexamod:GhostShield+1"],"picked":"hexamod:SixthSeal","floor":20.0},{"not_picked":["hexamod:FastForward","hexamod:EmpoweredFlame","hexamod:GhostLash"],"picked":"SKIP","floor":21.0},{"not_picked":["hexamod:AdvancingGuard","hexamod:BurningTouch"],"picked":"hexamod:NightmareStrike+1","floor":26.0},{"not_picked":["hexamod:Incineration","hexamod:SecondSeal"],"picked":"hexamod:NightmareStrike+1","floor":28.0},{"not_picked":["hexamod:FourthSeal","hexamod:SwordOfDarkness","hexamod:BacktrackSmack+1"],"picked":"SKIP","floor":29.0},{"not_picked":["hexamod:FastForward","hexamod:PhantomFireball","hexamod:HeatCrush"],"picked":"SKIP","floor":31.0},{"not_picked":["hexamod:NecessarySacrifice+1","hexamod:HeatMetal","hexamod:FourthSeal"],"picked":"SKIP","floor":32.0},{"not_picked":["hexamod:WildfireWeapon","hexamod:SearingWound"],"picked":"hexamod:VolcanoVisage","floor":33.0},{"not_picked":["hexamod:Incineration","hexamod:ChargedBarrage+1"],"picked":"hexamod:Hexaguard+1","floor":37.0},{"not_picked":["hexamod:BacktrackSmack+1","hexamod:ThirdSeal","hexamod:HeatMetal+1"],"picked":"SKIP","floor":38.0},{"not_picked":["hexamod:SoulSteal","hexamod:RainOfEmbers+1","hexamod:HeatShield"],"picked":"SKIP","floor":39.0},{"not_picked":["hexamod:GhostOfSpirePast","hexamod:InspiringFlames","hexamod:ExtraCrispy"],"picked":"SKIP","floor":40.0},{"not_picked":["hexamod:FourthSeal","hexamod:Incineration+1"],"picked":"hexamod:HauntingEcho+1","floor":43.0},{"not_picked":["hexamod:FastForward+1","hexamod:VolcanoVisage","hexamod:StepThrough+1"],"picked":"SKIP","floor":44.0},{"not_picked":["hexamod:AdvancingGuard","hexamod:SwordOfDarkness+1","hexamod:HeatMetal+1"],"picked":"SKIP","floor":45.0},{"not_picked":["hexamod:InspiringFlames+1","hexamod:HeatCrush+1"],"picked":"hexamod:Hexaguard+1","floor":49.0}],"player_experience":323372,"relics_obtained":[{"floor":7.0,"key":"Bottled Tornado"},{"floor":11.0,"key":"Dream Catcher"},{"floor":17.0,"key":"Juzu Bracelet"},{"floor":17.0,"key":"Matryoshka"},{"floor":17.0,"key":"Pocketwatch"},{"floor":24.0,"key":"Orichalcum"},{"floor":24.0,"key":"HornCleat"},{"floor":41.0,"key":"Molten Egg 2"},{"floor":44.0,"key":"Lantern"},{"floor":48.0,"key":"Mercury Hourglass"}],"event_choices":[{"damage_healed":0.0,"max_hp_gain":0.0,"max_hp_loss":0.0,"gold_gain":0.0,"event_name":"Mysterious Sphere","player_choice":"Ignored","floor":42.0,"gold_loss":0.0,"damage_taken":0.0}],"is_beta":false,"boss_relics":[{"not_picked":["Snecko Eye","SlaversCollar"],"picked":"Calling Bell"},{"not_picked":["Runic Pyramid","Runic Dome"],"picked":"Cursed Key"}],"items_purged_floors":[9,38],"is_endless":false,"potions_floor_spawned":[10,12,15,16,20,26,28,33,40,43,44,49],"killed_by":"downfall:NeowBossFinal","ascension_level":0}}