{"host":"3qkmyeoym75lj4wn","time":1613595420,"event":{"mods":["2.2 Compatiblity","BaseMod","Block Reminder","Colored Powertips","Highlight Path","Minty Spire (QoL Compilation)","Permanent Neow","Potion Indicator Mod","Rare Cards Sparkle","Relic Stats","StSLib","Unceasing Turn Reminder"],"gold_per_floor":[115,8,25,25,37,37,53,67,94,94,107,107,122,154,154,226,226,243,43,43,1,20,20,48,48,48],"floor_reached":25,"language":"ENG","playtime":825,"items_purged":[],"score":496,"play_id":"4d23ea8e-918c-42a6-8d58-3c3ee97b6743","local_time":"20210217205700","is_ascension_mode":true,"campfire_choices":[{"data":"Zap","floor":6,"key":"SMITH"},{"floor":12,"key":"REST"},{"data":"Consume","floor":15,"key":"SMITH"},{"data":"Loop","floor":23,"key":"SMITH"}],"circlet_count":0,"master_deck":["AscendersBane","Strike_B","Strike_B","Strike_B","Defend_B","Defend_B","Defend_B","Defend_B","Zap+1","Dualcast","Coolheaded","Streamline","Cold Snap","Lockon","Consume+1","Leap","Darkness","Seek","Chill","All For One","Loop+1","Ball Lightning","Cold Snap","Defragment"],"relics":["FrozenCore","PreservedInsect","The Courier","Smiling Mask","Pen Nib","Mercury Hourglass","Regal Pillow"],"acts_visited":["Exordium","TheCity"],"potions_floor_usage":[18,24,24],"damage_taken":[{"damage":5,"enemies":"Jaw Worm","floor":1,"turns":4},{"damage":2,"enemies":"Cultist","floor":3,"turns":4},{"damage":10,"enemies":"Small Slimes","floor":5,"turns":4},{"damage":8,"enemies":"2 Fungi Beasts","floor":7,"turns":3},{"damage":12,"enemies":"Large Slime","floor":8,"turns":4},{"damage":3,"enemies":"Blue Slaver","floor":11,"turns":3},{"damage":0,"enemies":"3 Louse","floor":13,"turns":3},{"damage":0,"enemies":"Lagavulin","floor":14,"turns":5},{"damage":3,"enemies":"Slime Boss","floor":16,"turns":9},{"damage":10,"enemies":"Spheric Guardian","floor":18,"turns":5},{"damage":18,"enemies":"Chosen","floor":22,"turns":6},{"damage":36,"enemies":"Book of Stabbing","floor":24,"turns":4},{"damage":20,"enemies":"Centurion and Healer","floor":25,"turns":5}],"seed_played":"-4184752585165922442","potions_obtained":[{"floor":5,"key":"Ancient Potion"},{"floor":22,"key":"Regen Potion"}],"is_trial":false,"path_per_floor":["M","$","M","?","M","R","M","M","T","T","M","R","M","E","R","B",null,"M","$","T","$","M","R","E","M"],"character_chosen":"DEFECT","items_purchased":["Cold Snap","FocusPotion","Ball Lightning","Cold Snap","Pen Nib","FocusPotion"],"campfire_rested":1,"item_purchase_floors":[2,2,19,19,19,21],"current_hp_per_floor":[59,59,57,57,47,47,39,27,27,27,24,45,45,45,45,42,64,54,54,54,54,36,36,12,0,0],"gold":48,"neow_bonus":"THREE_CARDS","is_daily":false,"chose_seed":false,"campfire_upgraded":3,"win_rate":0.0,"timestamp":1613595420,"path_taken":["M","$","M","?","M","R","M","?","T","?","M","R","M","E","R","BOSS","M","$","?","?","M","R","E","M"],"items_purchased_type":["Card","Potion","Card","Card","Relic","Potion"],"build_version":"2020-12-22","purchased_purges":0,"victory":false,"max_hp_per_floor":[71,71,71,71,71,71,71,71,71,71,71,71,71,71,71,71,71,71,71,71,71,71,71,71,71,71],"relic_stats":{"Regal Pillow":0,"counters":[13,59],"PreservedInsect":71,"Pen Nib":[1],"Smiling Mask":0,"obtain_stats":[{"Regal Pillow":24,"PreservedInsect":9,"The Courier":10,"Pen Nib":19,"Cracked Core":0,"Smiling Mask":14,"FrozenCore":17,"Mercury Hourglass":20},{"Regal Pillow":12,"PreservedInsect":5,"The Courier":5,"Pen Nib":10,"Cracked Core":0,"Smiling Mask":8,"FrozenCore":9,"Mercury Hourglass":10},{"Regal Pillow":54,"PreservedInsect":19,"The Courier":19,"Pen Nib":44,"Cracked Core":0,"Smiling Mask":30,"FrozenCore":39,"Mercury Hourglass":44}],"FrozenCore":[4],"Mercury Hourglass":[57]},"card_choices":[{"not_picked":["Conserve Battery","Redo"],"picked":"Coolheaded","floor":0},{"not_picked":["Compile Driver","Blizzard"],"picked":"Streamline","floor":1},{"not_picked":["Heatsinks","Rebound"],"picked":"Lockon","floor":3},{"not_picked":["Lockon","Darkness"],"picked":"Leap","floor":5},{"not_picked":["Hello World","Leap","Sweeping Beam"],"picked":"SKIP","floor":7},{"not_picked":["Barrage","Stack"],"picked":"Darkness","floor":8},{"not_picked":["Gash","Compile Driver"],"picked":"Seek","floor":11},{"not_picked":["Cold Snap","Steam"],"picked":"Chill","floor":13},{"not_picked":["Self Repair","Sweeping Beam","Rebound"],"picked":"SKIP","floor":14},{"not_picked":["Reboot","Thunder Strike"],"picked":"All For One","floor":16},{"not_picked":["Genetic Algorithm","Barrage"],"picked":"Loop","floor":18},{"not_picked":["Reprogram","Stack","Rebound"],"picked":"SKIP","floor":22},{"not_picked":["FTL","Redo"],"picked":"Defragment","floor":24}],"player_experience":1762430,"relics_obtained":[{"floor":9,"key":"PreservedInsect"},{"floor":10,"key":"The Courier"},{"floor":14,"key":"Smiling Mask"},{"floor":20,"key":"Mercury Hourglass"},{"floor":24,"key":"Regal Pillow"}],"event_choices":[{"damage_healed":0,"gold_gain":0,"cards_transformed":["Strike_B"],"player_choice":"Transformed","damage_taken":0,"max_hp_gain":0,"max_hp_loss":0,"event_name":"Transmorgrifier","floor":4,"gold_loss":0,"cards_obtained":["Consume"]}],"is_beta":false,"boss_relics":[{"not_picked":["Snecko Eye","Astrolabe"],"picked":"FrozenCore"}],"items_purged_floors":[],"is_endless":false,"potions_floor_spawned":[5,11,14,16,22],"killed_by":"Centurion and Healer","ascension_level":20}}