{"host":"t9vqxmgmtrdkt9v9","time":1613538882,"event":{"mods":["AchievementEnabler","BaseMod","Colored Map","Minty Spire (QoL Compilation)","Permanent Neow","Relic Stats","StSLib"],"gold_per_floor":[110,110,130,130,12,12,39,39,64,95,129,129,129,72,72,143,143,154,69,89,123,134,168,168,168,219,261,340,369,404,422,422,508,517,538,276,290,30,42,68,80,109,147,191,222,234,246,282,294,306],"floor_reached":51,"language":"ENG","playtime":3123,"items_purged":["Strike_G","Strike_G"],"score":1486,"play_id":"5ca87646-1e5c-4088-8748-96b6afa66ee5","local_time":"20210217151442","is_ascension_mode":true,"campfire_choices":[{"data":"Accuracy","floor":6.0,"key":"SMITH"},{"data":"Infinite Blades","floor":8.0,"key":"SMITH"},{"floor":13.0,"key":"REST"},{"data":"Accuracy","floor":15.0,"key":"SMITH"},{"floor":24,"key":"REST"},{"data":"Wraith Form v2","floor":25,"key":"SMITH"},{"data":"Footwork","floor":32,"key":"SMITH"},{"data":"Storm of Steel","floor":41,"key":"SMITH"},{"data":"Well Laid Plans","floor":46,"key":"SMITH"},{"data":"Phantasmal Killer","floor":49,"key":"SMITH"}],"circlet_count":0,"master_deck":["AscendersBane","Strike_G","Strike_G","Defend_G","Defend_G","Defend_G","Defend_G","Defend_G","Survivor","Neutralize","Predator+1","Infinite Blades+1","Accuracy+1","Storm of Steel+1","Dash","Accuracy+1","Cloak And Dagger","Wraith Form v2+1","Well Laid Plans+1","Cloak And Dagger","Cloak And Dagger+1","Terror","Adrenaline","Phantasmal Killer+1","Footwork+1","Acrobatics","Malaise","CurseOfTheBell","Prepared+1","Backflip"],"relics":["Ring of the Snake","WingedGreaves","Regal Pillow","White Beast Statue","Bronze Scales","Gremlin Horn","Philosopher\u0027s Stone","Eternal Feather","Red Mask","HornCleat","CeramicFish","Toy Ornithopter","Molten Egg 2","TungstenRod","Calling Bell","Dream Catcher","Letter Opener","The Specimen","Kunai","Bag of Marbles","MawBank","Lantern","Happy Flower"],"acts_visited":["Exordium","TheCity","TheBeyond"],"potions_floor_usage":[23,27,29,30,33,39,40,50,50],"damage_taken":[{"damage":2.0,"enemies":"Cultist","floor":1.0,"turns":5.0},{"damage":0.0,"enemies":"Jaw Worm","floor":3.0,"turns":3.0},{"damage":22.0,"enemies":"3 Sentries","floor":7.0,"turns":6.0},{"damage":7.0,"enemies":"Lagavulin","floor":10.0,"turns":6.0},{"damage":20.0,"enemies":"3 Sentries","floor":11.0,"turns":5.0},{"damage":12.0,"enemies":"Slime Boss","floor":16.0,"turns":5.0},{"damage":27.0,"enemies":"2 Thieves","floor":18.0,"turns":4.0},{"damage":2,"enemies":"Spheric Guardian","floor":20,"turns":3},{"damage":25,"enemies":"Masked Bandits","floor":21,"turns":4},{"damage":0,"enemies":"Cultist and Chosen","floor":22,"turns":4},{"damage":4,"enemies":"Book of Stabbing","floor":23,"turns":4},{"damage":6,"enemies":"Slavers","floor":27,"turns":3},{"damage":11,"enemies":"Shelled Parasite and Fungi","floor":29,"turns":4},{"damage":4,"enemies":"Book of Stabbing","floor":30,"turns":3},{"damage":0,"enemies":"Centurion and Healer","floor":31,"turns":4},{"damage":4,"enemies":"Collector","floor":33,"turns":6},{"damage":6,"enemies":"Orb Walker","floor":35,"turns":4},{"damage":9,"enemies":"3 Darklings","floor":37,"turns":4},{"damage":21,"enemies":"Transient","floor":39,"turns":6},{"damage":5,"enemies":"Reptomancer","floor":40,"turns":6},{"damage":0,"enemies":"4 Shapes","floor":42,"turns":3},{"damage":0,"enemies":"Nemesis","floor":44,"turns":7},{"damage":1,"enemies":"Writhing Mass","floor":45,"turns":5},{"damage":1,"enemies":"Sphere and 2 Shapes","floor":48,"turns":5},{"damage":24,"enemies":"Donu and Deca","floor":50,"turns":8}],"seed_played":"8690338985415234434","potions_obtained":[{"floor":1.0,"key":"DuplicationPotion"},{"floor":11.0,"key":"GamblersBrew"},{"floor":16.0,"key":"Swift Potion"},{"floor":18.0,"key":"FearPotion"},{"floor":20,"key":"Dexterity Potion"},{"floor":23,"key":"AttackPotion"},{"floor":27,"key":"Fruit Juice"},{"floor":29,"key":"BlessingOfTheForge"},{"floor":30,"key":"CultistPotion"},{"floor":33,"key":"Weak Potion"},{"floor":35,"key":"Strength Potion"},{"floor":39,"key":"Block Potion"},{"floor":40,"key":"SmokeBomb"},{"floor":42,"key":"DistilledChaos"}],"is_trial":false,"path_per_floor":["M","?","M","$","$","R","E","R","T","E","E","T","R","$","R","B",null,"M","?","M","?","M","E","R","R","T","E","T","M","E","M","R","B",null,"M","$","M","$","M","E","R","M","T","E","M","R","?","M","R","B",null],"character_chosen":"THE_SILENT","items_purchased":["Accuracy","Cloak And Dagger","Kunai","Bag of Marbles"],"campfire_rested":2,"item_purchase_floors":[5,14,36,38],"current_hp_per_floor":[63,63,63,63,63,63,41,41,41,34,14,14,50,50,50,38,64,37,37,35,10,10,6,57,72,72,66,66,65,66,66,77,73,76,70,70,61,61,45,45,63,63,63,63,62,77,77,76,77,53],"gold":318,"neow_bonus":"TEN_PERCENT_HP_BONUS","is_daily":false,"chose_seed":false,"campfire_upgraded":8,"win_rate":0.0,"timestamp":1613538882,"path_taken":["M","?","M","?","$","R","E","R","T","E","E","?","R","$","R","BOSS","M","?","M","?","M","E","R","R","T","E","?","M","E","M","R","BOSS","M","$","M","$","M","E","R","M","T","E","M","R","?","?","R","BOSS"],"items_purchased_type":["Card","Card","Relic","Relic"],"build_version":"2020-12-22","purchased_purges":2,"victory":true,"max_hp_per_floor":[72,72,72,72,72,72,72,72,72,72,72,72,72,72,72,72,72,72,72,72,72,72,72,72,72,72,72,72,77,77,77,77,77,77,77,77,77,77,77,77,77,77,77,77,77,77,77,77,77,77],"relic_stats":{"Regal Pillow":30,"Gremlin Horn":[25,25],"Happy Flower":[6],"counters":[25,117],"CeramicFish":63,"Eternal Feather":75,"Letter Opener":[127],"MawBank":132,"Dream Catcher":0,"Bronze Scales":[265],"Kunai":[26],"obtain_stats":[{"Regal Pillow":9,"Lantern":43,"Gremlin Horn":12,"The Specimen":34,"Happy Flower":44,"CeramicFish":26,"Eternal Feather":19,"Letter Opener":34,"MawBank":40,"White Beast Statue":10,"Calling Bell":34,"Dream Catcher":34,"HornCleat":23,"Bronze Scales":11,"Philosopher\u0027s Stone":17,"Molten Egg 2":28,"WingedGreaves":7,"Red Mask":21,"Bag of Marbles":38,"Kunai":36,"Toy Ornithopter":27,"TungstenRod":30,"Ring of the Snake":0},{"Regal Pillow":3,"Lantern":21,"Gremlin Horn":5,"The Specimen":16,"Happy Flower":22,"CeramicFish":11,"Eternal Feather":7,"Letter Opener":16,"MawBank":20,"White Beast Statue":4,"Calling Bell":16,"Dream Catcher":16,"HornCleat":11,"Bronze Scales":5,"Philosopher\u0027s Stone":6,"Molten Egg 2":12,"WingedGreaves":3,"Red Mask":9,"Bag of Marbles":18,"Kunai":17,"Toy Ornithopter":12,"TungstenRod":14,"Ring of the Snake":0},{"Regal Pillow":14,"Lantern":92,"Gremlin Horn":25,"The Specimen":69,"Happy Flower":99,"CeramicFish":49,"Eternal Feather":34,"Letter Opener":69,"MawBank":89,"White Beast Statue":20,"Calling Bell":69,"Dream Catcher":69,"HornCleat":49,"Bronze Scales":25,"Philosopher\u0027s Stone":30,"Molten Egg 2":52,"WingedGreaves":14,"Red Mask":41,"Bag of Marbles":77,"Kunai":73,"Toy Ornithopter":52,"TungstenRod":59,"Ring of the Snake":0}],"Toy Ornithopter":20,"TungstenRod":16,"Ring of the Snake":[50]},"card_choices":[{"not_picked":["Sucker Punch","Dagger Throw"],"picked":"Predator","floor":1.0},{"not_picked":["Slice","Flying Knee"],"picked":"Infinite Blades","floor":3.0},{"not_picked":["Deadly Poison","A Thousand Cuts"],"picked":"Storm of Steel","floor":7.0},{"not_picked":["Reflex","Blur"],"picked":"Dash","floor":10.0},{"not_picked":["Backstab","Dagger Spray"],"picked":"Accuracy","floor":11.0},{"not_picked":["Envenom","Night Terror"],"picked":"Wraith Form v2","floor":16.0},{"not_picked":["Expertise","Poisoned Stab+1"],"picked":"Well Laid Plans","floor":18.0},{"not_picked":["Eviscerate","Acrobatics"],"picked":"Cloak And Dagger","floor":20},{"not_picked":["Dash","Dagger Spray"],"picked":"Cloak And Dagger+1","floor":21},{"not_picked":["Prepared","Well Laid Plans+1"],"picked":"Terror","floor":22},{"not_picked":["Leg Sweep+1","Cloak And Dagger"],"picked":"Adrenaline","floor":23},{"not_picked":["Caltrops+1","Backstab"],"picked":"Phantasmal Killer","floor":27},{"not_picked":["PiercingWail","Outmaneuver"],"picked":"Footwork","floor":29},{"not_picked":["Catalyst","Poisoned Stab+1"],"picked":"Acrobatics","floor":30},{"not_picked":["Crippling Poison","Caltrops","Dodge and Roll"],"picked":"SKIP","floor":31},{"not_picked":["Corpse Explosion","Tools of the Trade"],"picked":"Malaise","floor":33},{"not_picked":["Slice+1","Underhanded Strike+1"],"picked":"Prepared+1","floor":35},{"not_picked":["Deflect","Sucker Punch+1","Noxious Fumes"],"picked":"SKIP","floor":37},{"not_picked":["Slice+1","Tactician","Noxious Fumes"],"picked":"SKIP","floor":39},{"not_picked":["Dodge and Roll","Bane+1","Underhanded Strike+1"],"picked":"SKIP","floor":40},{"not_picked":["Riddle With Holes+1","Poisoned Stab+1","Escape Plan"],"picked":"SKIP","floor":42},{"not_picked":["Heel Hook+1","Outmaneuver+1","PiercingWail"],"picked":"SKIP","floor":44},{"not_picked":["Predator+1","Corpse Explosion","Underhanded Strike+1"],"picked":"SKIP","floor":45},{"not_picked":["Leg Sweep","Acrobatics"],"picked":"Backflip","floor":48}],"player_experience":431244,"relics_obtained":[{"floor":7.0,"key":"WingedGreaves"},{"floor":9.0,"key":"Regal Pillow"},{"floor":10.0,"key":"White Beast Statue"},{"floor":11.0,"key":"Bronze Scales"},{"floor":12.0,"key":"Gremlin Horn"},{"floor":21,"key":"Red Mask"},{"floor":23,"key":"HornCleat"},{"floor":26,"key":"CeramicFish"},{"floor":27,"key":"Toy Ornithopter"},{"floor":28,"key":"Molten Egg 2"},{"floor":30,"key":"TungstenRod"},{"floor":34,"key":"Dream Catcher"},{"floor":34,"key":"Letter Opener"},{"floor":34,"key":"The Specimen"},{"floor":40,"key":"MawBank"},{"floor":43,"key":"Lantern"},{"floor":44,"key":"Happy Flower"}],"event_choices":[{"damage_healed":0.0,"max_hp_gain":0.0,"max_hp_loss":0.0,"gold_gain":0.0,"event_name":"Living Wall","player_choice":"Grow","floor":2.0,"gold_loss":0.0,"damage_taken":0.0,"cards_upgraded":["Predator"]},{"damage_healed":0.0,"max_hp_gain":0.0,"max_hp_loss":0.0,"gold_gain":0.0,"event_name":"Addict","player_choice":"Obtained Relic","floor":19.0,"gold_loss":85.0,"damage_taken":0.0,"relics_obtained":["Eternal Feather"]},{"damage_healed":0,"gold_gain":0,"player_choice":"Fought Bandits","damage_taken":0,"max_hp_gain":0,"max_hp_loss":0,"event_name":"Masked Bandits","floor":21,"gold_loss":0},{"cards_removed":["Strike_G"],"damage_healed":0,"gold_gain":0,"player_choice":"Purged","damage_taken":0,"max_hp_gain":0,"max_hp_loss":0,"event_name":"Purifier","floor":47,"gold_loss":0}],"is_beta":false,"boss_relics":[{"not_picked":["Sozu","Velvet Choker"],"picked":"Philosopher\u0027s Stone"},{"not_picked":["Fusion Hammer","Busted Crown"],"picked":"Calling Bell"}],"items_purged_floors":[5,38],"is_endless":false,"potions_floor_spawned":[1,11,16,18,20,21,22,23,27,29,30,31,33,35,37,39,40,42,44,45,48],"ascension_level":18}}