{"host":"n6qxj7a4gnapjcui","time":1613589026,"event":{"mods":["2.2 Compatiblity","AchievementEnabler","BaseMod","Colored Map","Minty Spire (QoL Compilation)"],"gold_per_floor":[115,135,148,168,168,194,41,41,64,14,28,28,28,62,62,62,62],"floor_reached":16,"language":"POL","playtime":603,"items_purged":["Strike_R"],"score":165,"play_id":"61b98207-5dd0-4530-b72a-a7692e129bfb","local_time":"20210217201026","is_ascension_mode":true,"campfire_choices":[{"data":"Berserk","floor":8,"key":"SMITH"},{"floor":13,"key":"REST"},{"floor":15,"key":"REST"}],"circlet_count":0,"master_deck":["AscendersBane","Strike_R","Strike_R","Strike_R","Defend_R","Defend_R","Defend_R","Defend_R","Bash","Warcry","Headbutt","Pommel Strike","Thunderclap","Reaper","Berserk+1","Armaments","Carnage","Seeing Red","Offering"],"relics":["Burning Blood","Orichalcum","Smiling Mask","Vajra"],"acts_visited":["Exordium"],"potions_floor_usage":[6,6],"damage_taken":[{"damage":8.0,"enemies":"2 Louse","floor":1.0,"turns":3.0},{"damage":1.0,"enemies":"Cultist","floor":2.0,"turns":4.0},{"damage":10.0,"enemies":"Small Slimes","floor":3.0,"turns":3.0},{"damage":26.0,"enemies":"3 Louse","floor":4.0,"turns":4.0},{"damage":40,"enemies":"3 Sentries","floor":6,"turns":9},{"damage":14,"enemies":"Exordium Thugs","floor":11,"turns":5},{"damage":37,"enemies":"Lagavulin","floor":14,"turns":8},{"damage":50,"enemies":"Slime Boss","floor":16,"turns":7}],"seed_played":"-125160310708981013","potions_obtained":[{"floor":2.0,"key":"LiquidBronze"},{"floor":4.0,"key":"SkillPotion"},{"floor":14,"key":"SmokeBomb"}],"is_trial":false,"path_per_floor":["M","M","M","M","?","E","$","R","T","?","M","$","R","E","R","B"],"character_chosen":"IRONCLAD","items_purchased":["Seeing Red"],"campfire_rested":2,"item_purchase_floors":[7],"current_hp_per_floor":[70,75,71,51,51,35,35,35,35,35,33,33,57,26,50,0,0],"gold":62,"neow_bonus":"THREE_CARDS","is_daily":false,"chose_seed":false,"campfire_upgraded":1,"win_rate":0.0,"timestamp":1613589026,"path_taken":["M","M","M","M","?","E","?","R","T","?","M","$","R","E","R","BOSS"],"items_purchased_type":["Card"],"build_version":"2020-12-22","purchased_purges":1,"victory":false,"max_hp_per_floor":[80,80,80,80,80,80,80,80,80,80,80,80,80,80,80,80,80],"card_choices":[{"not_picked":["Whirlwind","Wild Strike"],"picked":"Warcry","floor":0.0},{"not_picked":["Warcry","Body Slam"],"picked":"Headbutt","floor":1.0},{"not_picked":["Clothesline","True Grit"],"picked":"Pommel Strike","floor":2.0},{"not_picked":["Flex","Havoc"],"picked":"Thunderclap","floor":3.0},{"not_picked":["Warcry","Flex"],"picked":"Reaper","floor":4.0},{"not_picked":["Sword Boomerang","Clothesline"],"picked":"Carnage","floor":6},{"not_picked":["Perfected Strike","Body Slam","Warcry"],"picked":"SKIP","floor":11},{"not_picked":["Wild Strike","Havoc"],"picked":"Offering","floor":14}],"player_experience":332808,"relics_obtained":[{"floor":6,"key":"Orichalcum"},{"floor":9,"key":"Smiling Mask"},{"floor":14,"key":"Vajra"}],"event_choices":[{"damage_healed":0,"gold_gain":0,"player_choice":"2 cards matched","damage_taken":0,"max_hp_gain":0,"max_hp_loss":0,"event_name":"Match and Keep!","floor":5,"gold_loss":0,"cards_obtained":["Berserk","Armaments"]},{"cards_removed":["Strike_R"],"damage_healed":0,"gold_gain":0,"player_choice":"Card Removal","damage_taken":0,"max_hp_gain":0,"max_hp_loss":0,"event_name":"The Cleric","floor":10,"gold_loss":50}],"is_beta":false,"boss_relics":[],"items_purged_floors":[7],"is_endless":false,"potions_floor_spawned":[2,4,14],"killed_by":"Slime Boss","ascension_level":10}}