{"host":"0kk91h4bq4kgfj0u","time":1613530827,"event":{"mods":["BaseMod","Bestiary","Block Reminder","Colored Map","Colored Powertips","Curses Come First","Downfall","Highlight Path","Minty Spire (QoL Compilation)","Relic Stats","StSLib"],"gold_per_floor":[99,99,99,99,119,137,191,210,225,125,136,10,10,10,24,24,24,24],"floor_reached":16,"language":"ENG","playtime":699,"items_purged":[],"score":92,"play_id":"0c653bd7-61de-49b4-acbf-8aed31b0a354","local_time":"20210216220027","is_ascension_mode":false,"campfire_choices":[{"floor":1,"key":"RECALL"},{"data":"sneckomod:SoulDraw","floor":13,"key":"SMITH"}],"circlet_count":0,"master_deck":["sneckomod:Strike","sneckomod:Strike","sneckomod:Strike","sneckomod:Defend","sneckomod:Defend","sneckomod:Defend","sneckomod:TailWhip","sneckomod:SnekBite","sneckomod:Unknown","sneckomod:Unknown","CurseOfTheBell","CurseOfTheBell","sneckomod:SoulDraw+1","sneckomod:UnknownCommonSkill","sneckomod:UnknownVulnerable","sneckomod:SoulRoll","Storm of Steel","sneckomod:UnknownCommonSkill","sneckomod:DiceBlock","sneckomod:UnendingSupply","sneckomod:UnknownUncommonAttack","sneckomod:ImprovisedGuard"],"relics":["sneckomod:SneckoSoul","downfall:ExtraCursedBell","sneckomod:SneckoCommon","InkBottle","Unceasing Top","Oddly Smooth Stone","downfall:HeartBlessingRed","downfall:BrokenWingStatue"],"acts_visited":["Exordium"],"potions_floor_usage":[16],"damage_taken":[{"damage":4,"enemies":"2 Louse","floor":5,"turns":3},{"damage":3,"enemies":"Small Slimes","floor":6,"turns":4},{"damage":0,"enemies":"Cultist","floor":8,"turns":4},{"damage":6,"enemies":"2 Fungi Beasts","floor":9,"turns":4},{"damage":16,"enemies":"Exordium Wildlife","floor":11,"turns":5},{"damage":0,"enemies":"downfall:FleeingMerchant","floor":12,"turns":4},{"damage":15,"enemies":"Blue Slaver","floor":15,"turns":3},{"damage":56,"enemies":"DF_ARCHETYPE_STREAMLINE","floor":16,"turns":11}],"seed_played":"7479454462786990025","potions_obtained":[{"floor":8,"key":"FearPotion"},{"floor":11,"key":"AttackPotion"}],"is_trial":false,"path_per_floor":["R","?","?","?","M","M","T","M","M","R","M","$","R","?","M","B"],"character_chosen":"THE_SNECKO","items_purchased":["sneckomod:UnendingSupply","sneckomod:UnknownUncommonAttack"],"campfire_rested":0,"item_purchase_floors":[12,12],"current_hp_per_floor":[99,99,99,99,95,92,92,92,86,86,70,70,70,70,55,0,0,0],"gold":24,"neow_bonus":"TEN_PERCENT_HP_BONUS","is_daily":false,"chose_seed":false,"campfire_upgraded":1,"win_rate":0.0,"timestamp":1613530827,"path_taken":["R","?","?","?","M","M","T","?","M","R","M","$","R","?","M","BOSS"],"items_purchased_type":["Card","Card"],"build_version":"2020-12-22","purchased_purges":0,"victory":false,"max_hp_per_floor":[99,99,99,99,99,99,99,99,99,99,99,99,99,99,99,99,99,99],"relic_stats":{"counters":[8,38],"obtain_stats":[{"sneckomod:SneckoCommon":2,"downfall:BrokenWingStatue":14,"downfall:HeartBlessingRed":10,"Oddly Smooth Stone":7,"downfall:ExtraCursedBell":2,"sneckomod:SneckoSoul":0,"InkBottle":2,"Unceasing Top":2},{"sneckomod:SneckoCommon":0,"downfall:BrokenWingStatue":6,"downfall:HeartBlessingRed":4,"Oddly Smooth Stone":2,"downfall:ExtraCursedBell":0,"sneckomod:SneckoSoul":0,"InkBottle":0,"Unceasing Top":0},{"sneckomod:SneckoCommon":0,"downfall:BrokenWingStatue":24,"downfall:HeartBlessingRed":15,"Oddly Smooth Stone":7,"downfall:ExtraCursedBell":0,"sneckomod:SneckoSoul":0,"InkBottle":0,"Unceasing Top":0}],"InkBottle":[13],"Unceasing Top":[5]},"card_choices":[{"not_picked":["sneckomod:UnknownUncommonSkill","sneckomod:IronFang"],"picked":"sneckomod:SoulDraw","floor":5},{"not_picked":["sneckomod:DiceBoulder","sneckomod:IronFang"],"picked":"sneckomod:UnknownCommonSkill","floor":6},{"not_picked":["sneckomod:RainOfDice","sneckomod:WideSting"],"picked":"sneckomod:UnknownVulnerable","floor":8},{"not_picked":["sneckomod:UnknownVulnerable","sneckomod:UnknownDraw"],"picked":"sneckomod:SoulRoll","floor":9},{"not_picked":["sneckomod:SoulRoll","sneckomod:QuickBite"],"picked":"sneckomod:UnknownCommonSkill","floor":11},{"not_picked":["sneckomod:SoulDraw","sneckomod:DangerNoodle"],"picked":"sneckomod:DiceBlock","floor":12},{"not_picked":["sneckomod:UnknownX","sneckomod:WideSting"],"picked":"sneckomod:ImprovisedGuard","floor":15}],"player_experience":943002,"relics_obtained":[{"floor":2,"key":"sneckomod:SneckoCommon"},{"floor":2,"key":"InkBottle"},{"floor":2,"key":"Unceasing Top"},{"floor":7,"key":"Oddly Smooth Stone"}],"event_choices":[],"is_beta":false,"boss_relics":[],"items_purged_floors":[],"is_endless":false,"potions_floor_spawned":[8,11],"killed_by":"DF_ARCHETYPE_STREAMLINE","ascension_level":0}}