{"host":"ju1b3c4x8n2jtjm7","time":1613568190,"event":{"mods":["AchievementEnabler","BaseMod","Colored Map","Colored Powertips","Highlight Path","Minty Spire (QoL Compilation)","Quick Restart","Rare Cards Sparkle","Relic Stats"],"gold_per_floor":[113,125,144,164,183,183,183,209,255,270,282,282,282,293,293,398,398,412,429,429,429,36,65,165,195,195,195,206,219,238,271,271,372,372,387,404,15,35,51,82,82,112,139,139,14,26,44,70,70,70,70,70,22,52,52],"floor_reached":56,"language":"ENG","playtime":5337,"items_purged":["Unload","Dagger Throw","Flechettes"],"score":1726,"play_id":"5279b2cd-6b61-4a58-be98-c9806272ead0","local_time":"20210217142310","is_ascension_mode":true,"campfire_choices":[{"data":"Riddle With Holes","floor":6.0,"key":"SMITH"},{"data":"Well Laid Plans","floor":13.0,"key":"SMITH"},{"data":"Dagger Spray","floor":15.0,"key":"SMITH"},{"data":"Blade Dance","floor":27.0,"key":"SMITH"},{"floor":32.0,"key":"REST"},{"data":"Apotheosis","floor":41.0,"key":"SMITH"},{"floor":44.0,"key":"RECALL"},{"floor":49.0,"key":"REST"},{"data":"After Image","floor":52.0,"key":"SMITH"}],"circlet_count":0,"master_deck":["Survivor","Neutralize","Riddle With Holes+1","Well Laid Plans+1","Acrobatics","Dagger Spray+1","Slice","Leg Sweep","After Image+1","Terror","Dagger Spray","Blade Dance+1","Catalyst","Deadly Poison","Acrobatics","Catalyst","Leg Sweep","Escape Plan","Noxious Fumes","Sucker Punch+1","Well Laid Plans","Escape Plan","PiercingWail","Wraith Form v2","Blade Dance","Deadly Poison","Well Laid Plans","Apotheosis+1","Prepared","Escape Plan","Blade Dance+1","PiercingWail","Deflect","Escape Plan+1","Underhanded Strike"],"relics":["Ring of the Snake","Bronze Scales","Bag of Marbles","Mummified Hand","Pandora\u0027s Box","Shuriken","Orichalcum","Blue Candle","Bottled Tornado","Bag of Preparation","Philosopher\u0027s Stone","Singing Bowl","Kunai","Gremlin Horn","Boot"],"acts_visited":["Exordium","TheCity","TheBeyond","TheEnding"],"potions_floor_usage":[55,55],"damage_taken":[{"damage":0.0,"enemies":"Jaw Worm","floor":1.0,"turns":6.0},{"damage":0.0,"enemies":"Cultist","floor":2.0,"turns":3.0},{"damage":0.0,"enemies":"Small Slimes","floor":3.0,"turns":4.0},{"damage":5.0,"enemies":"2 Fungi Beasts","floor":4.0,"turns":3.0},{"damage":3.0,"enemies":"Looter","floor":5.0,"turns":5.0},{"damage":0.0,"enemies":"Gremlin Nob","floor":8.0,"turns":2.0},{"damage":3.0,"enemies":"Blue Slaver","floor":10.0,"turns":3.0},{"damage":0.0,"enemies":"Red Slaver","floor":11.0,"turns":1.0},{"damage":3.0,"enemies":"Gremlin Gang","floor":14.0,"turns":4.0},{"damage":7.0,"enemies":"Slime Boss","floor":16.0,"turns":9.0},{"damage":0.0,"enemies":"Spheric Guardian","floor":18.0,"turns":1.0},{"damage":8.0,"enemies":"Chosen","floor":19.0,"turns":2.0},{"damage":3.0,"enemies":"Book of Stabbing","floor":23.0,"turns":3.0},{"damage":20.0,"enemies":"Slavers","floor":25.0,"turns":4.0},{"damage":2.0,"enemies":"Snecko","floor":28.0,"turns":4.0},{"damage":7.0,"enemies":"Cultist and Chosen","floor":29.0,"turns":5.0},{"damage":0.0,"enemies":"Shelled Parasite and Fungi","floor":30.0,"turns":2.0},{"damage":0.0,"enemies":"Gremlin Leader","floor":31.0,"turns":4.0},{"damage":33.0,"enemies":"Champ","floor":33.0,"turns":8.0},{"damage":0.0,"enemies":"3 Darklings","floor":35.0,"turns":2.0},{"damage":6.0,"enemies":"Orb Walker","floor":36.0,"turns":2.0},{"damage":5.0,"enemies":"Transient","floor":38.0,"turns":5.0},{"damage":5.0,"enemies":"3 Darklings","floor":39.0,"turns":4.0},{"damage":0.0,"enemies":"Giant Head","floor":40.0,"turns":6.0},{"damage":1.0,"enemies":"Nemesis","floor":42.0,"turns":3.0},{"damage":4.0,"enemies":"Jaw Worm Horde","floor":46.0,"turns":3.0},{"damage":0.0,"enemies":"Spire Growth","floor":47.0,"turns":4.0},{"damage":14.0,"enemies":"Reptomancer","floor":48.0,"turns":5.0},{"damage":24.0,"enemies":"Donu and Deca","floor":50.0,"turns":7.0},{"damage":23.0,"enemies":"Shield and Spear","floor":54.0,"turns":7.0},{"damage":3,"enemies":"The Heart","floor":55,"turns":8}],"seed_played":"-3143030689371380072","potions_obtained":[{"floor":3.0,"key":"ColorlessPotion"},{"floor":4.0,"key":"SteroidPotion"},{"floor":5.0,"key":"CunningPotion"},{"floor":7.0,"key":"DistilledChaos"},{"floor":11.0,"key":"SteroidPotion"},{"floor":14.0,"key":"FearPotion"},{"floor":18.0,"key":"Strength Potion"},{"floor":23.0,"key":"DuplicationPotion"},{"floor":28.0,"key":"Strength Potion"},{"floor":30.0,"key":"Energy Potion"},{"floor":35.0,"key":"Weak Potion"},{"floor":38.0,"key":"DistilledChaos"},{"floor":40.0,"key":"Fruit Juice"},{"floor":42.0,"key":"Dexterity Potion"},{"floor":47.0,"key":"Weak Potion"},{"floor":54.0,"key":"Explosive Potion"}],"is_trial":false,"path_per_floor":["M","M","M","M","M","R","?","E","T","M","M","?","R","M","R","B",null,"M","M","?","?","$","E","?","E","T","R","M","M","M","E","R","B",null,"M","M","$","M","M","E","R","E","T","R","$","M","M","E","R","B",null,"R","$","E","B",null],"character_chosen":"THE_SILENT","items_purchased":["Noxious Fumes","Shuriken","Well Laid Plans","Apotheosis","Prepared","Energy Potion"],"campfire_rested":2,"item_purchase_floors":[22,22,37,37,37,53],"current_hp_per_floor":[70,70,70,65,62,62,62,62,62,59,59,56,56,53,53,46,69,69,61,61,61,61,58,58,38,38,38,36,29,29,29,52,19,63,63,57,57,52,47,49,49,50,50,50,50,46,51,37,62,38,74,74,74,51,48],"gold":52,"neow_bonus":"TEN_PERCENT_HP_BONUS","is_daily":false,"chose_seed":false,"campfire_upgraded":6,"win_rate":0.0,"timestamp":1613568190,"path_taken":["M","M","M","M","M","R","?","E","T","?","M","?","R","M","R","BOSS","M","M","?","?","$","E","?","E","T","R","M","M","M","E","R","BOSS","M","M","$","M","M","E","R","E","T","R","?","M","M","E","R","BOSS","R","$","E","BOSS"],"items_purchased_type":["Card","Relic","Card","Card","Card","Potion"],"build_version":"2020-12-22","purchased_purges":3,"victory":true,"max_hp_per_floor":[77,77,77,77,77,77,77,77,77,77,77,77,77,77,77,77,77,77,77,77,77,77,77,77,77,77,77,77,77,77,77,77,77,77,77,77,77,77,77,79,79,81,81,81,81,81,86,86,86,86,86,86,86,86,86],"relic_stats":{"Singing Bowl":4,"Gremlin Horn":[2,2],"counters":[31,129],"Blue Candle":[0],"Bag of Preparation":[26],"Orichalcum":[54],"Boot":[1],"Mummified Hand":[102],"Shuriken":[73],"Bronze Scales":[337],"Pandora\u0027s Box":["Terror","Dagger Spray","Blade Dance","Catalyst","Deadly Poison","Choke","Acrobatics","Catalyst","Flechettes","Flechettes"],"Kunai":[33],"obtain_stats":[{"Singing Bowl":40,"Gremlin Horn":48,"Blue Candle":25,"Bag of Preparation":31,"Orichalcum":23,"Bottled Tornado":26,"Boot":54,"Mummified Hand":12,"Shuriken":22,"Bronze Scales":8,"Pandora\u0027s Box":17,"Philosopher\u0027s Stone":34,"Bag of Marbles":9,"Kunai":42,"Ring of the Snake":0},{"Singing Bowl":24,"Gremlin Horn":28,"Blue Candle":14,"Bag of Preparation":18,"Orichalcum":13,"Bottled Tornado":14,"Boot":30,"Mummified Hand":8,"Shuriken":12,"Bronze Scales":6,"Pandora\u0027s Box":10,"Philosopher\u0027s Stone":19,"Bag of Marbles":6,"Kunai":25,"Ring of the Snake":0},{"Singing Bowl":92,"Gremlin Horn":107,"Blue Candle":50,"Bag of Preparation":65,"Orichalcum":46,"Bottled Tornado":50,"Boot":121,"Mummified Hand":27,"Shuriken":43,"Bronze Scales":23,"Pandora\u0027s Box":40,"Philosopher\u0027s Stone":73,"Bag of Marbles":23,"Kunai":95,"Ring of the Snake":0}],"Ring of the Snake":[62]},"card_choices":[{"not_picked":["PiercingWail","Sucker Punch"],"picked":"Riddle With Holes","floor":1.0},{"not_picked":["Catalyst","Deflect"],"picked":"Well Laid Plans","floor":2.0},{"not_picked":["Flying Knee","Sucker Punch"],"picked":"Dagger Throw","floor":3.0},{"not_picked":["Skewer","Cloak And Dagger"],"picked":"Acrobatics","floor":4.0},{"not_picked":["Sucker Punch","Poisoned Stab"],"picked":"Dagger Spray","floor":5.0},{"not_picked":["Catalyst","Riddle With Holes"],"picked":"Slice","floor":8.0},{"not_picked":["Acrobatics","PiercingWail"],"picked":"Unload","floor":10.0},{"not_picked":["Acrobatics","Bouncing Flask"],"picked":"Leg Sweep","floor":11.0},{"not_picked":["Cloak And Dagger","Deflect","Sucker Punch"],"picked":"SKIP","floor":14.0},{"not_picked":["Storm of Steel","Night Terror"],"picked":"After Image","floor":16.0},{"not_picked":["Blade Dance+1","Dash"],"picked":"Leg Sweep","floor":18.0},{"not_picked":["Outmaneuver","Dagger Spray+1","Catalyst"],"picked":"SKIP","floor":19.0},{"not_picked":["Flying Knee","Distraction"],"picked":"Sucker Punch+1","floor":23.0},{"not_picked":["Underhanded Strike","Grand Finale"],"picked":"Well Laid Plans","floor":25.0},{"not_picked":["Predator","Dagger Throw","Acrobatics"],"picked":"SKIP","floor":28.0},{"not_picked":["Backflip","Dodge and Roll+1"],"picked":"Escape Plan","floor":29.0},{"not_picked":["Deadly Poison","Finisher","Bane"],"picked":"SKIP","floor":30.0},{"not_picked":["Masterful Stab","Crippling Poison"],"picked":"PiercingWail","floor":31.0},{"not_picked":["Venomology","Tools of the Trade"],"picked":"Wraith Form v2","floor":33.0},{"not_picked":["Acrobatics+1","Backflip+1"],"picked":"Blade Dance","floor":35.0},{"not_picked":["Dodge and Roll","Quick Slash"],"picked":"Deadly Poison","floor":36.0},{"not_picked":["Terror+1","Crippling Poison+1"],"picked":"Escape Plan","floor":38.0},{"not_picked":["Outmaneuver","Quick Slash+1"],"picked":"Blade Dance+1","floor":39.0},{"not_picked":["Acrobatics+1","Corpse Explosion","Dodge and Roll"],"picked":"Singing Bowl","floor":40.0},{"not_picked":["Backflip+1","Slice","Deadly Poison+1"],"picked":"Singing Bowl","floor":42.0},{"not_picked":["Cloak And Dagger","Expertise"],"picked":"PiercingWail","floor":46.0},{"not_picked":["Footwork+1","Choke+1"],"picked":"Deflect","floor":47.0},{"not_picked":["Acrobatics","Prepared+1"],"picked":"Escape Plan+1","floor":48.0},{"not_picked":["Noxious Fumes","Sucker Punch+1"],"picked":"Underhanded Strike","floor":54.0}],"player_experience":360961,"relics_obtained":[{"floor":8.0,"key":"Bronze Scales"},{"floor":9.0,"key":"Bag of Marbles"},{"floor":23.0,"key":"Orichalcum"},{"floor":25.0,"key":"Blue Candle"},{"floor":26.0,"key":"Bottled Tornado"},{"floor":31.0,"key":"Bag of Preparation"},{"floor":40.0,"key":"Singing Bowl"},{"floor":42.0,"key":"Kunai"},{"floor":48.0,"key":"Gremlin Horn"},{"floor":54.0,"key":"Boot"}],"event_choices":[{"damage_healed":0.0,"max_hp_gain":0.0,"max_hp_loss":0.0,"gold_gain":0.0,"event_name":"Lab","player_choice":"Got Potions","floor":7.0,"gold_loss":0.0,"damage_taken":0.0},{"damage_healed":0.0,"max_hp_gain":0.0,"max_hp_loss":0.0,"gold_gain":0.0,"event_name":"Scrap Ooze","player_choice":"Success","floor":12.0,"gold_loss":0.0,"damage_taken":3.0,"relics_obtained":["Mummified Hand"]},{"damage_healed":0.0,"max_hp_gain":0.0,"max_hp_loss":0.0,"gold_gain":0.0,"cards_transformed":["Choke","Flechettes"],"event_name":"Drug Dealer","player_choice":"Became Test Subject","floor":20.0,"gold_loss":0.0,"damage_taken":0.0,"cards_obtained":["Quick Slash","Escape Plan"]},{"cards_removed":["Quick Slash"],"damage_healed":0.0,"max_hp_gain":0.0,"max_hp_loss":0.0,"gold_gain":0.0,"event_name":"Back to Basics","player_choice":"Elegance","floor":21.0,"gold_loss":0.0,"damage_taken":0.0},{"damage_healed":0.0,"max_hp_gain":0.0,"max_hp_loss":0.0,"gold_gain":100.0,"event_name":"Golden Shrine","player_choice":"Pray","floor":24.0,"gold_loss":0.0,"damage_taken":0.0}],"is_beta":false,"boss_relics":[{"not_picked":["Ectoplasm","Busted Crown"],"picked":"Pandora\u0027s Box"},{"not_picked":["Coffee Dripper","Tiny House"],"picked":"Philosopher\u0027s Stone"}],"items_purged_floors":[22,37,45],"is_endless":false,"potions_floor_spawned":[3,4,5,11,14,18,23,28,30,35,38,40,42,47,54],"ascension_level":6}}