{"host":"7r6bd5ce6zscnmwq","time":1613540410,"event":{"mods":["BaseMod","Block Reminder","Colored Map","Colored Powertips","Curses Come First","Downfall","Minty Spire (QoL Compilation)","Quick Restart","Reliquary","Shop Mod","Spicy Shops","StSLib"],"gold_per_floor":[0,13,25,40,40,40,120,120,120,151,151,166,193,204,218,317,317,317,329,329,329,348,366,392,410,410,421,221,255,255,255,273,273,273,273],"floor_reached":33,"language":"ENG","playtime":2029,"items_purged":[],"score":307,"play_id":"266ce18d-313c-44c1-94f8-61c56393501f","local_time":"20210217144010","is_ascension_mode":true,"campfire_choices":[{"data":"bronze:Replicate","floor":1.0,"key":"SMITH"},{"data":"bronze:BronzeArmor","floor":6.0,"key":"SMITH"},{"data":"bronze:BugBarrage","floor":8.0,"key":"SMITH"},{"data":"bronze:BurnOut","floor":18.0,"key":"SMITH"},{"floor":28,"key":"REST"},{"floor":30,"key":"REST"}],"circlet_count":0,"master_deck":["bronze:Strike","bronze:Strike","bronze:Strike","bronze:Defend","bronze:Defend","bronze:Defend","bronze:Replicate+1","bronze:Goto","bronze:BurnOut+1","bronze:Turbo","bronze:BugBarrage+1","bronze:BronzeArmor+1","bronze:ItsAFeature","bronze:BurnOut","bronze:Constructor","bronze:BuggyMess","bronze:Turbo","bronze:SpaghettiCode","bronze:BuggyMess+1","bronze:OilSpill+1","bronze:Repair"],"relics":["bronze:BronzeCore","Pantograph","Lizard Tail","Bag of Preparation","Black Star","Gremlin Horn","downfall:HeartBlessingGreen","downfall:HeartBlessingBlue","Omamori","Bottled Lightning"],"acts_visited":["Exordium","TheCity"],"potions_floor_usage":[29,29,33],"damage_taken":[{"damage":2.0,"enemies":"Jaw Worm","floor":2.0,"turns":3.0},{"damage":1.0,"enemies":"Small Slimes","floor":3.0,"turns":4.0},{"damage":0.0,"enemies":"2 Louse","floor":4.0,"turns":2.0},{"damage":18.0,"enemies":"Gremlin Nob","floor":10.0,"turns":3.0},{"damage":31.0,"enemies":"Lots of Slimes","floor":12.0,"turns":4.0},{"damage":10.0,"enemies":"Lagavulin","floor":13.0,"turns":5.0},{"damage":0.0,"enemies":"Large Slime","floor":14.0,"turns":4.0},{"damage":3.0,"enemies":"3 Louse","floor":15.0,"turns":2.0},{"damage":9.0,"enemies":"IC_STATUS_ARCHETYPE","floor":16.0,"turns":3.0},{"damage":39.0,"enemies":"Shell Parasite","floor":19.0,"turns":5.0},{"damage":8.0,"enemies":"3 Byrds","floor":22.0,"turns":5.0},{"damage":14.0,"enemies":"Cultist and Chosen","floor":23.0,"turns":4.0},{"damage":23.0,"enemies":"Centurion and Healer","floor":25.0,"turns":5.0},{"damage":3.0,"enemies":"Snecko","floor":27.0,"turns":3.0},{"damage":45,"enemies":"Book of Stabbing","floor":29,"turns":5},{"damage":17,"enemies":"Shelled Parasite and Fungi","floor":32,"turns":4},{"damage":63,"enemies":"DF_ARCHETYPE_CLAW","floor":33,"turns":5}],"seed_played":"3171583923497545472","potions_obtained":[{"floor":3.0,"key":"DuplicationPotion"},{"floor":10.0,"key":"EssenceOfSteel"},{"floor":14.0,"key":"Explosive Potion"},{"floor":15.0,"key":"bronze:FreeFunctionsPotion"},{"floor":16.0,"key":"SteroidPotion"},{"floor":19.0,"key":"PowerPotion"},{"floor":26.0,"key":"CultistPotion"},{"floor":27.0,"key":"Weak Potion"}],"is_trial":false,"path_per_floor":["R","M","M","M","?","R","T","R","?","E","?","M","E","M","M","B",null,"R","M","?","?","M","M","T","M","?","M","R","E","R","?","M","B"],"character_chosen":"THE_AUTOMATON","items_purchased":[],"campfire_rested":2,"item_purchase_floors":[],"current_hp_per_floor":[70,68,67,67,67,67,67,67,67,49,49,18,8,8,5,21,70,70,31,31,31,23,9,9,25,25,22,56,11,35,35,25,0,0,0],"gold":273,"neow_bonus":"THREE_RARE_CARDS","is_daily":false,"chose_seed":false,"campfire_upgraded":4,"win_rate":0.0,"timestamp":1613540410,"path_taken":["R","M","M","M","?","R","T","R","?","E","?","?","E","M","M","BOSS","R","M","?","?","M","M","T","M","?","M","R","E","R","?","M","BOSS"],"items_purchased_type":[],"build_version":"2020-12-22","purchased_purges":0,"victory":false,"max_hp_per_floor":[70,70,70,70,70,70,70,70,70,70,70,70,70,70,70,70,70,70,70,70,70,70,70,70,70,70,70,80,80,80,80,80,80,80,80],"card_choices":[{"not_picked":["bronze:FindAndReplace","bronze:Break"],"picked":"bronze:BurnOut","floor":0.0},{"not_picked":["bronze:Frontload","bronze:Terminator"],"picked":"bronze:Turbo","floor":2.0},{"not_picked":["bronze:OilSpill","bronze:GetLatest"],"picked":"bronze:BugBarrage","floor":3.0},{"not_picked":["bronze:Overheat","bronze:NullPointer"],"picked":"bronze:BronzeArmor","floor":4.0},{"not_picked":["bronze:FindAndReplace","bronze:Deprecate"],"picked":"bronze:ItsAFeature","floor":10.0},{"not_picked":["bronze:FineTuning","bronze:Backtrace","bronze:Turbo"],"picked":"SKIP","floor":12.0},{"not_picked":["bronze:ShipIt","bronze:BugBarrage"],"picked":"bronze:Constructor","floor":13.0},{"not_picked":["bronze:BronzeOrb","bronze:ClassDefault"],"picked":"bronze:BuggyMess","floor":14.0},{"not_picked":["bronze:Overload","bronze:Overheat"],"picked":"bronze:Turbo","floor":15.0},{"not_picked":["bronze:Format","bronze:Verify"],"picked":"bronze:SpaghettiCode","floor":16.0},{"not_picked":["bronze:Separator","bronze:BuggyMess+1","bronze:ForLoop+1"],"picked":"SKIP","floor":19.0},{"not_picked":["bronze:Separator","bronze:ForLoop+1"],"picked":"bronze:BuggyMess+1","floor":19.0},{"not_picked":["bronze:ItsAFeature","bronze:BitShift","bronze:Optimize"],"picked":"SKIP","floor":22.0},{"not_picked":["bronze:Repair+1","bronze:Overheat"],"picked":"bronze:OilSpill+1","floor":23.0},{"not_picked":["bronze:OilSpill","bronze:Safeguard","bronze:FineTuning"],"picked":"SKIP","floor":25.0},{"not_picked":["bronze:Assembly","bronze:Branch+1","bronze:DelayedSlice"],"picked":"SKIP","floor":27.0},{"not_picked":["bronze:Overheat+1","bronze:ChosenStrike"],"picked":"bronze:Repair","floor":29},{"not_picked":["bronze:Branch","bronze:DigitalCarnage","bronze:Safeguard+1"],"picked":"SKIP","floor":32}],"player_experience":697375,"relics_obtained":[{"floor":7.0,"key":"Pantograph"},{"floor":10.0,"key":"Lizard Tail"},{"floor":13.0,"key":"Bag of Preparation"},{"floor":29,"key":"Omamori"},{"floor":29,"key":"Bottled Lightning"}],"event_choices":[],"is_beta":false,"boss_relics":[{"not_picked":["reliquary:RedPaperclip","Snecko Eye"],"picked":"Black Star"}],"items_purged_floors":[],"is_endless":false,"potions_floor_spawned":[3,10,14,15,16,19,27],"killed_by":"DF_ARCHETYPE_CLAW","ascension_level":2}}