{"host":"i09pxcjttd31eh4q","time":1613538572,"event":{"mods":["AchievementEnabler","BaseMod","Colored Map","Keyboard Shortcuts","Minty Spire (QoL Compilation)","StSLib","SuperFastMode"],"gold_per_floor":[364,364,97,114,129,129,129,129,129,129,129,140,140,153,153,229,229,243,256,268,284,284,284,284,284,284,284,296,51,65,78,78,78,78],"floor_reached":33,"language":"KOR","playtime":872,"items_purged":["Strike_G","Strike_G"],"score":478,"play_id":"bbed1988-23f8-4386-83af-6b8776d834cd","local_time":"20210217140932","is_ascension_mode":true,"campfire_choices":[{"data":"Noxious Fumes","floor":6.0,"key":"SMITH"},{"data":"Tactician","floor":8.0,"key":"SMITH"},{"data":"Neutralize","floor":11.0,"key":"SMITH"},{"data":"Prepared","floor":15.0,"key":"SMITH"},{"data":"Reflex","floor":23.0,"key":"SMITH"},{"data":"Deflect","floor":25.0,"key":"SMITH"},{"data":"Bouncing Flask","floor":27.0,"key":"SMITH"},{"data":"Prepared","floor":32.0,"key":"SMITH"}],"circlet_count":0,"master_deck":["AscendersBane","Strike_G","Defend_G+1","Defend_G+1","Defend_G","Defend_G","Defend_G","Survivor","Neutralize+1","Noxious Fumes+1","Flash of Steel","Tactician+1","Prepared+1","Backflip","Grand Finale","Reflex+1","Bouncing Flask+1","Deflect+1","Dagger Throw","Prepared+1","Backflip"],"relics":["Ring of the Snake","Meat on the Bone","Pear","Coffee Dripper","Bag of Marbles","Membership Card"],"acts_visited":["Exordium","TheCity"],"potions_floor_usage":[33],"damage_taken":[{"damage":4.0,"enemies":"Cultist","floor":1.0,"turns":4.0},{"damage":4.0,"enemies":"Jaw Worm","floor":4.0,"turns":5.0},{"damage":4.0,"enemies":"Small Slimes","floor":5.0,"turns":5.0},{"damage":4.0,"enemies":"2 Fungi Beasts","floor":12.0,"turns":4.0},{"damage":20.0,"enemies":"Lots of Slimes","floor":14.0,"turns":5.0},{"damage":13.0,"enemies":"The Guardian","floor":16.0,"turns":13.0},{"damage":22.0,"enemies":"Spheric Guardian","floor":18.0,"turns":7.0},{"damage":0.0,"enemies":"Shell Parasite","floor":19.0,"turns":8.0},{"damage":41.0,"enemies":"Snecko","floor":20.0,"turns":10.0},{"damage":8.0,"enemies":"Centurion and Healer","floor":21.0,"turns":5.0},{"damage":14.0,"enemies":"Chosen and Byrds","floor":28.0,"turns":7.0},{"damage":3.0,"enemies":"Snecko","floor":30.0,"turns":4.0},{"damage":6.0,"enemies":"Shelled Parasite and Fungi","floor":31.0,"turns":4.0},{"damage":16,"enemies":"Collector","floor":33,"turns":5}],"seed_played":"-7186612707877698985","potions_obtained":[{"floor":12.0,"key":"EntropicBrew"},{"floor":13.0,"key":"Strength Potion"},{"floor":16.0,"key":"DuplicationPotion"},{"floor":18.0,"key":"Strength Potion"},{"floor":20.0,"key":"Strength Potion"},{"floor":28.0,"key":"Dexterity Potion"},{"floor":31.0,"key":"Poison Potion"}],"is_trial":false,"path_per_floor":["M","?","$","M","M","R","?","R","T","?","R","M","?","M","R","B",null,"M","M","M","M","?","R","T","R","T","R","M","$","M","M","R","B"],"character_chosen":"THE_SILENT","items_purchased":["Flash of Steel","Tactician","Membership Card","Prepared"],"campfire_rested":0,"item_purchase_floors":[3,3,29,29],"current_hp_per_floor":[40,45,45,41,37,37,37,37,47,23,23,31,31,23,23,22,66,44,44,15,19,19,19,19,19,19,19,17,17,26,32,32,16,16],"gold":78,"neow_bonus":"TWO_FIFTY_GOLD","is_daily":false,"chose_seed":false,"campfire_upgraded":8,"win_rate":0.0,"timestamp":1613538572,"path_taken":["M","?","$","M","M","R","?","R","T","?","R","M","?","M","R","BOSS","M","M","?","M","?","R","?","R","T","R","M","$","M","M","R","BOSS"],"items_purchased_type":["Card","Card","Relic","Card"],"build_version":"2020-12-22","purchased_purges":2,"victory":false,"max_hp_per_floor":[66,71,71,71,71,71,71,71,81,81,81,81,81,81,81,81,81,81,81,81,81,81,81,81,81,81,81,81,81,81,81,81,81,81],"card_choices":[{"not_picked":["Bane","Acrobatics"],"picked":"Noxious Fumes","floor":1.0},{"not_picked":["Skewer","Deflect","Underhanded Strike"],"picked":"SKIP","floor":4.0},{"not_picked":["PiercingWail","Underhanded Strike","Deadly Poison"],"picked":"SKIP","floor":5.0},{"not_picked":["Bane","Burst"],"picked":"Prepared","floor":12.0},{"not_picked":["Expertise","Tactician"],"picked":"Backflip","floor":14.0},{"not_picked":["Corpse Explosion","Malaise"],"picked":"Grand Finale","floor":16.0},{"not_picked":["Backflip","Prepared"],"picked":"Reflex","floor":18.0},{"not_picked":["Masterful Stab","Infinite Blades","All Out Attack"],"picked":"SKIP","floor":19.0},{"not_picked":["Blade Dance","Sucker Punch","Dash"],"picked":"SKIP","floor":20.0},{"not_picked":["Dodge and Roll","PiercingWail","Storm of Steel"],"picked":"SKIP","floor":21.0},{"not_picked":["Heel Hook","Setup+1"],"picked":"Dagger Throw","floor":28.0},{"not_picked":["Dagger Spray","Blade Dance"],"picked":"Backflip","floor":30.0},{"not_picked":["Heel Hook","Outmaneuver","Masterful Stab"],"picked":"SKIP","floor":31.0}],"player_experience":916745,"relics_obtained":[{"floor":9.0,"key":"Pear"},{"floor":26.0,"key":"Bag of Marbles"}],"event_choices":[{"damage_healed":0.0,"max_hp_gain":5.0,"max_hp_loss":0.0,"gold_gain":0.0,"event_name":"Big Fish","player_choice":"Donut","floor":2.0,"gold_loss":0.0,"damage_taken":0.0},{"damage_healed":0.0,"max_hp_gain":0.0,"max_hp_loss":0.0,"gold_gain":0.0,"event_name":"Dead Adventurer","player_choice":"Searched \u00271\u0027 times","floor":7.0,"gold_loss":0.0,"damage_taken":0.0,"relics_obtained":["Meat on the Bone"]},{"damage_healed":0.0,"max_hp_gain":0.0,"max_hp_loss":0.0,"gold_gain":0.0,"event_name":"Shining Light","player_choice":"Entered Light","floor":10.0,"gold_loss":0.0,"damage_taken":24.0,"cards_upgraded":["Defend_G","Defend_G"]},{"damage_healed":0.0,"max_hp_gain":0.0,"max_hp_loss":0.0,"gold_gain":0.0,"event_name":"Lab","player_choice":"Got Potions","floor":13.0,"gold_loss":0.0,"damage_taken":0.0},{"damage_healed":0.0,"max_hp_gain":0.0,"max_hp_loss":0.0,"gold_gain":0.0,"cards_transformed":["Strike_G","Strike_G"],"event_name":"Drug Dealer","player_choice":"Became Test Subject","floor":22.0,"gold_loss":0.0,"damage_taken":0.0,"cards_obtained":["Bouncing Flask","Deflect"]}],"is_beta":false,"boss_relics":[{"not_picked":["Tiny House","WristBlade"],"picked":"Coffee Dripper"}],"items_purged_floors":[3,29],"is_endless":false,"potions_floor_spawned":[12,14,16,18,20,28,31],"killed_by":"Collector","ascension_level":20}}