{"host":"0qulokkk26x4i6bu","time":1613526650,"event":{"mods":["BaseMod","Bestiary","Block Reminder","DeckTracker","Minty Spire (QoL Compilation)","Relic Stats"],"gold_per_floor":[109,123,123,1,14,14,14,33,82,117,117,17,34,67,67,171,171,182,182,282,292,308,308,340,340,412,412,114,129,129,116,116,214,214,234,234,249,259,272,300,315,88,88,107,127,127,179,193,193,193,193,193,27,55,55,55],"floor_reached":55,"language":"ENG","playtime":3758,"items_purged":["Strike_P","Strike_P"],"score":754,"play_id":"62868616-2529-4fba-a59e-575aa163854e","local_time":"20210216175050","is_ascension_mode":false,"campfire_choices":[{"data":"Eruption","floor":7.0,"key":"SMITH"},{"data":"Tantrum","floor":15.0,"key":"SMITH"},{"data":"LikeWater","floor":23.0,"key":"SMITH"},{"data":"Consecrate","floor":25.0,"key":"SMITH"},{"data":"CrushJoints","floor":30.0,"key":"SMITH"},{"data":"JustLucky","floor":32.0,"key":"SMITH"},{"floor":49,"key":"RECALL"},{"data":"Apotheosis","floor":52,"key":"SMITH"}],"circlet_count":0,"master_deck":["Strike_P+1","Strike_P+1","Defend_P+1","Defend_P+1","Defend_P+1","Eruption+1","Vigilance+1","Protect+1","Consecrate+1","Tantrum+1","EmptyFist","ClearTheMind","LikeWater+1","Adaptation+1","Prostrate+1","CutThroughFate","Brilliance","CrushJoints+1","Weave+1","JustLucky+1","FearNoEvil","SashWhip","Protect+1","Blasphemy","WindmillStrike+1","TalkToTheHand","Apotheosis+1","Wallop","Tantrum","CutThroughFate","Devotion","Indignation+1","Pray","Prostrate+1"],"relics":["PureWater","NeowsBlessing","PreservedInsect","War Paint","Ancient Tea Set","SlaversCollar","Shuriken","InkBottle","Membership Card","Eternal Feather","Coffee Dripper","Juzu Bracelet","Lee\u0027s Waffle","StoneCalendar","Bottled Flame","Boot"],"acts_visited":["Exordium","TheCity","TheBeyond","TheEnding"],"potions_floor_usage":[48,50,55],"damage_taken":[{"damage":0.0,"enemies":"2 Louse","floor":1.0,"turns":1.0},{"damage":0.0,"enemies":"Cultist","floor":2.0,"turns":1.0},{"damage":0.0,"enemies":"Small Slimes","floor":5.0,"turns":1.0},{"damage":6.0,"enemies":"Blue Slaver","floor":8.0,"turns":4.0},{"damage":17.0,"enemies":"3 Sentries","floor":10.0,"turns":8.0},{"damage":0.0,"enemies":"Exordium Thugs","floor":13.0,"turns":3.0},{"damage":6.0,"enemies":"Lagavulin","floor":14.0,"turns":3.0},{"damage":12.0,"enemies":"The Guardian","floor":16.0,"turns":13.0},{"damage":11.0,"enemies":"3 Byrds","floor":18.0,"turns":7.0},{"damage":0.0,"enemies":"Spheric Guardian","floor":21.0,"turns":2.0},{"damage":18.0,"enemies":"3 Cultists","floor":22.0,"turns":6.0},{"damage":0.0,"enemies":"Gremlin Leader","floor":24.0,"turns":4.0},{"damage":2.0,"enemies":"Centurion and Healer","floor":29.0,"turns":4.0},{"damage":27.0,"enemies":"Champ","floor":33.0,"turns":8.0},{"damage":3.0,"enemies":"3 Shapes","floor":35.0,"turns":3.0},{"damage":0.0,"enemies":"Orb Walker","floor":37.0,"turns":3.0},{"damage":12.0,"enemies":"4 Shapes","floor":38.0,"turns":3.0},{"damage":3.0,"enemies":"Transient","floor":39.0,"turns":5.0},{"damage":35.0,"enemies":"Reptomancer","floor":40.0,"turns":9.0},{"damage":21.0,"enemies":"Jaw Worm Horde","floor":41.0,"turns":5.0},{"damage":14.0,"enemies":"Spire Growth","floor":44.0,"turns":3.0},{"damage":0.0,"enemies":"Transient","floor":45.0,"turns":5.0},{"damage":0,"enemies":"2 Orb Walkers","floor":47,"turns":2},{"damage":15,"enemies":"Maw","floor":48,"turns":5},{"damage":22,"enemies":"Time Eater","floor":50,"turns":6},{"damage":66,"enemies":"Shield and Spear","floor":54,"turns":4},{"damage":65,"enemies":"The Heart","floor":55,"turns":2}],"seed_played":"-8255213328453319142","potions_obtained":[{"floor":1.0,"key":"Weak Potion"},{"floor":2.0,"key":"Weak Potion"},{"floor":10.0,"key":"Dexterity Potion"},{"floor":14.0,"key":"Block Potion"},{"floor":24.0,"key":"GamblersBrew"},{"floor":33.0,"key":"Weak Potion"},{"floor":35.0,"key":"BottledMiracle"},{"floor":54,"key":"Energy Potion"}],"is_trial":false,"path_per_floor":["M","M","?","$","M","$","R","M","T","E","?","$","M","E","R","B",null,"M","?","?","M","M","R","E","R","T","?","$","M","R","$","R","B",null,"M","?","M","M","M","E","M","$","T","M","M","?","?","M","R","B",null,"R","$","E","B"],"character_chosen":"WATCHER","items_purchased":["Consecrate","Membership Card","Eternal Feather","CrushJoints","JustLucky","Apotheosis","Lee\u0027s Waffle","Wallop","Tantrum","Pray","Bottled Flame"],"campfire_rested":0,"item_purchase_floors":[4,28,28,28,31,42,42,42,42,53,53],"current_hp_per_floor":[72,72,72,72,72,72,72,66,66,49,49,49,49,43,43,31,72,61,61,61,61,43,43,43,43,43,30,30,28,40,40,52,25,77,74,87,87,75,72,37,16,94,94,80,80,80,80,65,83,61,94,94,94,28,0,0],"gold":55,"neow_bonus":"THREE_ENEMY_KILL","is_daily":false,"chose_seed":false,"campfire_upgraded":7,"win_rate":0.0,"timestamp":1613526650,"path_taken":["M","M","?","$","M","?","R","?","T","E","?","$","?","E","R","BOSS","M","?","?","M","?","R","E","R","T","?","$","M","R","$","R","BOSS","M","?","M","M","?","E","M","$","T","M","M","?","?","M","R","BOSS","R","$","E","BOSS"],"items_purchased_type":["Card","Relic","Relic","Card","Card","Card","Relic","Card","Card","Card","Relic"],"build_version":"2020-12-22","purchased_purges":2,"victory":false,"max_hp_per_floor":[72,72,72,72,72,72,72,72,72,72,72,72,72,72,72,72,72,72,72,72,72,72,72,72,72,72,77,77,77,77,77,77,77,77,77,87,87,87,87,87,87,94,94,94,94,94,94,94,94,94,94,94,94,94,94,94],"relic_stats":{"Lee\u0027s Waffle":78,"counters":[27,120],"Shuriken":[48],"Eternal Feather":42,"StoneCalendar":[0],"PreservedInsect":230,"Juzu Bracelet":1,"War Paint":["Protect","Vigilance"],"Boot":[1],"obtain_stats":[{"Lee\u0027s Waffle":42,"NeowsBlessing":0,"Eternal Feather":28,"StoneCalendar":47,"PreservedInsect":9,"Juzu Bracelet":40,"War Paint":10,"Ancient Tea Set":14,"Boot":54,"SlaversCollar":17,"Bottled Flame":53,"Shuriken":24,"Coffee Dripper":34,"Membership Card":28,"PureWater":0,"InkBottle":26},{"Lee\u0027s Waffle":20,"NeowsBlessing":0,"Eternal Feather":12,"StoneCalendar":23,"PreservedInsect":4,"Juzu Bracelet":19,"War Paint":5,"Ancient Tea Set":7,"Boot":26,"SlaversCollar":8,"Bottled Flame":25,"Shuriken":12,"Coffee Dripper":14,"Membership Card":12,"PureWater":0,"InkBottle":12},{"Lee\u0027s Waffle":93,"NeowsBlessing":0,"Eternal Feather":53,"StoneCalendar":103,"PreservedInsect":7,"Juzu Bracelet":88,"War Paint":15,"Ancient Tea Set":21,"Boot":118,"SlaversCollar":34,"Bottled Flame":114,"Shuriken":53,"Coffee Dripper":65,"Membership Card":53,"PureWater":0,"InkBottle":53}],"InkBottle":[31]},"card_choices":[{"not_picked":["CutThroughFate","Evaluate"],"picked":"Protect","floor":1.0},{"not_picked":["Weave","Evaluate","Worship"],"picked":"SKIP","floor":2.0},{"not_picked":["Crescendo","LikeWater","Pray"],"picked":"SKIP","floor":5.0},{"not_picked":["Fasting2","Swivel"],"picked":"Tantrum","floor":8.0},{"not_picked":["SashWhip","DeceiveReality"],"picked":"EmptyFist","floor":10.0},{"not_picked":["Tantrum","WreathOfFlame"],"picked":"ClearTheMind","floor":13.0},{"not_picked":["Consecrate","Collect"],"picked":"LikeWater","floor":14.0},{"not_picked":["Perseverance","ThirdEye"],"picked":"Adaptation+1","floor":18.0},{"not_picked":["JustLucky","Weave+1"],"picked":"Prostrate+1","floor":21.0},{"not_picked":["Swivel","Halt"],"picked":"CutThroughFate","floor":22.0},{"not_picked":["Protect","MasterReality"],"picked":"Brilliance","floor":24.0},{"not_picked":["FlyingSleeves","Protect"],"picked":"Weave+1","floor":29.0},{"not_picked":["Vault","Blasphemy"],"picked":"Establishment","floor":33.0},{"not_picked":["WheelKick","ThirdEye+1"],"picked":"FearNoEvil","floor":35.0},{"not_picked":["FearNoEvil","FlyingSleeves"],"picked":"SashWhip","floor":37.0},{"not_picked":["Evaluate","Consecrate+1"],"picked":"Protect+1","floor":38.0},{"not_picked":["SignatureMove+1","SashWhip"],"picked":"Blasphemy","floor":39.0},{"not_picked":["Consecrate+1","Ragnarok"],"picked":"WindmillStrike+1","floor":40.0},{"not_picked":["Consecrate+1","Halt+1"],"picked":"TalkToTheHand","floor":41.0},{"not_picked":["Adaptation","Evaluate","FollowUp"],"picked":"SKIP","floor":44.0},{"not_picked":["EmptyFist","BowlingBash+1"],"picked":"CutThroughFate","floor":45.0},{"not_picked":["PathToVictory","FollowUp+1"],"picked":"Devotion","floor":47},{"not_picked":["BowlingBash+1","Consecrate+1"],"picked":"Indignation+1","floor":48},{"not_picked":["Swivel","Adaptation+1"],"picked":"Prostrate+1","floor":54}],"player_experience":52048,"relics_obtained":[{"floor":9.0,"key":"PreservedInsect"},{"floor":10.0,"key":"War Paint"},{"floor":14.0,"key":"Ancient Tea Set"},{"floor":24.0,"key":"Shuriken"},{"floor":26.0,"key":"InkBottle"},{"floor":40.0,"key":"Juzu Bracelet"},{"floor":47,"key":"StoneCalendar"},{"floor":54,"key":"Boot"}],"event_choices":[{"cards_removed":["Iron Wave"],"damage_healed":0.0,"max_hp_gain":0.0,"max_hp_loss":0.0,"gold_gain":0.0,"event_name":"NoteForYourself","player_choice":"Took Card","floor":3.0,"gold_loss":0.0,"damage_taken":0.0,"cards_obtained":["Iron Wave"]},{"damage_healed":0.0,"max_hp_gain":0.0,"max_hp_loss":0.0,"gold_gain":0.0,"event_name":"The Woman in Blue","player_choice":"Bought 0 Potions","floor":11.0,"gold_loss":0.0,"damage_taken":0.0},{"damage_healed":0.0,"max_hp_gain":0.0,"max_hp_loss":0.0,"gold_gain":0.0,"event_name":"Back to Basics","player_choice":"Simplicity","floor":19.0,"gold_loss":0.0,"damage_taken":0.0,"cards_upgraded":["Strike_P","Strike_P","Defend_P","Defend_P","Defend_P","Defend_P"]},{"damage_healed":0.0,"max_hp_gain":0.0,"max_hp_loss":0.0,"gold_gain":100.0,"event_name":"Golden Shrine","player_choice":"Pray","floor":20.0,"gold_loss":0.0,"damage_taken":0.0},{"damage_healed":0.0,"max_hp_gain":5.0,"max_hp_loss":0.0,"gold_gain":0.0,"event_name":"Forgotten Altar","player_choice":"Shed Blood","floor":27.0,"gold_loss":0.0,"damage_taken":18.0},{"cards_removed":["Establishment"],"damage_healed":3.0,"max_hp_gain":10.0,"max_hp_loss":0.0,"gold_gain":0.0,"event_name":"Bonfire Elementals","player_choice":"Offered Rare","floor":36.0,"gold_loss":0.0,"damage_taken":0.0},{"cards_removed":["Defend_P"],"damage_healed":0.0,"max_hp_gain":0.0,"max_hp_loss":0.0,"gold_gain":0.0,"event_name":"Purifier","player_choice":"Purged","floor":46.0,"gold_loss":0.0,"damage_taken":0.0},{"damage_healed":0,"gold_gain":0,"player_choice":"Fight","damage_taken":0,"max_hp_gain":0,"max_hp_loss":0,"event_name":"Mysterious Sphere","floor":47,"gold_loss":0}],"is_beta":false,"boss_relics":[{"not_picked":["SacredBark","Cursed Key"],"picked":"SlaversCollar"},{"not_picked":["Velvet Choker","Calling Bell"],"picked":"Coffee Dripper"}],"items_purged_floors":[4,12],"is_endless":false,"potions_floor_spawned":[1,2,10,14,24,33,35,38,39,44,45,54],"killed_by":"The Heart","ascension_level":0}}