{"host":"81vb4cbob60wa1na","time":1613578433,"event":{"mods":["AchievementEnabler","BaseMod","Bestiary","Colored Map","Colored Powertips","Downfall","Highlight Path","Minty Spire (QoL Compilation)","Quick Restart","Rare Cards Sparkle","StSLib"],"gold_per_floor":[114,129,129,148,148,148,166,181,181,192,9,9,20,45,45,148,148,159,16,31,31,31,31,62,82,82,7,7,7,22,22,22,22,22],"floor_reached":33,"language":"ENG","playtime":1953,"items_purged":[],"score":336,"play_id":"c63d5579-1e77-4032-a308-4741b9ee59dc","local_time":"20210217111353","is_ascension_mode":true,"campfire_choices":[{"data":"Sweeping Beam","floor":6,"key":"SMITH"},{"data":"Double Energy","floor":12,"key":"SMITH"},{"data":"Zap","floor":15,"key":"SMITH"},{"data":"Loop","floor":23,"key":"SMITH"},{"floor":32,"key":"REST"}],"circlet_count":0,"master_deck":["Strike_B","Strike_B+1","Strike_B+1","Defend_B+1","Defend_B","Defend_B","Defend_B+1","Zap+1","Dualcast","Sweeping Beam+1","Double Energy+1","Self Repair","Electrodynamics","Loop+1","Hologram","Defragment","Barrage","Ball Lightning","Self Repair+1","Chill","Core Surge"],"relics":["Cracked Core","Akabeko","Centennial Puzzle","Bag of Preparation","Runic Capacitor","Bottled Flame","Inserter","War Paint","Mercury Hourglass","Whetstone","Frozen Egg 2"],"acts_visited":["Exordium","TheCity"],"potions_floor_usage":[14,14,14,18,30],"damage_taken":[{"damage":2,"enemies":"Jaw Worm","floor":1,"turns":3},{"damage":0,"enemies":"2 Louse","floor":2,"turns":1},{"damage":0,"enemies":"Cultist","floor":4,"turns":2},{"damage":1,"enemies":"Exordium Wildlife","floor":7,"turns":2},{"damage":2,"enemies":"Blue Slaver","floor":8,"turns":3},{"damage":3,"enemies":"Large Slime","floor":10,"turns":4},{"damage":0,"enemies":"3 Louse","floor":13,"turns":3},{"damage":0,"enemies":"Gremlin Nob","floor":14,"turns":2},{"damage":33,"enemies":"Hexaghost","floor":16,"turns":11},{"damage":2,"enemies":"3 Byrds","floor":18,"turns":2},{"damage":8,"enemies":"Spheric Guardian","floor":20,"turns":4},{"damage":64,"enemies":"Book of Stabbing","floor":24,"turns":6},{"damage":4,"enemies":"Cultist and Chosen","floor":25,"turns":4},{"damage":7,"enemies":"Snecko","floor":30,"turns":4},{"damage":62,"enemies":"Champ","floor":33,"turns":9}],"seed_played":"3255496225548066553","potions_obtained":[{"floor":4,"key":"BlessingOfTheForge"},{"floor":7,"key":"SteroidPotion"},{"floor":13,"key":"SkillPotion"},{"floor":16,"key":"Strength Potion"},{"floor":25,"key":"BlessingOfTheForge"}],"is_trial":false,"path_per_floor":["M","M","?","M","?","R","M","M","T","M","$","R","M","E","R","B",null,"M","$","M","T","?","R","E","M","T","$","?","?","M","?","R","B"],"character_chosen":"DEFECT","items_purchased":["Runic Capacitor","Double Energy","War Paint","Self Repair+1"],"campfire_rested":1,"item_purchase_floors":[11,11,19,27],"current_hp_per_floor":[73,73,66,66,66,66,65,63,63,60,60,60,60,67,67,41,75,75,75,67,67,67,67,10,13,13,13,38,38,48,34,58,0,0],"gold":22,"neow_bonus":"RANDOM_COMMON_RELIC","is_daily":false,"chose_seed":false,"campfire_upgraded":4,"win_rate":0.0,"timestamp":1613578433,"path_taken":["M","M","?","M","?","R","M","M","T","M","$","R","M","E","R","BOSS","M","$","M","?","?","R","E","M","T","?","?","?","?","?","R","BOSS"],"items_purchased_type":["Relic","Card","Relic","Card"],"build_version":"2020-12-22","purchased_purges":0,"victory":false,"max_hp_per_floor":[75,75,75,75,75,75,75,75,75,75,75,75,75,75,75,75,75,75,75,75,75,75,75,75,75,75,75,75,75,75,80,80,80,80],"card_choices":[{"not_picked":["Go for the Eyes","Streamline"],"picked":"Sweeping Beam","floor":1},{"not_picked":["Stack","Rebound"],"picked":"Ball Lightning","floor":2},{"not_picked":["Cold Snap","Rebound"],"picked":"Glacier","floor":4},{"not_picked":["Double Energy","Leap"],"picked":"Cold Snap","floor":7},{"not_picked":["Barrage","Leap","Rebound"],"picked":"SKIP","floor":8},{"not_picked":["Gash","All For One"],"picked":"Compile Driver","floor":10},{"not_picked":["Stack","Reinforced Body"],"picked":"Self Repair","floor":13},{"not_picked":["Melter","FTL","Redo"],"picked":"SKIP","floor":14},{"not_picked":["Hyperbeam","Amplify"],"picked":"Electrodynamics","floor":16},{"not_picked":["Sunder","Chill+1","Go for the Eyes+1"],"picked":"SKIP","floor":18},{"not_picked":["Redo","Beam Cell"],"picked":"Loop","floor":20},{"not_picked":["Steam","Go for the Eyes"],"picked":"Barrage","floor":24},{"not_picked":["Streamline","Go for the Eyes"],"picked":"Ball Lightning","floor":25},{"not_picked":["Stack+1","Blizzard"],"picked":"Core Surge","floor":30}],"player_experience":237593,"relics_obtained":[{"floor":9,"key":"Bag of Preparation"},{"floor":14,"key":"Bottled Flame"},{"floor":21,"key":"Mercury Hourglass"},{"floor":24,"key":"Whetstone"},{"floor":26,"key":"Frozen Egg 2"}],"event_choices":[{"cards_removed":["Strike_B"],"damage_healed":0,"gold_gain":0,"player_choice":"Card Removal","damage_taken":7,"max_hp_gain":0,"max_hp_loss":0,"event_name":"Golden Wing","floor":3,"gold_loss":0},{"cards_removed":["Ball Lightning"],"damage_healed":0,"gold_gain":0,"player_choice":"Gave Card","damage_taken":0,"relics_obtained":["Centennial Puzzle"],"max_hp_gain":0,"max_hp_loss":0,"event_name":"WeMeetAgain","floor":5,"gold_loss":0},{"damage_healed":0,"gold_gain":0,"cards_transformed":["Cold Snap","Glacier"],"player_choice":"Became Test Subject","damage_taken":0,"max_hp_gain":0,"max_hp_loss":0,"event_name":"Drug Dealer","floor":22,"gold_loss":0,"cards_obtained":["Hologram","Defragment"]},{"damage_healed":25,"gold_gain":0,"player_choice":"Heal","damage_taken":0,"max_hp_gain":0,"max_hp_loss":0,"event_name":"The Library","floor":28,"gold_loss":0},{"damage_healed":0,"gold_gain":0,"cards_transformed":["Compile Driver"],"player_choice":"Transformed","damage_taken":0,"max_hp_gain":0,"max_hp_loss":0,"event_name":"Transmorgrifier","floor":29,"gold_loss":0,"cards_obtained":["Chill"]},{"damage_healed":0,"gold_gain":0,"player_choice":"Shed Blood","damage_taken":19,"max_hp_gain":5,"max_hp_loss":0,"event_name":"Forgotten Altar","floor":31,"gold_loss":0}],"is_beta":false,"boss_relics":[{"not_picked":["Runic Pyramid","Cursed Key"],"picked":"Inserter"}],"items_purged_floors":[],"is_endless":false,"potions_floor_spawned":[4,7,13,16,25],"killed_by":"Champ","ascension_level":3}}