{"host":"kmd7yw11mgzs6kox","time":1613561493,"event":{"mods":["ATMod(阿瑾Mod)","BaseMod","Decade(王小明)","Downfall","GungeonMod","Lobotomy","LobotomyExtend","Marisa（F雨　魔理沙）","Minty Spire (QoL Compilation)","Remilia（蕾米莉亚）","Replay The Spire","Shop Mod","StSLib","The Bladedancer","The Bug Knight","The Poker Player","The Servant 0.9.4","Waifu the Spire","WarShipGirlsR/战舰少女R mod","Youmu（魂魄妖梦）","Yuri Mod"],"gold_per_floor":[116,206,218,218,232,262,51,51,51,65,65,8,8,26,26,56,56],"floor_reached":16,"language":"ZHS","playtime":830,"items_purged":[],"score":100,"play_id":"fc122303-8831-4651-bacc-16091f5b9fed","local_time":"20210217193133","is_ascension_mode":false,"campfire_choices":[{"floor":8,"key":"REST"},{"floor":13,"key":"REST"},{"data":"yuri:GrowingInsanity","floor":15,"key":"SMITH"}],"circlet_count":0,"master_deck":["yuri:yuriStrike","yuri:yuriStrike","yuri:yuriStrike","yuri:yuriStrike","yuri:yuriStrike","yuri:yuriDefend","yuri:yuriDefend+1","yuri:yuriDefend","yuri:yuriDefend","yuri:yuriDefend","yuri:Oolong","yuri:yuriStab","AT_OneInchPunch+1","BlueStar","yuri:WickedSlash","yuri:HeavierStrike","yuri:MagneticKnives","yuri:ThrowBook","CherryBlossoms","yuri:UntestedCode+1","Scarecrow","yuri:GrowingInsanity+1","MeatLantern","yuri:GlitchRemove","yuri:WickedSlash","yuri:StealPen","PunishingBird","yuri:StealPen","yuri:InduceGlitch+1","MHz","yuri:ArmBrace"],"relics":["yuri:yuriKnife","AT_ATBox","CogitoBucket","LetterFromLob","Darkstone Periapt","DemoMod:GnawedKey","DemoMod:NanoMachines","Theresia"],"acts_visited":["Exordium"],"potions_floor_usage":[],"damage_taken":[{"damage":0,"enemies":"Jaw Worm","floor":1,"turns":1},{"damage":6,"enemies":"Cultist","floor":3,"turns":3},{"damage":2,"enemies":"2 Louse","floor":5,"turns":2},{"damage":4,"enemies":"Gremlin Nob","floor":6,"turns":3},{"damage":3,"enemies":"Lots of Slimes","floor":10,"turns":3},{"damage":2,"enemies":"2 Fungi Beasts","floor":14,"turns":3},{"damage":115,"enemies":"Fading Forest","floor":16,"turns":6}],"seed_played":"8029697587811091929","potions_obtained":[{"floor":3,"key":"AttackPotion"},{"floor":10,"key":"EntropicBrew"}],"is_trial":false,"path_per_floor":["M","?","M","?","M","E","$","R","T","M","?","$","R","M","R","B"],"character_chosen":"YURI","items_purchased":["DemoMod:GnawedKey","yuri:WickedSlash","yuri:StealPen","yuri:InduceGlitch+1"],"campfire_rested":2,"item_purchase_floors":[7,7,7,12],"current_hp_per_floor":[80,48,46,46,44,44,44,68,68,77,61,61,80,78,78,0,0],"gold":56,"neow_bonus":"","is_daily":false,"chose_seed":false,"campfire_upgraded":1,"win_rate":0.0,"timestamp":1613561493,"path_taken":["M","?","?","?","?","E","$","R","T","M","?","?","R","M","R","BOSS"],"items_purchased_type":["Relic","Card","Card","Card"],"build_version":"2020-12-22","purchased_purges":0,"victory":false,"max_hp_per_floor":[80,80,80,80,80,80,80,80,80,80,80,80,80,80,80,80,80],"card_choices":[{"not_picked":["Wellcheers","Bloodbath"],"picked":"BlueStar","floor":1},{"not_picked":["yuri:yuriHeavyStrike","yuri:ThrowBook"],"picked":"yuri:WickedSlash","floor":1},{"not_picked":["yuri:TPose","yuri:BookGreen"],"picked":"yuri:HeavierStrike","floor":2},{"not_picked":["yuri:yuriQuickStrike","yuri:InsanityDefense"],"picked":"yuri:MagneticKnives","floor":2},{"not_picked":["yuri:Skip","yuri:DebugCard"],"picked":"yuri:ThrowBook","floor":2},{"not_picked":["MeatLantern","QueenOfHatred"],"picked":"CherryBlossoms","floor":3},{"not_picked":["yuri:Stalk","yuri:RepairCode"],"picked":"yuri:UntestedCode","floor":3},{"not_picked":["GalaxyChild","VoidDream"],"picked":"Scarecrow","floor":5},{"not_picked":["yuri:MPose","yuri:HoldBack"],"picked":"yuri:GrowingInsanity","floor":5},{"not_picked":["FairyFestival","BeautyBeast"],"picked":"MeatLantern","floor":6},{"not_picked":["yuri:HeavierStrike","yuri:ChibiInvasion"],"picked":"yuri:GlitchRemove","floor":6},{"not_picked":["Rudolta","MeltingLove"],"picked":"PunishingBird","floor":10},{"not_picked":["yuri:yuriHeavyStrike","yuri:MPose"],"picked":"yuri:StealPen","floor":10},{"not_picked":["OSAHOGD","Laetitia"],"picked":"MHz","floor":14},{"not_picked":["yuri:MultiDip","yuri:UntestedCode"],"picked":"yuri:ArmBrace","floor":14}],"player_experience":53095,"relics_obtained":[{"floor":1,"key":"LetterFromLob"},{"floor":6,"key":"Darkstone Periapt"},{"floor":9,"key":"DemoMod:NanoMachines"}],"event_choices":[{"damage_healed":0,"gold_gain":0,"player_choice":"Upgraded","damage_taken":0,"max_hp_gain":0,"max_hp_loss":0,"event_name":"Upgrade Shrine","floor":4,"gold_loss":0,"cards_upgraded":["AT_OneInchPunch"]},{"damage_healed":0,"gold_gain":0,"player_choice":"Entered Light","damage_taken":16,"max_hp_gain":0,"max_hp_loss":0,"event_name":"Shining Light","floor":11,"gold_loss":0,"cards_upgraded":["yuri:yuriDefend","yuri:UntestedCode"]}],"is_beta":false,"boss_relics":[],"items_purged_floors":[],"is_endless":false,"potions_floor_spawned":[3,10],"killed_by":"Fading Forest","ascension_level":0}}