{"host":"ws4y0tr7jc7plfod","time":1613528165,"event":{"mods":["AchievementEnabler","BaseMod","Bestiary","Colored Map","Downfall","Duelist Mod","Friendly Minions","GifTheSpireLib","Googly Eyes","Infinite Spire","Marisa????????","Minty Spire (QoL Compilation)","Quick Restart","Reliquary","Replay The Spire","Robot Space Explorer","StSLib","The Blackbeard","The Construct","The Cursed","The Disciple","The Marked","The Mystic","The Servant 0.9.4"],"gold_per_floor":[119,131,148,162,6,33,33,33,33,33,33,33,47,66,66,66,66],"floor_reached":16,"language":"ENG","playtime":1051,"items_purged":[],"score":102,"play_id":"0694e12c-4d7b-49a4-b33e-cbae95b36544","local_time":"20210216211605","is_ascension_mode":false,"campfire_choices":[{"data":"theMarked:Maelstrom","floor":7,"key":"SMITH"},{"floor":10,"key":"RECALL"},{"floor":12,"key":"REST"}],"circlet_count":0,"master_deck":["theMarked:Strike","theMarked:Strike","theMarked:Strike","theMarked:Strike","theMarked:Strike","theMarked:Defend","theMarked:Defend","theMarked:Defend","theMarked:Defend","theMarked:SoldierOfQuellstein+1","theMarked:PowerFlow","theMarked:Maelstrom+1","theMarked:KeepCalmAndFight","theMarked:EternalStudent+1","theMarked:Improvise","theMarked:Opportunist","theMarked:Friction"],"relics":["theMarked:ArtifactOfAir","Toolbox","Lantern","Anchor"],"acts_visited":["Exordium"],"potions_floor_usage":[4,6,6],"damage_taken":[{"damage":5,"enemies":"2 Louse","floor":1,"turns":3},{"damage":1,"enemies":"Cultist","floor":2,"turns":3},{"damage":5,"enemies":"Small Slimes","floor":3,"turns":3},{"damage":8,"enemies":"Red Slaver","floor":4,"turns":3},{"damage":7,"enemies":"Gremlin Nob","floor":6,"turns":3},{"damage":0,"enemies":"Exordium Wildlife","floor":13,"turns":2},{"damage":0,"enemies":"2 Fungi Beasts","floor":14,"turns":3},{"damage":59,"enemies":"Hexaghost","floor":16,"turns":9}],"seed_played":"-1133912458316310620","potions_obtained":[{"floor":1,"key":"Adrenaline Potion"},{"floor":2,"key":"Explosive Potion"},{"floor":4,"key":"BlessingOfTheForge"},{"floor":15,"key":"Cursed Concoction"},{"floor":15,"key":"Cursed Concoction"}],"is_trial":false,"path_per_floor":["M","M","M","M","$","E","R","$","T","R","?","R","M","M","R_BF","B"],"character_chosen":"THE_DEFAULT","items_purchased":["Toolbox"],"campfire_rested":1,"item_purchase_floors":[5],"current_hp_per_floor":[72,71,66,58,58,51,51,51,51,51,36,59,59,59,59,0,0],"gold":66,"neow_bonus":"TEN_PERCENT_HP_BONUS","is_daily":false,"chose_seed":false,"campfire_upgraded":1,"win_rate":0.0,"timestamp":1613528165,"path_taken":["M","M","M","M","$","E","R","$","T","R","?","R","M","M","R_BF","BOSS"],"items_purchased_type":["Relic"],"build_version":"2020-12-22","purchased_purges":0,"victory":false,"max_hp_per_floor":[77,77,77,77,77,77,77,77,77,77,77,77,77,77,77,77,77],"card_choices":[{"not_picked":["theMarked:ChainLightning","theMarked:ResourceFulStrike"],"picked":"theMarked:PowerFlow","floor":1},{"not_picked":["theMarked:Parkour","theMarked:Memento"],"picked":"theMarked:Maelstrom","floor":2},{"not_picked":["theMarked:ChannelForce","theMarked:RepellingDischarge"],"picked":"theMarked:KeepCalmAndFight","floor":3},{"not_picked":["theMarked:WastefulAttack","theMarked:RepellingDischarge"],"picked":"theMarked:EternalStudent","floor":4},{"not_picked":["theMarked:RogueSparks","theMarked:BanishingWave"],"picked":"theMarked:Improvise","floor":6},{"not_picked":["theMarked:Memento","theMarked:TwofoldDefense"],"picked":"theMarked:Opportunist","floor":13},{"not_picked":["theMarked:CreepingChasm","theMarked:Improvise"],"picked":"theMarked:Friction","floor":14}],"player_experience":216395,"relics_obtained":[{"floor":6,"key":"Lantern"},{"floor":9,"key":"Anchor"}],"event_choices":[{"damage_healed":0,"gold_gain":0,"player_choice":"Entered Light","damage_taken":15,"max_hp_gain":0,"max_hp_loss":0,"event_name":"Shining Light","floor":11,"gold_loss":0,"cards_upgraded":["theMarked:EternalStudent","theMarked:SoldierOfQuellstein"]}],"is_beta":false,"boss_relics":[],"items_purged_floors":[],"is_endless":false,"potions_floor_spawned":[1,2,4],"killed_by":"Hexaghost","ascension_level":0}}