{"host":"pqs17sqrgflf4eqa","time":1613540636,"event":{"mods":["AchievementEnabler","BaseMod","Bestiary","Better Altar","Better Match","Better Skull","Block Reminder","Bossed Relics","Colored Map","Colored Powertips","Curses Come First","Dark Map","DeckTracker","Defective Defect","Displayed Cursed Tome","Emptier Cage","Googly Eyes","Highlight Path","Minty Spire (QoL Compilation)","Quick Restart","Slay-I","StSLib","SuperFastMode","Synergy Search","Thieving Mod","Transform Curses","everything is the same but u backflip on backflip","slay the spire mod where everything is the same but ironclad has a cowboy hat"],"gold_per_floor":[13,13,24,24,40,66,66,86,112,140,155,155,188,206,206,307,307,322,322,332,342,342,342,355,355,355,30,41,41,41],"floor_reached":29,"language":"ENG","playtime":696,"items_purged":["Parasite"],"score":321,"play_id":"b768db63-edfc-48c8-8acb-adffa7234051","local_time":"20210217004356","is_ascension_mode":true,"campfire_choices":[{"floor":7.0,"key":"REST"},{"floor":12.0,"key":"REST"},{"data":"Zap","floor":15.0,"key":"SMITH"},{"floor":23.0,"key":"REST"}],"circlet_count":0,"master_deck":["Strike_B+1","Strike_B+1","Strike_B+1","Strike_B+1","Defend_B+1","Defend_B+1","Defend_B+1","Defend_B+1","Zap+1","Dualcast+1","Loop","Hello World","Cold Snap","Cold Snap","Cold Snap","Undo","Biased Cognition","Auto Shields","Conserve Battery","Injury","Clumsy","Steam","Self Repair+1"],"relics":["Cracked Core","Pocketwatch","PreservedInsect","DataDisk","War Paint","Kunai","Nuclear Battery","Chemical X","Blood Vial","Tiny Chest","Sling","Ornamental Fan"],"acts_visited":["Exordium","TheCity"],"potions_floor_usage":[],"damage_taken":[{"damage":7.0,"enemies":"Jaw Worm","floor":1.0,"turns":2.0},{"damage":0.0,"enemies":"Small Slimes","floor":3.0,"turns":3.0},{"damage":2.0,"enemies":"2 Louse","floor":5.0,"turns":2.0},{"damage":20.0,"enemies":"Gremlin Nob","floor":6.0,"turns":4.0},{"damage":22.0,"enemies":"Lots of Slimes","floor":8.0,"turns":4.0},{"damage":13.0,"enemies":"Lagavulin","floor":10.0,"turns":5.0},{"damage":6.0,"enemies":"Red Slaver","floor":11.0,"turns":3.0},{"damage":8.0,"enemies":"Gremlin Nob","floor":13.0,"turns":3.0},{"damage":0.0,"enemies":"Large Slime","floor":14.0,"turns":4.0},{"damage":17.0,"enemies":"Hexaghost","floor":16.0,"turns":10.0},{"damage":18.0,"enemies":"Shell Parasite","floor":18.0,"turns":5.0},{"damage":6.0,"enemies":"Chosen","floor":20.0,"turns":6.0},{"damage":5.0,"enemies":"Snake Plant","floor":21.0,"turns":3.0},{"damage":0.0,"enemies":"Centurion and Healer","floor":24.0,"turns":6.0},{"damage":7.0,"enemies":"Snecko","floor":28.0,"turns":8.0},{"damage":24,"enemies":"Slavers","floor":29,"turns":3}],"seed_played":"559605163203824213","potions_obtained":[{"floor":1.0,"key":"EssenceOfSteel"},{"floor":5.0,"key":"ThievingMod:ThievingPotion"},{"floor":6.0,"key":"SpeedPotion"},{"floor":10.0,"key":"Fruit Juice"},{"floor":14.0,"key":"SteroidPotion"},{"floor":20.0,"key":"EssenceOfDarkness"}],"is_trial":false,"path_per_floor":["M","?","M","$","M","E","R","M","T","E","M","R","E","M","R","B",null,"M","$","M","M","?","R","M","?","T","$","M","E"],"character_chosen":"DEFECT","items_purchased":["Ornamental Fan"],"campfire_rested":3,"item_purchase_floors":[27],"current_hp_per_floor":[61,61,61,41,39,19,41,19,19,11,5,29,21,21,21,4,61,43,23,17,12,12,36,36,15,15,15,20,0,0],"gold":41,"neow_bonus":"ONE_RARE_RELIC","is_daily":false,"chose_seed":false,"campfire_upgraded":1,"win_rate":0.0,"timestamp":1613540636,"path_taken":["M","?","M","$","M","E","R","M","T","E","M","R","E","M","R","BOSS","M","$","M","M","?","R","M","?","T","$","M","E"],"items_purchased_type":["Relic"],"build_version":"2020-12-22","purchased_purges":1,"victory":false,"max_hp_per_floor":[75,75,75,75,75,75,75,75,75,80,80,80,80,80,80,80,80,80,80,80,80,80,80,80,80,80,77,77,77,77],"card_choices":[{"not_picked":["Double Energy","Steam Power"],"picked":"Loop","floor":1.0},{"not_picked":["Beam Cell","Heatsinks"],"picked":"Hello World","floor":3.0},{"not_picked":["Stack","Lockon"],"picked":"Cold Snap","floor":5.0},{"not_picked":["Skim","Compile Driver","Force Field"],"picked":"SKIP","floor":6.0},{"not_picked":["Beam Cell","Core Surge"],"picked":"Cold Snap","floor":8.0},{"not_picked":["Hello World","Redo"],"picked":"Cold Snap","floor":10.0},{"not_picked":["Cold Snap","Reinforced Body","Gash"],"picked":"SKIP","floor":11.0},{"not_picked":["Leap","Turbo","Sweeping Beam"],"picked":"SKIP","floor":13.0},{"not_picked":["Doom and Gloom","Redo"],"picked":"Undo","floor":14.0},{"not_picked":["All For One","Fission"],"picked":"Biased Cognition","floor":16.0},{"not_picked":["Gash+1","Rebound"],"picked":"Auto Shields","floor":18.0},{"not_picked":["Stack","Tempest"],"picked":"Steam","floor":20.0},{"not_picked":["Barrage","Stack","Cold Snap"],"picked":"SKIP","floor":21.0},{"not_picked":["Cold Snap","Undo"],"picked":"Self Repair+1","floor":24.0},{"not_picked":["Hologram","Beam Cell","Conserve Battery"],"picked":"SKIP","floor":28.0}],"player_experience":220313,"relics_obtained":[{"floor":6.0,"key":"PreservedInsect"},{"floor":9.0,"key":"DataDisk"},{"floor":10.0,"key":"War Paint"},{"floor":13.0,"key":"Kunai"},{"floor":26.0,"key":"Tiny Chest"}],"event_choices":[{"damage_healed":0.0,"max_hp_gain":0.0,"max_hp_loss":0.0,"gold_gain":0.0,"event_name":"Living Wall","player_choice":"Grow","floor":2.0,"gold_loss":0.0,"damage_taken":0.0,"cards_upgraded":["Dualcast"]},{"damage_healed":0.0,"max_hp_gain":0.0,"max_hp_loss":0.0,"gold_gain":0.0,"event_name":"Back to Basics","player_choice":"Simplicity","floor":22.0,"gold_loss":0.0,"damage_taken":0.0,"cards_upgraded":["Strike_B","Strike_B","Strike_B","Strike_B","Defend_B","Defend_B"]},{"damage_healed":0.0,"max_hp_gain":36.0,"max_hp_loss":15.0,"gold_gain":0.0,"event_name":"betterAltar:BetterAltar","player_choice":" Vial ","floor":25.0,"potions_obtained":[],"relics_lost":[],"gold_loss":0.0,"damage_taken":21.0,"relics_obtained":["Blood Vial"]}],"is_beta":false,"boss_relics":[{"not_picked":["Busted Crown","Cursed Key"],"picked":"Nuclear Battery"}],"items_purged_floors":[27],"is_endless":false,"potions_floor_spawned":[1,5,6,10,14,20],"killed_by":"Slavers","ascension_level":6}}