{"host":"uxjsgyia3bdyayt0","time":1613553269,"event":{"mods":["AchievementEnabler","Act Like it!","BaseMod","Downfall","Gensokyo","KinomotoSakuraMod(木之本?)","Marisa（霧雨　魔理沙）","Minty Spire (QoL Compilation)","Prisma Mod","Reimu（博??梦）","Remilia（蕾米莉?）","Replay The Spire","StSLib","The Senshi","The Servant 0.9.4","Yakumo Yukari mod","Youmu（魂魄妖梦）","Yuyuko"],"gold_per_floor":[118,134,134,144,12,12,26,38,38,38,38,38,68,68,68,167,167,178,197,39,54,71,71,81,81,108,108,108,127,127,377,377,257,257,359,359,373,373,12,12,12,12,25,25,25,55,67,67],"floor_reached":47,"language":"ENG","playtime":3124,"items_purged":[],"score":448,"play_id":"b2b09143-2108-420b-bd45-38bf3e498f73","local_time":"20210217091429","is_ascension_mode":false,"campfire_choices":[{"data":"Madness","floor":6,"key":"SMITH"},{"data":"theSenshi:MoonPrincessHalation","floor":12,"key":"SMITH"},{"floor":15,"key":"REST"},{"floor":25,"key":"REST"},{"data":"theSenshi:IWillPunishYou","floor":30,"key":"SMITH"},{"floor":42,"key":"REST"},{"floor":44,"key":"REST"}],"circlet_count":0,"master_deck":["theSenshi:SailorKick","theSenshi:SailorKick","theSenshi:SailorKick","theSenshi:SailorKick","theSenshi:SailorBlock","theSenshi:SailorBlock","theSenshi:SailorBlock","theSenshi:RoseThrow","theSenshi:MoonPrismPowerMakeUp","theSenshi:HesSoDreamy","theSenshi:MoonPunch","theSenshi:TuxedoMaskAssists+1","Madness+1","theSenshi:TuxedoSmokingBomber","theSenshi:MoonPrincessHalation+1","theSenshi:SailorVenusAssists","theSenshi:MoonTiaraMagic+1","theSenshi:SailorMarsAssists+1","theSenshi:IWillPunishYou+1","theSenshi:TuxedoSmokingBomber","theSenshi:TuxedoMaskAssists","theSenshi:MoonCrystalPowerMakeUp","theSenshi:SupersonicWaves","theSenshi:TallSilhouette+1","theSenshi:TuxedoMaskAssists+1","theSenshi:MoonsReflection+1","theSenshi:SupersonicWaves+1","theSenshi:LunasBite","theSenshi:InTheNameOfTheMoon","theSenshi:JupitersPower","Writhe","Writhe","CurseOfTheBell","theSenshi:LunasBite+1","Gensokyo:ScrapIron","Gensokyo:Shovel","Gensokyo:TekeTeke","Gensokyo:RustyChest","theSenshi:MoonsReflection+1","theSenshi:MoonKick+1","theSenshi:SailorMarsAssists+1"],"relics":["theSenshi:TransformationBroochRelic","NeowsBlessing","Ring of Peace","Bird Faced Urn","Thread and Needle","Ring of Chaos","Gensokyo:ConquerorOfFear","Gremlin Food","Gensokyo:MaskOfHope","Replay:Ancient Bell","Blood Vial","Iron Hammer","theSenshi:EternalTiareRelic","Replay:Arrowhead","MawBank"],"acts_visited":["Gensokyo:Gensokyo","Gensokyo:Gensokyoer","Gensokyo:Gensokyoest"],"potions_floor_usage":[16,16,24,24,35,35,35,46],"damage_taken":[{"damage":0,"enemies":"Gensokyo:3_Fairies","floor":1,"turns":2},{"damage":0,"enemies":"Gensokyo:2_Kodama","floor":2,"turns":2},{"damage":0,"enemies":"Gensokyo:Python","floor":4,"turns":1},{"damage":0,"enemies":"Gensokyo:Gryphon_and_Rabbit","floor":7,"turns":6},{"damage":2,"enemies":"Gensokyo:VengefulSpirit","floor":8,"turns":6},{"damage":41,"enemies":"Gensokyo:Cirno","floor":13,"turns":9},{"damage":29,"enemies":"Gensokyo:Yukari","floor":16,"turns":12},{"damage":0,"enemies":"Gensokyo:Chomper","floor":18,"turns":5},{"damage":0,"enemies":"Gensokyo:3_Dogs","floor":19,"turns":8},{"damage":10,"enemies":"Gensokyo:Wraith","floor":21,"turns":4},{"damage":8,"enemies":"Gensokyo:Slime_Group","floor":22,"turns":5},{"damage":23,"enemies":"Gensokyo:Swordslinger","floor":24,"turns":6},{"damage":10,"enemies":"Gensokyo:Wraith","floor":29,"turns":4},{"damage":53,"enemies":"Gensokyo:Eiki","floor":35,"turns":9},{"damage":25,"enemies":"Gensokyo:3_Boulders","floor":37,"turns":7},{"damage":43,"enemies":"Gensokyo:AncientGuardian","floor":43,"turns":10},{"damage":24,"enemies":"Gensokyo:Sharpion","floor":46,"turns":4},{"damage":11,"enemies":"Gensokyo:Rafflesia","floor":47,"turns":3}],"seed_played":"-7680924527814699419","potions_obtained":[{"floor":1,"key":"Block Potion"},{"floor":2,"key":"DistilledChaos"},{"floor":4,"key":"SteroidPotion"},{"floor":19,"key":"LiquidBronze"},{"floor":22,"key":"Strength Potion"},{"floor":34,"key":"PowerPotion"},{"floor":34,"key":"FearPotion"},{"floor":37,"key":"champ:CounterPotion"}],"is_trial":false,"path_per_floor":["M","M","?","M","$","R","M","M","T","$","?","R","E","?","R","B",null,"M","M","$","M","M","?","M","R","T","PTL","PTL","M","R","?","?","?","R","B",null,"M","?","COS","?","?","R","M","R","T","M","M"],"character_chosen":"THE_SENSHI","items_purchased":["theSenshi:TuxedoMaskAssists+1","Madness","theSenshi:MoonCrystalPowerMakeUp","theSenshi:SupersonicWaves","theSenshi:TallSilhouette"],"campfire_rested":4,"item_purchase_floors":[5,5,20,20,20],"current_hp_per_floor":[75,75,75,75,75,75,75,73,73,73,73,73,34,34,56,29,75,75,75,75,67,63,63,44,66,66,66,66,60,60,60,60,60,60,13,71,50,50,50,22,22,43,6,27,27,9,0,0],"gold":67,"neow_bonus":"THREE_ENEMY_KILL","is_daily":false,"chose_seed":false,"campfire_upgraded":3,"win_rate":0.0,"timestamp":1613553269,"path_taken":["M","M","?","M","$","R","M","?","T","?","?","R","E","?","R","BOSS","M","M","$","?","M","?","M","R","T","PTL","PTL","M","R","?","?","?","R","BOSS","M","?","COS","?","?","R","M","R","T","M","?"],"items_purchased_type":["Card","Card","Card","Card","Card"],"build_version":"2020-12-22","purchased_purges":0,"victory":false,"max_hp_per_floor":[75,75,75,75,75,75,75,75,75,75,75,75,75,75,75,75,75,75,75,75,75,75,75,75,75,75,75,75,75,75,71,71,71,71,71,71,71,71,71,71,71,71,71,71,71,71,71,71],"card_choices":[{"not_picked":["theSenshi:OdangoHead","theSenshi:MoonHealingEscalation"],"picked":"theSenshi:HesSoDreamy","floor":1},{"not_picked":["theSenshi:SteeledNerves","theSenshi:PlutosSolemnity"],"picked":"theSenshi:MoonPunch","floor":2},{"not_picked":["theSenshi:MoonsReflection","theSenshi:MercurysCunning"],"picked":"theSenshi:SailorMercuryAssists","floor":4},{"not_picked":["theSenshi:LunasBite","theSenshi:TallSilhouette"],"picked":"theSenshi:TuxedoSmokingBomber","floor":7},{"not_picked":["theSenshi:MoonsReflection","theSenshi:GatheringStrength"],"picked":"theSenshi:MoonPrincessHalation","floor":8},{"not_picked":["theSenshi:PlutosSolemnity","theSenshi:SilverMoonCrystalPowerKiss"],"picked":"theSenshi:SailorVenusAssists","floor":13},{"not_picked":["theSenshi:LateForSchool","theSenshi:MercurysCunning"],"picked":"theSenshi:MoonTiaraMagic","floor":14},{"not_picked":["theSenshi:EncouragingSpeech","theSenshi:TallSilhouette"],"picked":"theSenshi:SailorMarsAssists","floor":14},{"not_picked":["theSenshi:SailorStarHealerAssists","theSenshi:SailorCosmosAssists"],"picked":"theSenshi:IWillPunishYou","floor":16},{"not_picked":["theSenshi:HesSoDreamy","theSenshi:MoonKick"],"picked":"theSenshi:TuxedoSmokingBomber","floor":18},{"not_picked":["theSenshi:EncouragingSpeech","theSenshi:MoonHealingEscalation+1"],"picked":"theSenshi:TuxedoMaskAssists","floor":19},{"not_picked":["theSenshi:OdangoHead","theSenshi:SaturnsMystery"],"picked":"theSenshi:TuxedoMaskAssists+1","floor":21},{"not_picked":["theSenshi:SailorMercuryAssists","theSenshi:GatheringStrength"],"picked":"theSenshi:MoonsReflection+1","floor":22},{"not_picked":["theSenshi:YouCanTalk","theSenshi:SailorMarsAssists"],"picked":"theSenshi:SupersonicWaves+1","floor":24},{"not_picked":["theSenshi:MoonKick","theSenshi:SailorVenusAssists"],"picked":"theSenshi:LunasBite","floor":29},{"not_picked":["theSenshi:ChibiMoonsLove","theSenshi:SailorCosmosAssists"],"picked":"theSenshi:JupitersPower","floor":35},{"not_picked":["Injury","Wrath_TH"],"picked":"Writhe","floor":36},{"not_picked":["downfall:Bewildered","downfall:Haunted"],"picked":"Writhe","floor":36},{"not_picked":["Shame","ReplayTheSpireMod:Splinters"],"picked":"CurseOfTheBell","floor":36},{"not_picked":["theSenshi:Sidestep+1","theSenshi:MoonlightKnight+1"],"picked":"theSenshi:LunasBite+1","floor":37},{"not_picked":["theSenshi:SupersonicWaves+1","theSenshi:EncouragingSpeech+1"],"picked":"theSenshi:MoonsReflection+1","floor":43},{"not_picked":["theSenshi:YouCanTalk","theSenshi:GatheringStrength+1"],"picked":"theSenshi:MoonKick+1","floor":43},{"not_picked":["theSenshi:KlutzyLuck","theSenshi:SailorChibiMoonAssists+1"],"picked":"theSenshi:SailorMarsAssists+1","floor":46}],"player_experience":26594,"relics_obtained":[{"floor":3,"key":"Ring of Peace"},{"floor":9,"key":"Bird Faced Urn"},{"floor":13,"key":"Thread and Needle"},{"floor":24,"key":"Gensokyo:ConquerorOfFear"},{"floor":26,"key":"Gremlin Food"},{"floor":45,"key":"MawBank"}],"event_choices":[],"is_beta":false,"boss_relics":[{"not_picked":["Black Star","SacredBark"],"picked":"Ring of Chaos"},{"not_picked":["Snecko Eye","Busted Crown"],"picked":"Replay:Ancient Bell"},{"not_picked":["Toy Ornithopter","Replay:Wax Seal"],"picked":"Blood Vial"},{"not_picked":["Question Card","AntiCross"],"picked":"Iron Hammer"},{"not_picked":["Replay:Towering Pillar of Hats","Peace Pipe"],"picked":"theSenshi:EternalTiareRelic"}],"items_purged_floors":[],"is_endless":false,"potions_floor_spawned":[1,2,4,19,22,37],"killed_by":"Gensokyo:Rafflesia","ascension_level":0}}