{"host":"17aj8307sanlevtk","time":1613531320,"event":{"mods":["BaseMod","Colored Map","Colored Powertips","Conspire","Infinite Spire","Lobotomy","Marked Mod","Minty Spire (QoL Compilation)","Relic Stats","Replay The Spire","StSLib"],"gold_per_floor":[111,111,125,144,144,144,176,186,186,186,4,22,38,38,38,137,137,147,163,163,20,38,38,50,50,100,100,100],"floor_reached":27,"language":"ENG","playtime":911,"items_purged":["Strike_P"],"score":228,"play_id":"83cc7c74-6618-4693-adc4-f681ed0b6b07","local_time":"20210216210840","is_ascension_mode":true,"campfire_choices":[{"data":"Scrawl","floor":6.0,"key":"SMITH"},{"data":"Eruption","floor":10.0,"key":"SMITH"},{"data":"1","floor":23.0,"key":"LIFT"}],"circlet_count":0,"master_deck":["Strike_P","Strike_P","Strike_P","Defend_P","Defend_P","Defend_P","Defend_P","Eruption+1","Vigilance","Vengeance","Evaluate+1","Scrawl+1","Replay:DivineShield","TalkToTheHand","WaveOfTheHand","TalkToTheHand","DevaForm","CurseOfTheBell","WindmillStrike+1","Halt+1","Halt+1","Vault"],"relics":["conspire:RoyalGoblet","Centennial Puzzle","infinitespire:BottledMercury","infinitespire:FocusingShard","Calling Bell","conspire:TopHat","Molten Egg 2","Girya","FaceOfCleric","ClockworkSouvenir","PreservedInsect"],"acts_visited":["Exordium","TheCity"],"potions_floor_usage":[],"damage_taken":[{"damage":0.0,"enemies":"2 Louse","floor":1.0,"turns":4.0},{"damage":7.0,"enemies":"Cultist","floor":3.0,"turns":3.0},{"damage":9.0,"enemies":"Jaw Worm","floor":4.0,"turns":4.0},{"damage":16.0,"enemies":"Gremlin Nob","floor":7.0,"turns":3.0},{"damage":0.0,"enemies":"Large Slime","floor":8.0,"turns":6.0},{"damage":6.0,"enemies":"Exordium Wildlife","floor":12.0,"turns":3.0},{"damage":0.0,"enemies":"3 Louse","floor":13.0,"turns":2.0},{"damage":42.0,"enemies":"Hexaghost","floor":16.0,"turns":16.0},{"damage":16.0,"enemies":"Spheric Guardian","floor":18.0,"turns":12.0},{"damage":9.0,"enemies":"3 Byrds","floor":19.0,"turns":5.0},{"damage":19.0,"enemies":"Centurion and Healer","floor":22.0,"turns":6.0},{"damage":21.0,"enemies":"Snake Plant","floor":24.0,"turns":5.0},{"damage":12.0,"enemies":"3 Cultists","floor":25.0,"turns":4.0},{"damage":9,"enemies":"Gremlin Leader","floor":27,"turns":3}],"seed_played":"5191203973903453413","potions_obtained":[{"floor":2.0,"key":"LiquidBronze"},{"floor":2.0,"key":"Block Potion"},{"floor":2.0,"key":"GamblersBrew"},{"floor":8.0,"key":"LiquidMemories"},{"floor":19.0,"key":"Regen Potion"},{"floor":24.0,"key":"SmokeBomb"}],"is_trial":false,"path_per_floor":["M","?","M","M","T","R","E","M","T","R","$","M","M","$","R_BF","B",null,"M","M","?","$","M","R","M","M","T","E"],"character_chosen":"WATCHER","items_purchased":["TalkToTheHand","WaveOfTheHand","ClockworkSouvenir"],"campfire_rested":0,"item_purchase_floors":[11,11,21],"current_hp_per_floor":[72,72,65,56,56,56,40,40,40,40,40,34,34,34,55,13,72,56,47,47,47,29,29,9,7,7,0,0],"gold":100,"neow_bonus":"BOSS_RELIC","is_daily":false,"chose_seed":false,"campfire_upgraded":2,"win_rate":0.0,"timestamp":1613531320,"path_taken":["M","?","?","M","?","R","E","M","T","R","$","M","M","$","R_BF","BOSS","M","M","?","$","?","R","M","M","T","E"],"items_purchased_type":["Card","Card","Relic"],"build_version":"2020-12-22","purchased_purges":1,"victory":false,"max_hp_per_floor":[72,72,72,72,72,72,72,72,72,72,72,72,72,72,72,72,72,72,72,72,72,73,73,74,75,75,75,75],"relic_stats":{"Centennial Puzzle":[24],"FaceOfCleric":3,"counters":[14,76],"PreservedInsect":57,"obtain_stats":[{"Calling Bell":17,"infinitespire:BottledMercury":7,"Girya":17,"Centennial Puzzle":5,"conspire:RoyalGoblet":0,"FaceOfCleric":20,"Molten Egg 2":17,"infinitespire:FocusingShard":9,"PreservedInsect":26,"PureWater":0,"conspire:TopHat":17,"ClockworkSouvenir":21},{"Calling Bell":8,"infinitespire:BottledMercury":4,"Girya":8,"Centennial Puzzle":3,"conspire:RoyalGoblet":0,"FaceOfCleric":10,"Molten Egg 2":8,"infinitespire:FocusingShard":5,"PreservedInsect":13,"PureWater":0,"conspire:TopHat":8,"ClockworkSouvenir":10},{"Calling Bell":41,"infinitespire:BottledMercury":14,"Girya":41,"Centennial Puzzle":11,"conspire:RoyalGoblet":0,"FaceOfCleric":58,"Molten Egg 2":41,"infinitespire:FocusingShard":20,"PreservedInsect":73,"PureWater":0,"conspire:TopHat":41,"ClockworkSouvenir":58}]},"card_choices":[{"not_picked":["ThirdEye","Halt"],"picked":"Vengeance","floor":1.0},{"not_picked":["ClearTheMind","CarveReality"],"picked":"Evaluate","floor":3.0},{"not_picked":["JustLucky","Replay:BluntJabs"],"picked":"Scrawl","floor":4.0},{"not_picked":["Replay:AtTheReady","SashWhip"],"picked":"Replay:DivineShield","floor":7.0},{"not_picked":["Replay:AtTheReady","Protect","Replay:ManipulateFuture"],"picked":"SKIP","floor":8.0},{"not_picked":["Replay:Battleflow","SashWhip"],"picked":"TalkToTheHand","floor":12.0},{"not_picked":["Replay:BluntJabs","Worship","Sanctity"],"picked":"SKIP","floor":13.0},{"not_picked":["MarkedMod:NorthStar","Replay:LoomingThreat"],"picked":"DevaForm","floor":16.0},{"not_picked":["DeceiveReality","Consecrate+1"],"picked":"WindmillStrike+1","floor":18.0},{"not_picked":["BowlingBash+1","MarkedMod:GentlePulse+1"],"picked":"Halt+1","floor":19.0},{"not_picked":["Replay:AtTheReady","WaveOfTheHand+1"],"picked":"Halt+1","floor":22.0},{"not_picked":["SandsOfTime+1","FollowUp+1"],"picked":"Vault","floor":24.0}],"player_experience":576467,"relics_obtained":[{"floor":5.0,"key":"Centennial Puzzle"},{"floor":7.0,"key":"infinitespire:BottledMercury"},{"floor":9.0,"key":"infinitespire:FocusingShard"},{"floor":17.0,"key":"conspire:TopHat"},{"floor":17.0,"key":"Molten Egg 2"},{"floor":17.0,"key":"Girya"},{"floor":26.0,"key":"PreservedInsect"}],"event_choices":[{"damage_healed":0.0,"max_hp_gain":0.0,"max_hp_loss":0.0,"gold_gain":0.0,"event_name":"Lab","player_choice":"Got Potions","floor":2.0,"gold_loss":0.0,"damage_taken":0.0},{"damage_healed":0.0,"max_hp_gain":0.0,"max_hp_loss":0.0,"gold_gain":0.0,"event_name":"FaceTrader","player_choice":"Trade","floor":20.0,"gold_loss":0.0,"damage_taken":0.0,"relics_obtained":["FaceOfCleric"]}],"is_beta":false,"boss_relics":[{"not_picked":["Pandora\u0027s Box","conspire:SlowCooker"],"picked":"Calling Bell"}],"items_purged_floors":[11],"is_endless":false,"potions_floor_spawned":[4,8,12,13,19,24,25],"killed_by":"Gremlin Leader","ascension_level":1}}