{"host":"vrsxkkch9ccrec7k","time":1613586663,"event":{"mods":["Act Like it!","BaseMod","Bestiary","Better Altar","Better Match","Better Note","Better Sensory Stone","Better Skull","Better Third Choice","Better Vampires","Downfall","Minty Spire (QoL Compilation)","Permanent Neow","Relic Stats","Spicy Shops","StSLib"],"gold_per_floor":[99,115,130,230,249,28,76,76,76,6,37,55,75,94,105,105,105,105],"floor_reached":16,"language":"ENG","playtime":906,"items_purged":["downfall:Malfunctioning"],"score":172,"play_id":"b171ee45-0439-4394-89ec-30d0ac5696b4","local_time":"20210217133103","is_ascension_mode":true,"campfire_choices":[{"data":"bronze:Replicate","floor":1,"key":"SMITH"},{"data":"bronze:Format","floor":8,"key":"SMITH"}],"circlet_count":0,"master_deck":["AscendersBane","bronze:Strike","bronze:Strike","bronze:Strike","bronze:Strike+1","bronze:Defend","bronze:Defend+1","bronze:Defend","bronze:Defend","bronze:Replicate+1","bronze:Goto+1","bronze:ItsAFeature","bronze:DelayedSlice","bronze:Overheat","bronze:Boost","bronze:Format+1","bronze:InfiniteBeams","bronze:BronzeArmor","bronze:ItsAFeature","bronze:BugBarrage","bronze:Frontload","bronze:ClassDefault"],"relics":["bronze:BronzeCore","Pen Nib","Membership Card","Nunchaku","Ice Cream"],"acts_visited":["Exordium"],"potions_floor_usage":[10,11,13,16],"damage_taken":[{"damage":2,"enemies":"Jaw Worm","floor":2,"turns":4},{"damage":1,"enemies":"Small Slimes","floor":3,"turns":4},{"damage":0,"enemies":"Cultist","floor":5,"turns":2},{"damage":4,"enemies":"downfall:FleeingMerchant","floor":6,"turns":4},{"damage":4,"enemies":"downfall:FleeingMerchant","floor":10,"turns":4},{"damage":10,"enemies":"Gremlin Nob","floor":11,"turns":2},{"damage":5,"enemies":"3 Louse","floor":12,"turns":3},{"damage":9,"enemies":"Lots of Slimes","floor":13,"turns":3},{"damage":0,"enemies":"2 Fungi Beasts","floor":14,"turns":2},{"damage":0,"enemies":"downfall:LooterAlt","floor":15,"turns":2},{"damage":31,"enemies":"IC_STATUS_ARCHETYPE","floor":16,"turns":6}],"seed_played":"-6623028535713477352","potions_obtained":[{"floor":5,"key":"DistilledChaos"},{"floor":11,"key":"sneckomod:MuddlingPotion"},{"floor":12,"key":"Weak Potion"},{"floor":13,"key":"Weak Potion"}],"is_trial":false,"path_per_floor":["R","M","M","?","M","$","T","R","?","$","E","M","M","M","M","B"],"character_chosen":"THE_AUTOMATON","items_purchased":["Membership Card","bronze:Format","champ:CounterPotion","bronze:InfiniteBeams"],"campfire_rested":0,"item_purchase_floors":[6,6,6,10],"current_hp_per_floor":[63,61,60,60,60,56,56,56,56,52,42,37,28,28,28,0,0,0],"gold":105,"neow_bonus":"RANDOM_COMMON_RELIC","is_daily":false,"chose_seed":false,"campfire_upgraded":2,"win_rate":0.0,"timestamp":1613586663,"path_taken":["R","M","M","?","M","$","T","R","?","?","E","M","M","M","M","BOSS"],"items_purchased_type":["Relic","Card","Potion","Card"],"build_version":"2020-12-22","purchased_purges":1,"victory":false,"max_hp_per_floor":[70,70,70,70,70,70,70,70,70,70,70,70,70,70,70,70,70,70],"relic_stats":{"Nunchaku":[5],"counters":[11,36],"Pen Nib":[8],"obtain_stats":[{"Ice Cream":11,"Nunchaku":7,"bronze:BronzeCore":0,"Pen Nib":0,"Membership Card":6},{"Ice Cream":6,"Nunchaku":4,"bronze:BronzeCore":0,"Pen Nib":0,"Membership Card":4},{"Ice Cream":20,"Nunchaku":14,"bronze:BronzeCore":0,"Pen Nib":0,"Membership Card":14}]},"card_choices":[{"not_picked":["bronze:BugBarrage","bronze:ChildClass"],"picked":"bronze:ItsAFeature","floor":2},{"not_picked":["bronze:DelayedGuard","bronze:Deprecate"],"picked":"bronze:DelayedSlice","floor":3},{"not_picked":["bronze:Frontload","bronze:Invalidate"],"picked":"bronze:Overheat","floor":5},{"not_picked":["bronze:Deprecate","bronze:WildBeam"],"picked":"bronze:Boost","floor":6},{"not_picked":["bronze:Overload","bronze:Philosophize","bronze:Turbo"],"picked":"SKIP","floor":10},{"not_picked":["bronze:Boost","bronze:Invalidate"],"picked":"bronze:BronzeArmor","floor":11},{"not_picked":["bronze:ChosenStrike","bronze:BitShift"],"picked":"bronze:ItsAFeature","floor":12},{"not_picked":["bronze:ThunderWave","bronze:Allocate"],"picked":"bronze:BugBarrage","floor":13},{"not_picked":["bronze:Deprecate","bronze:FineTuning"],"picked":"bronze:Frontload","floor":14},{"not_picked":["bronze:DelayedSlice","bronze:OilSpill"],"picked":"bronze:ClassDefault","floor":15}],"player_experience":1947293,"relics_obtained":[{"floor":7,"key":"Nunchaku"},{"floor":11,"key":"Ice Cream"}],"event_choices":[],"is_beta":false,"boss_relics":[],"items_purged_floors":[10],"is_endless":false,"potions_floor_spawned":[5,11,12,13],"killed_by":"IC_STATUS_ARCHETYPE","ascension_level":13}}