{"host":"v54ek091sdz7ha6h","time":1613580164,"event":{"mods":["BaseMod","Better Vampires","Colored Map","Colored Powertips","Custom Start","DeckTracker","Highlight Path","KOR Keyword Fix","Minty Spire (QoL Compilation)","Rare Cards Sparkle","Relic Stats","StSLib","SuperFastMode","everything is the same but u backflip on backflip"],"gold_per_floor":[119,130,55,55,73,73,91,91,117,192,206,237,248,248,248,324,324,334,334,353,57,71,71,71,71],"floor_reached":24,"language":"KOR","playtime":527,"items_purged":["Strike_R"],"score":400,"play_id":"7e620c28-99ed-4963-af90-fb25513afff9","local_time":"20210218014244","is_ascension_mode":true,"campfire_choices":[{"data":"Wild Strike","floor":6,"key":"SMITH"},{"data":"Shockwave","floor":8,"key":"SMITH"},{"data":"Armaments","floor":15,"key":"SMITH"},{"floor":23,"key":"REST"}],"circlet_count":0,"master_deck":["AscendersBane","Strike_R","Strike_R","Strike_R","Defend_R","Defend_R","Defend_R","Defend_R","Bash","Wild Strike+1","Shrug It Off","Second Wind","Shockwave+1","Pommel Strike","Armaments+1","Feed","Cleave+1"],"relics":["Burning Blood","Nunchaku","Bag of Marbles","Boot","Philosopher\u0027s Stone","PrismaticShard"],"acts_visited":["Exordium","TheCity"],"potions_floor_usage":[12,14,20,22],"damage_taken":[{"damage":14,"enemies":"2 Louse","floor":1,"turns":4},{"damage":3,"enemies":"Small Slimes","floor":2,"turns":3},{"damage":7,"enemies":"Jaw Worm","floor":5,"turns":3},{"damage":0,"enemies":"Red Slaver","floor":7,"turns":3},{"damage":4,"enemies":"Looter","floor":11,"turns":3},{"damage":31,"enemies":"Gremlin Nob","floor":12,"turns":4},{"damage":4,"enemies":"Exordium Wildlife","floor":13,"turns":4},{"damage":0,"enemies":"3 Louse","floor":14,"turns":2},{"damage":27,"enemies":"The Guardian","floor":16,"turns":15},{"damage":14,"enemies":"Chosen","floor":18,"turns":5},{"damage":58,"enemies":"3 Byrds","floor":20,"turns":8},{"damage":27,"enemies":"Snake Plant","floor":22,"turns":5},{"damage":43,"enemies":"Book of Stabbing","floor":24,"turns":4}],"seed_played":"-669465959320708204","potions_obtained":[{"floor":1,"key":"BloodPotion"},{"floor":2,"key":"SmokeBomb"},{"floor":12,"key":"BloodPotion"},{"floor":20,"key":"Ancient Potion"}],"is_trial":false,"path_per_floor":["M","M","?","?","M","R","M","R","T","?","M","E","M","M","R","B",null,"M","?","M","$","M","R","E"],"character_chosen":"IRONCLAD","items_purchased":["Swift Potion","PrismaticShard"],"campfire_rested":1,"item_purchase_floors":[21,21],"current_hp_per_floor":[60,63,63,68,67,67,73,73,73,62,64,55,57,63,63,42,71,63,63,30,30,13,39,0,0],"gold":71,"neow_bonus":"RANDOM_COMMON_RELIC","is_daily":false,"chose_seed":false,"campfire_upgraded":3,"win_rate":0.0,"timestamp":1613580164,"path_taken":["M","M","?","?","M","R","M","R","T","?","M","E","M","M","R","BOSS","M","?","M","$","M","R","E"],"items_purchased_type":["Potion","Relic"],"build_version":"2020-12-22","purchased_purges":1,"victory":false,"max_hp_per_floor":[75,75,75,80,80,80,80,80,80,80,80,80,80,80,80,80,80,80,80,83,83,87,87,87,87],"relic_stats":{"Nunchaku":[10],"counters":[13,63],"Boot":[13],"obtain_stats":[{"Nunchaku":0,"Philosopher\u0027s Stone":17,"Bag of Marbles":9,"Boot":12,"PrismaticShard":21,"Burning Blood":0},{"Nunchaku":0,"Philosopher\u0027s Stone":9,"Bag of Marbles":4,"Boot":6,"PrismaticShard":11,"Burning Blood":0},{"Nunchaku":0,"Philosopher\u0027s Stone":41,"Bag of Marbles":13,"Boot":20,"PrismaticShard":54,"Burning Blood":0}],"Burning Blood":72},"card_choices":[{"not_picked":["Evolve","Burning Pact"],"picked":"Wild Strike","floor":1},{"not_picked":["Rupture","Intimidate"],"picked":"Shrug It Off","floor":2},{"not_picked":["Bloodletting","Iron Wave"],"picked":"Second Wind","floor":5},{"not_picked":["Uppercut","Iron Wave"],"picked":"Shockwave","floor":7},{"not_picked":["Clothesline","Rupture"],"picked":"Pommel Strike","floor":11},{"not_picked":["Pummel","Clash"],"picked":"Armaments","floor":12},{"not_picked":["Hemokinesis","Uppercut","Havoc"],"picked":"SKIP","floor":13},{"not_picked":["Limit Break","Impervious"],"picked":"Feed","floor":16},{"not_picked":["Sword Boomerang","Cleave","Clothesline"],"picked":"SKIP","floor":18},{"not_picked":["Anger","Wild Strike"],"picked":"Cleave+1","floor":20},{"not_picked":["Thunderclap","EmptyBody","Perfected Strike"],"picked":"SKIP","floor":22}],"player_experience":1475811,"relics_obtained":[{"floor":9,"key":"Bag of Marbles"},{"floor":12,"key":"Boot"}],"event_choices":[{"cards_removed":["Strike_R"],"damage_healed":0,"gold_gain":0,"player_choice":"Card Removal","damage_taken":0,"max_hp_gain":0,"max_hp_loss":0,"event_name":"The Cleric","floor":3,"gold_loss":75},{"damage_healed":0,"gold_gain":0,"player_choice":"Donut","damage_taken":0,"max_hp_gain":5,"max_hp_loss":0,"event_name":"Big Fish","floor":4,"gold_loss":0},{"damage_healed":0,"gold_gain":75,"player_choice":"Gather Gold","damage_taken":11,"max_hp_gain":0,"max_hp_loss":0,"event_name":"World of Goop","floor":10,"gold_loss":0},{"damage_healed":0,"gold_gain":0,"player_choice":"Ignored","damage_taken":0,"max_hp_gain":0,"max_hp_loss":0,"event_name":"Vampires","floor":19,"gold_loss":0}],"is_beta":false,"boss_relics":[{"not_picked":["Runic Dome","Velvet Choker"],"picked":"Philosopher\u0027s Stone"}],"items_purged_floors":[21],"is_endless":false,"potions_floor_spawned":[1,2,11,12,13,20],"killed_by":"Book of Stabbing","ascension_level":20}}