{"host":"c6u7e77myxvw4d0m","time":1613552914,"event":{"mods":["AchievementEnabler","BaseMod","Bestiary","Colored Map","Colored Powertips","Minty Spire (QoL Compilation)","Rare Cards Sparkle","Relic Stats","everything is the same but u backflip on backflip"],"gold_per_floor":[118,138,149,166,185,185,220,2,2,28,28,28,46,46,46,125,125,141,115,40,54,69,69,104,104,157,157,157,173,192,192,192,192,192],"floor_reached":33,"language":"ENG","playtime":2195,"items_purged":[],"score":562,"play_id":"e3cd4d12-8529-4a6c-bb78-cefe9e78381f","local_time":"20210217110834","is_ascension_mode":true,"campfire_choices":[{"data":"Predator","floor":6,"key":"SMITH"},{"floor":12,"key":"REST"},{"floor":15,"key":"REST"},{"data":"Prepared","floor":23,"key":"SMITH"},{"floor":25,"key":"REST"},{"data":"Terror","floor":28,"key":"SMITH"},{"floor":32,"key":"REST"}],"circlet_count":0,"master_deck":["AscendersBane","Strike_G","Strike_G","Strike_G","Strike_G","Defend_G","Defend_G","Defend_G","Defend_G","Defend_G","Survivor","Neutralize","Eviscerate","Terror+1","Predator+1","Blade Dance","Flechettes","Dagger Throw","Blade Dance","Dash","Underhanded Strike","Well Laid Plans+1","Prepared+1","Backflip","Adrenaline","Prepared+1","Dagger Throw","Footwork","Reflex+1","Prepared+1","Deflect","Dagger Spray"],"relics":["Ring of the Snake","Vajra","Unceasing Top","Orrery","Paper Crane","Juzu Bracelet","HoveringKite","Peace Pipe","Bronze Scales"],"acts_visited":["Exordium","TheCity"],"potions_floor_usage":[5,10,14,24,33],"damage_taken":[{"damage":0,"enemies":"Cultist","floor":1,"turns":4},{"damage":0,"enemies":"Jaw Worm","floor":2,"turns":3},{"damage":0,"enemies":"Small Slimes","floor":3,"turns":2},{"damage":0,"enemies":"Red Slaver","floor":4,"turns":4},{"damage":7,"enemies":"Exordium Wildlife","floor":5,"turns":3},{"damage":22,"enemies":"3 Sentries","floor":7,"turns":6},{"damage":20,"enemies":"Lagavulin","floor":10,"turns":4},{"damage":18,"enemies":"Large Slime","floor":13,"turns":2},{"damage":0,"enemies":"3 Louse","floor":14,"turns":1},{"damage":15,"enemies":"Hexaghost","floor":16,"turns":8},{"damage":11,"enemies":"Spheric Guardian","floor":18,"turns":4},{"damage":11,"enemies":"2 Thieves","floor":19,"turns":4},{"damage":13,"enemies":"Cultist and Chosen","floor":21,"turns":5},{"damage":11,"enemies":"Shelled Parasite and Fungi","floor":22,"turns":4},{"damage":29,"enemies":"Slavers","floor":24,"turns":4},{"damage":0,"enemies":"Snake Plant","floor":29,"turns":2},{"damage":0,"enemies":"Centurion and Healer","floor":30,"turns":4},{"damage":57,"enemies":"Automaton","floor":33,"turns":6}],"seed_played":"-622727056177395564","potions_obtained":[{"floor":1,"key":"AttackPotion"},{"floor":5,"key":"FairyPotion"},{"floor":10,"key":"SmokeBomb"},{"floor":16,"key":"Swift Potion"},{"floor":21,"key":"SteroidPotion"},{"floor":24,"key":"Ancient Potion"},{"floor":30,"key":"DistilledChaos"}],"is_trial":false,"path_per_floor":["M","M","M","M","M","R","E","$","T","E","?","R","M","M","R","B",null,"M","M","?","M","M","R","E","R","T","?","R","M","M","?","R","B"],"character_chosen":"THE_SILENT","items_purchased":["Orrery","SteroidPotion"],"campfire_rested":4,"item_purchase_floors":[8,8],"current_hp_per_floor":[59,59,59,59,52,52,30,30,30,10,10,29,11,11,30,15,53,42,31,31,18,7,7,6,25,25,25,25,25,25,25,44,0,0],"gold":192,"neow_bonus":"RANDOM_COMMON_RELIC","is_daily":false,"chose_seed":false,"campfire_upgraded":3,"win_rate":0.0,"timestamp":1613552914,"path_taken":["M","M","M","M","M","R","E","$","T","E","?","R","M","M","R","BOSS","M","M","?","M","M","R","E","R","T","?","R","M","M","?","R","BOSS"],"items_purchased_type":["Relic","Potion"],"build_version":"2020-12-22","purchased_purges":0,"victory":false,"max_hp_per_floor":[66,66,66,66,66,66,66,66,66,66,66,66,66,66,66,66,66,66,66,66,66,66,66,66,66,66,66,66,66,66,66,66,66,66],"relic_stats":{"Peace Pipe":0,"counters":[18,70],"Bronze Scales":[18],"HoveringKite":[27],"Juzu Bracelet":1,"obtain_stats":[{"Peace Pipe":24,"Bronze Scales":26,"Vajra":0,"Orrery":8,"HoveringKite":17,"Juzu Bracelet":10,"Paper Crane":9,"Unceasing Top":7,"Ring of the Snake":0},{"Peace Pipe":15,"Bronze Scales":15,"Vajra":0,"Orrery":6,"HoveringKite":10,"Juzu Bracelet":7,"Paper Crane":6,"Unceasing Top":6,"Ring of the Snake":0},{"Peace Pipe":58,"Bronze Scales":58,"Vajra":0,"Orrery":22,"HoveringKite":37,"Juzu Bracelet":26,"Paper Crane":22,"Unceasing Top":22,"Ring of the Snake":0}],"Unceasing Top":[6],"Ring of the Snake":[36]},"card_choices":[{"not_picked":["Footwork","Sucker Punch"],"picked":"Eviscerate","floor":1},{"not_picked":["PiercingWail","Well Laid Plans"],"picked":"Terror","floor":2},{"not_picked":["Cloak And Dagger","Deflect"],"picked":"Predator","floor":3},{"not_picked":["Backflip","Dodge and Roll"],"picked":"Blade Dance","floor":4},{"not_picked":["Deflect","Backflip"],"picked":"Flechettes","floor":5},{"not_picked":["Acrobatics","Burst"],"picked":"Dagger Throw","floor":7},{"not_picked":["Underhanded Strike","Backstab"],"picked":"Blade Dance","floor":8},{"not_picked":["Bane","Blade Dance"],"picked":"Dash","floor":8},{"not_picked":["PiercingWail","All Out Attack"],"picked":"Underhanded Strike","floor":8},{"not_picked":["Expertise","Escape Plan"],"picked":"Well Laid Plans","floor":8},{"not_picked":["Crippling Poison","Footwork"],"picked":"Prepared","floor":10},{"not_picked":["Sucker Punch","Quick Slash"],"picked":"Backflip","floor":13},{"not_picked":["Storm of Steel","After Image"],"picked":"Adrenaline","floor":16},{"not_picked":["Crippling Poison","Outmaneuver"],"picked":"Prepared+1","floor":18},{"not_picked":["Choke","Slice"],"picked":"Dagger Throw","floor":19},{"not_picked":["Underhanded Strike","PiercingWail"],"picked":"Footwork","floor":21},{"not_picked":["Distraction","Sucker Punch","Predator"],"picked":"SKIP","floor":22},{"not_picked":["Calculated Gamble","Predator+1"],"picked":"Reflex+1","floor":24},{"not_picked":["Bouncing Flask","Bullet Time"],"picked":"Deflect","floor":29},{"not_picked":["Infinite Blades","Leg Sweep"],"picked":"Dagger Spray","floor":30}],"player_experience":824099,"relics_obtained":[{"floor":7,"key":"Unceasing Top"},{"floor":9,"key":"Paper Crane"},{"floor":10,"key":"Juzu Bracelet"},{"floor":24,"key":"Peace Pipe"},{"floor":26,"key":"Bronze Scales"}],"event_choices":[{"damage_healed":0,"gold_gain":0,"player_choice":"Fled","damage_taken":0,"max_hp_gain":0,"max_hp_loss":0,"event_name":"Scrap Ooze","floor":11,"gold_loss":0},{"cards_removed":["Strike_G"],"damage_healed":0,"gold_gain":0,"player_choice":"Gave Gold","damage_taken":0,"max_hp_gain":0,"max_hp_loss":0,"event_name":"Beggar","floor":20,"gold_loss":75},{"damage_healed":0,"gold_gain":0,"player_choice":"Copied","damage_taken":0,"max_hp_gain":0,"max_hp_loss":0,"event_name":"Duplicator","floor":27,"gold_loss":0,"cards_obtained":["Prepared"]},{"damage_healed":0,"gold_gain":0,"player_choice":"Upgraded","damage_taken":0,"max_hp_gain":0,"max_hp_loss":0,"event_name":"Upgrade Shrine","floor":31,"gold_loss":0,"cards_upgraded":["Well Laid Plans"]}],"is_beta":false,"boss_relics":[{"not_picked":["WristBlade","Astrolabe"],"picked":"HoveringKite"}],"items_purged_floors":[],"is_endless":false,"potions_floor_spawned":[1,5,10,14,16,21,22,24,30],"killed_by":"Automaton","ascension_level":20}}