{"host":"h2gxemxa99wv6yfu","time":1613544554,"event":{"mods":["AchievementEnabler","BaseMod","Better Note","Better Skull","BetterRewards","Block Reminder","Colored Powertips","Friendly Minions","Googly Eyes","Highlight Path","Infinite Spire","Minty Spire (QoL Compilation)","Permanent Neow","Quick Restart","Relic Sorter","Relic Stats","Reliquary","Replay The Spire","Shop Mod","StSLib","The Wild Card","Uncapped"],"gold_per_floor":[111,111,286,303,318,318,2,27,27,38,38,70,85,100,100,203,203,220,220,160,171,171,206,222,257,257,257,267,267,277,297,297,297,297],"floor_reached":33,"language":"ENG","playtime":1258,"items_purged":[],"score":314,"play_id":"5a6a74c2-4db0-448a-9f08-678f1e6cd729","local_time":"20210217004914","is_ascension_mode":true,"campfire_choices":[{"data":"Zap","floor":6,"key":"SMITH"},{"floor":15,"key":"REST"},{"floor":29,"key":"REST"},{"data":"Consume","floor":32,"key":"SMITH"}],"circlet_count":0,"master_deck":["Strike_B","Defend_B","Defend_B","Defend_B","Defend_B","Zap+1","Dualcast+1","Biased Cognition","Thunder Strike","Doubt","Chill","Capacitor","Ball Lightning","Electrodynamics","Loop","Consume+1"],"relics":["Cracked Core","reliquary:LoveEmittingDiode","Replay:PocketPolymizer","Pantograph","Gremlin Horn","Black Star","Nilry\u0027s Codex","Gambling Chip","infinitespire:Golems Mask","reliquary:Spinner","Boot","Pear","reliquary:HotPoker"],"acts_visited":["Exordium","TheCity"],"potions_floor_usage":[23,25,25],"damage_taken":[{"damage":3,"enemies":"2 Louse","floor":1,"turns":2},{"damage":6,"enemies":"Jaw Worm","floor":4,"turns":4},{"damage":2,"enemies":"Small Slimes","floor":5,"turns":4},{"damage":4,"enemies":"Gremlin Nob","floor":8,"turns":3},{"damage":2,"enemies":"Blue Slaver","floor":10,"turns":2},{"damage":16,"enemies":"Lagavulin","floor":12,"turns":6},{"damage":0,"enemies":"2 Fungi Beasts","floor":13,"turns":3},{"damage":4,"enemies":"Large Slime","floor":14,"turns":4},{"damage":7,"enemies":"The Guardian","floor":16,"turns":8},{"damage":15,"enemies":"Shell Parasite","floor":18,"turns":4},{"damage":0,"enemies":"Chosen","floor":21,"turns":3},{"damage":17,"enemies":"Replay:Snechameleon","floor":23,"turns":7},{"damage":4,"enemies":"Snake Plant","floor":24,"turns":3},{"damage":19,"enemies":"Book of Stabbing","floor":25,"turns":7},{"damage":4,"enemies":"Cultist and Chosen","floor":28,"turns":4},{"damage":5,"enemies":"Centurion and Healer","floor":30,"turns":4},{"damage":0,"enemies":"3 Cultists","floor":31,"turns":2},{"damage":81,"enemies":"Champ","floor":33,"turns":8}],"seed_played":"7423122153590523995","potions_obtained":[{"floor":1,"key":"Swift Potion"},{"floor":4,"key":"SkillPotion"},{"floor":8,"key":"Flashbang"},{"floor":13,"key":"Regen Potion"},{"floor":24,"key":"Strength Potion"},{"floor":30,"key":"PotionOfCapacity"},{"floor":31,"key":"PotionOfCapacity"}],"is_trial":false,"path_per_floor":["M","?","?","M","M","R","$","E","T","M","?","E","M","M","R","B",null,"M","?","?","M","?","E","M","E","T","AVR","M","R","M","M","R","B"],"character_chosen":"DEFECT","items_purchased":["Capacitor","reliquary:LoveEmittingDiode"],"campfire_rested":2,"item_purchase_floors":[7,7],"current_hp_per_floor":[51,51,51,45,43,43,43,39,39,37,37,21,21,17,39,57,75,60,44,44,44,44,42,38,19,29,29,25,50,45,45,45,0,0],"gold":297,"neow_bonus":"TRANSFORM_TWO_CARDS","is_daily":false,"chose_seed":false,"campfire_upgraded":2,"win_rate":0.0,"timestamp":1613544554,"path_taken":["M","?","?","M","M","R","$","E","T","M","?","E","?","M","R","BOSS","M","?","?","M","?","E","?","E","T","AVR","M","R","?","M","R","BOSS"],"items_purchased_type":["Card","Relic"],"build_version":"2020-12-22","purchased_purges":0,"victory":false,"max_hp_per_floor":[75,75,75,75,75,75,75,75,75,75,75,75,75,75,75,75,75,75,75,75,75,75,75,75,75,85,85,85,85,85,85,85,85,85],"relic_stats":{"Gremlin Horn":[4,4],"counters":[19,81],"Pantograph":50,"Gambling Chip":[8],"Black Star":2,"Boot":[0],"obtain_stats":[{"reliquary:LoveEmittingDiode":7,"Replay:PocketPolymizer":8,"Pear":26,"Gremlin Horn":12,"Nilry\u0027s Codex":19,"reliquary:Spinner":25,"Boot":25,"reliquary:HotPoker":27,"Pantograph":9,"Gambling Chip":23,"infinitespire:Golems Mask":23,"Black Star":17,"Cracked Core":0},{"reliquary:LoveEmittingDiode":4,"Replay:PocketPolymizer":5,"Pear":15,"Gremlin Horn":7,"Nilry\u0027s Codex":11,"reliquary:Spinner":15,"Boot":15,"reliquary:HotPoker":15,"Pantograph":5,"Gambling Chip":13,"infinitespire:Golems Mask":13,"Black Star":10,"Cracked Core":0},{"reliquary:LoveEmittingDiode":13,"Replay:PocketPolymizer":16,"Pear":63,"Gremlin Horn":24,"Nilry\u0027s Codex":43,"reliquary:Spinner":63,"Boot":63,"reliquary:HotPoker":63,"Pantograph":16,"Gambling Chip":53,"infinitespire:Golems Mask":53,"Black Star":39,"Cracked Core":0}]},"card_choices":[{"not_picked":["ReplayTheSpireMod:Reroute Power","Gash","Compile Driver"],"picked":"SKIP","floor":1},{"not_picked":["Streamline","Force Field","Undo"],"picked":"SKIP","floor":4},{"not_picked":["Streamline","Force Field","Undo"],"picked":"SKIP","floor":4},{"not_picked":["ReplayTheSpireMod:Reroute Power","Turbo"],"picked":"Chill","floor":5},{"not_picked":["ReplayTheSpireMod:System Scan","Reinforced Body","Hologram"],"picked":"SKIP","floor":8},{"not_picked":["Glacier","Time Bomb","Beam Cell"],"picked":"SKIP","floor":10},{"not_picked":["Barrage","Steam","Panic Button"],"picked":"SKIP","floor":12},{"not_picked":["Turbo","ReplaySort"],"picked":"Ball Lightning","floor":13},{"not_picked":["Hologram","Stack","Skim"],"picked":"SKIP","floor":14},{"not_picked":["Multi-Cast","All For One"],"picked":"Electrodynamics","floor":16},{"not_picked":["Barrage","Genetic Algorithm","FIFO Queue"],"picked":"SKIP","floor":18},{"not_picked":["Force Field","Fusion","Capacitor"],"picked":"SKIP","floor":21},{"not_picked":["ReplayTheSpireMod:System Scan","Meteor Strike"],"picked":"Loop","floor":23},{"not_picked":["Hologram","Panic Button","Gash"],"picked":"SKIP","floor":24},{"not_picked":["Chaos","Coolheaded+1","Undo"],"picked":"SKIP","floor":25},{"not_picked":["Ball Lightning","Steam","Beam Cell"],"picked":"SKIP","floor":28},{"not_picked":["Beam Cell","Leap","All For One"],"picked":"SKIP","floor":30},{"not_picked":["Hologram+1","Barrage+1"],"picked":"Consume","floor":31}],"player_experience":37128,"relics_obtained":[{"floor":8,"key":"Replay:PocketPolymizer"},{"floor":9,"key":"Pantograph"},{"floor":12,"key":"Gremlin Horn"},{"floor":19,"key":"Nilry\u0027s Codex"},{"floor":23,"key":"Gambling Chip"},{"floor":23,"key":"infinitespire:Golems Mask"},{"floor":25,"key":"reliquary:Spinner"},{"floor":25,"key":"Boot"},{"floor":26,"key":"Pear"}],"event_choices":[{"damage_healed":0,"gold_gain":175,"player_choice":"AGREE","damage_taken":0,"max_hp_gain":0,"max_hp_loss":0,"event_name":"Liars Game","floor":3,"gold_loss":0,"cards_obtained":["Doubt"]},{"cards_removed":["Strike_B"],"damage_healed":0,"gold_gain":0,"player_choice":"Purged","damage_taken":0,"max_hp_gain":0,"max_hp_loss":0,"event_name":"Purifier","floor":11,"gold_loss":0},{"damage_healed":0,"gold_gain":0,"player_choice":"Obtained Book","damage_taken":16,"max_hp_gain":0,"max_hp_loss":0,"event_name":"Cursed Tome","floor":19,"gold_loss":0},{"damage_healed":0,"gold_gain":0,"player_choice":"Ignored","damage_taken":0,"max_hp_gain":0,"max_hp_loss":0,"event_name":"Vampires","floor":22,"gold_loss":0}],"is_beta":false,"boss_relics":[{"not_picked":["reliquary:Craggleroot","reliquary:RedCape"],"picked":"Black Star"}],"items_purged_floors":[],"is_endless":false,"potions_floor_spawned":[1,4,8,13,18,24,30,31],"killed_by":"Champ","ascension_level":1}}