{"host":"8f5cu9y0fpol72qs","time":1613544319,"event":{"mods":["AlwaysNeverKeys","BaseMod","Colored Map","Colored Powertips","Curses Come First","Highlight Path","Key Reminder","Minty Spire (QoL Compilation)","StSLib"],"gold_per_floor":[115,135,152,170,185,210,210,241,241,272,272,292,319,332,332,403,403,420,420,47,66,80,80,108,108,108,141,158,158,108,128,128,207,207,226,238,238,238,248,579,579,604,604,604,629,629,658,281,281,281,281,281,69,100,100,100],"floor_reached":55,"language":"ENG","playtime":8897,"items_purged":["Strike_R","Defend_R","Defend_R","Bash"],"score":1815,"play_id":"feb0517e-58f8-4f9d-bdf6-aa6fb57c563c","local_time":"20210216224519","is_ascension_mode":true,"campfire_choices":[{"data":"Whirlwind","floor":7.0,"key":"SMITH"},{"data":"Strike_R","floor":11.0,"key":"PURGE"},{"data":"Strike_R","floor":15.0,"key":"PURGE"},{"data":"Strike_R","floor":23.0,"key":"PURGE"},{"data":"Strike_R","floor":25.0,"key":"PURGE"},{"data":"Defend_R","floor":29.0,"key":"PURGE"},{"floor":32.0,"key":"REST"},{"data":"Decay","floor":44,"key":"PURGE"},{"floor":46,"key":"RECALL"},{"data":"Demon Form","floor":49,"key":"SMITH"},{"data":"Defend_R","floor":52,"key":"PURGE"}],"circlet_count":0,"master_deck":["AscendersBane","Whirlwind+1","Pommel Strike","Flame Barrier","Shrug It Off","Corruption","Disarm","Pommel Strike","Clothesline","Feel No Pain","Exhume","Spot Weakness","RitualDagger","Feel No Pain","Armaments+1","Shrug It Off+1","Shockwave+1","Dark Embrace","Demon Form+1","Impervious+1","Flame Barrier+1","Sentinel+1","Madness+1","Madness+1","Body Slam+1","Limit Break+1","Shrug It Off+1","Shrug It Off+1"],"relics":["Burning Blood","Smiling Mask","PreservedInsect","WingedGreaves","Peace Pipe","StrikeDummy","Cursed Key","Toxic Egg 2","White Beast Statue","Red Skull","Runic Pyramid","Old Coin","Charon\u0027s Ashes","Darkstone Periapt","Dead Branch","Bottled Tornado","Frozen Eye","Akabeko"],"acts_visited":["Exordium","TheCity","TheBeyond","TheEnding"],"potions_floor_usage":[55,55],"damage_taken":[{"damage":5.0,"enemies":"2 Louse","floor":1.0,"turns":4.0},{"damage":4.0,"enemies":"Jaw Worm","floor":2.0,"turns":4.0},{"damage":8.0,"enemies":"Cultist","floor":3.0,"turns":5.0},{"damage":0.0,"enemies":"2 Fungi Beasts","floor":4.0,"turns":2.0},{"damage":10.0,"enemies":"Exordium Thugs","floor":5.0,"turns":4.0},{"damage":32.0,"enemies":"Lagavulin","floor":6.0,"turns":10.0},{"damage":20.0,"enemies":"Gremlin Nob","floor":8.0,"turns":4.0},{"damage":14.0,"enemies":"Lagavulin","floor":10.0,"turns":7.0},{"damage":0.0,"enemies":"3 Louse","floor":12.0,"turns":2.0},{"damage":15.0,"enemies":"3 Sentries","floor":13.0,"turns":4.0},{"damage":1.0,"enemies":"Red Slaver","floor":14.0,"turns":3.0},{"damage":30.0,"enemies":"The Guardian","floor":16.0,"turns":15.0},{"damage":6.0,"enemies":"Shell Parasite","floor":18.0,"turns":5.0},{"damage":7.0,"enemies":"Spheric Guardian","floor":21.0,"turns":5.0},{"damage":18.0,"enemies":"Snake Plant","floor":22.0,"turns":5.0},{"damage":29.0,"enemies":"Slavers","floor":24.0,"turns":4.0},{"damage":9.0,"enemies":"Gremlin Leader","floor":27.0,"turns":5.0},{"damage":0.0,"enemies":"Chosen and Byrds","floor":28.0,"turns":7.0},{"damage":12.0,"enemies":"Centurion and Healer","floor":31.0,"turns":3.0},{"damage":36.0,"enemies":"Collector","floor":33.0,"turns":11.0},{"damage":0.0,"enemies":"Orb Walker","floor":35.0,"turns":5.0},{"damage":0.0,"enemies":"3 Darklings","floor":36.0,"turns":6.0},{"damage":19.0,"enemies":"Maw","floor":39.0,"turns":8.0},{"damage":0.0,"enemies":"Reptomancer","floor":40.0,"turns":6.0},{"damage":0,"enemies":"Nemesis","floor":42,"turns":7},{"damage":0,"enemies":"Reptomancer","floor":45,"turns":3},{"damage":9,"enemies":"Giant Head","floor":47,"turns":5},{"damage":26,"enemies":"Donu and Deca","floor":50,"turns":6},{"damage":66,"enemies":"Shield and Spear","floor":54,"turns":5},{"damage":53,"enemies":"The Heart","floor":55,"turns":3}],"seed_played":"6017429773671478764","potions_obtained":[{"floor":1.0,"key":"Energy Potion"},{"floor":2.0,"key":"Explosive Potion"},{"floor":3.0,"key":"SneckoOil"},{"floor":6.0,"key":"HeartOfIron"},{"floor":8.0,"key":"Explosive Potion"},{"floor":14.0,"key":"AttackPotion"},{"floor":18.0,"key":"Weak Potion"},{"floor":24.0,"key":"GamblersBrew"},{"floor":27.0,"key":"Dexterity Potion"},{"floor":28.0,"key":"ColorlessPotion"},{"floor":31.0,"key":"FearPotion"},{"floor":33.0,"key":"DistilledChaos"},{"floor":35.0,"key":"Strength Potion"},{"floor":36.0,"key":"SpeedPotion"},{"floor":38.0,"key":"CultistPotion"},{"floor":38.0,"key":"BloodPotion"},{"floor":39.0,"key":"BloodPotion"},{"floor":40.0,"key":"DuplicationPotion"},{"floor":54,"key":"Regen Potion"}],"is_trial":false,"path_per_floor":["M","M","M","M","M","E","R","E","T","E","R","M","E","M","R","B",null,"M","?","$","M","M","R","E","R","T","E","M","R","$","M","R","B",null,"M","M","?","?","M","E","?","E","T","R","E","R","E","$","R","B",null,"R","$","E","B"],"character_chosen":"IRONCLAD","items_purchased":["Toxic Egg 2","Feel No Pain","Bottled Tornado","Shrug It Off+1","Frozen Eye"],"campfire_rested":1,"item_purchase_floors":[20,20,48,48,53],"current_hp_per_floor":[76,78,76,82,78,52,52,38,38,30,30,36,27,32,32,8,64,64,58,58,57,45,45,22,22,22,19,25,25,25,19,43,13,65,71,77,77,77,80,82,67,73,73,73,79,79,76,76,76,56,76,76,76,16,0,0],"gold":100,"neow_bonus":"TEN_PERCENT_HP_BONUS","is_daily":false,"chose_seed":false,"campfire_upgraded":2,"win_rate":0.0,"timestamp":1613544319,"path_taken":["M","M","M","M","M","E","R","E","T","E","R","M","E","M","R","BOSS","M","?","$","M","M","R","E","R","T","E","M","R","$","M","R","BOSS","M","M","?","?","?","E","?","E","T","R","E","R","E","$","R","BOSS","R","$","E","BOSS"],"items_purchased_type":["Relic","Card","Relic","Card","Relic"],"build_version":"2020-12-22","purchased_purges":4,"victory":false,"max_hp_per_floor":[82,82,82,82,82,82,82,82,82,82,82,82,82,82,82,82,82,82,82,82,82,82,82,82,82,82,82,82,82,82,82,82,82,82,82,82,82,82,82,82,82,82,82,82,82,82,82,82,82,82,82,82,82,82,82,82],"card_choices":[{"not_picked":["Second Wind","Rage"],"picked":"Whirlwind","floor":1.0},{"not_picked":["Twin Strike","Headbutt"],"picked":"Pommel Strike","floor":2.0},{"not_picked":["Cleave","Feel No Pain"],"picked":"Flame Barrier","floor":3.0},{"not_picked":["Clothesline","Rupture"],"picked":"Shrug It Off","floor":4.0},{"not_picked":["Heavy Blade","Dropkick"],"picked":"Corruption","floor":5.0},{"not_picked":["Thunderclap","Wild Strike"],"picked":"Disarm","floor":6.0},{"not_picked":["Flex","Wild Strike","Havoc"],"picked":"SKIP","floor":8.0},{"not_picked":["Sword Boomerang","Perfected Strike"],"picked":"Pommel Strike","floor":10.0},{"not_picked":["Rupture","Dropkick"],"picked":"Clothesline","floor":12.0},{"not_picked":["Havoc","Sword Boomerang","Pommel Strike"],"picked":"SKIP","floor":13.0},{"not_picked":["Fiend Fire","Cleave"],"picked":"Feel No Pain","floor":14.0},{"not_picked":["Berserk","Bludgeon"],"picked":"Exhume","floor":16.0},{"not_picked":["Dropkick","Thunderclap"],"picked":"Spot Weakness","floor":18.0},{"not_picked":["Clothesline","Blood for Blood"],"picked":"Armaments+1","floor":21.0},{"not_picked":["Sword Boomerang","Havoc+1","Cleave"],"picked":"SKIP","floor":22.0},{"not_picked":["Clothesline","Headbutt"],"picked":"Shrug It Off+1","floor":24.0},{"not_picked":["Inflame","Carnage+1"],"picked":"Shockwave+1","floor":27.0},{"not_picked":["Entrench+1","Cleave"],"picked":"Dark Embrace","floor":28.0},{"not_picked":["Anger","Clash"],"picked":"Demon Form","floor":31.0},{"not_picked":["Juggernaut","Exhume+1"],"picked":"Impervious+1","floor":33.0},{"not_picked":["True Grit+1","Warcry+1"],"picked":"Flame Barrier+1","floor":35.0},{"not_picked":["Ghostly Armor+1","Havoc+1"],"picked":"Sentinel+1","floor":36.0},{"not_picked":["Clothesline","Rage+1","Wild Strike"],"picked":"SKIP","floor":39.0},{"not_picked":["Twin Strike","Wild Strike","Infernal Blade+1"],"picked":"SKIP","floor":40.0},{"not_picked":["Wild Strike+1","Second Wind+1"],"picked":"Body Slam+1","floor":42},{"not_picked":["Dual Wield+1","Flame Barrier+1"],"picked":"Limit Break+1","floor":45},{"not_picked":["Havoc+1","Power Through+1","Perfected Strike+1"],"picked":"SKIP","floor":47},{"not_picked":["Pommel Strike","Cleave"],"picked":"Shrug It Off+1","floor":54}],"player_experience":1082434,"relics_obtained":[{"floor":6.0,"key":"Smiling Mask"},{"floor":8.0,"key":"PreservedInsect"},{"floor":9.0,"key":"WingedGreaves"},{"floor":10.0,"key":"Peace Pipe"},{"floor":13.0,"key":"StrikeDummy"},{"floor":24.0,"key":"White Beast Statue"},{"floor":27.0,"key":"Red Skull"},{"floor":40.0,"key":"Old Coin"},{"floor":42,"key":"Charon\u0027s Ashes"},{"floor":45,"key":"Darkstone Periapt"},{"floor":47,"key":"Dead Branch"},{"floor":54,"key":"Akabeko"}],"event_choices":[{"damage_healed":0.0,"max_hp_gain":0.0,"max_hp_loss":0.0,"gold_gain":0.0,"event_name":"Nest","player_choice":"Joined the Cult","floor":19.0,"gold_loss":0.0,"damage_taken":6.0,"cards_obtained":["RitualDagger"]},{"damage_healed":0.0,"max_hp_gain":0.0,"max_hp_loss":0.0,"gold_gain":0.0,"event_name":"Tomb of Lord Red Mask","player_choice":"Ignored","floor":37.0,"gold_loss":0.0,"damage_taken":0.0},{"damage_healed":0.0,"max_hp_gain":0.0,"max_hp_loss":0.0,"gold_gain":0.0,"event_name":"Lab","player_choice":"Got Potions","floor":38.0,"gold_loss":0.0,"damage_taken":0.0},{"damage_healed":0.0,"max_hp_gain":0.0,"max_hp_loss":0.0,"gold_gain":0.0,"event_name":"Winding Halls","player_choice":"Embrace Madness","floor":41.0,"gold_loss":0.0,"damage_taken":15.0,"cards_obtained":["Madness","Madness"]}],"is_beta":false,"boss_relics":[{"not_picked":["Calling Bell","Philosopher\u0027s Stone"],"picked":"Cursed Key"},{"not_picked":["Pandora\u0027s Box","Tiny House"],"picked":"Runic Pyramid"}],"items_purged_floors":[20,30,48,53],"is_endless":false,"potions_floor_spawned":[1,2,3,6,8,14,18,24,27,28,31,33,35,36,39,40,42,45,47,54],"killed_by":"The Heart","ascension_level":19}}