{"host":"uxjsgyia3bdyayt0","time":1613556262,"event":{"mods":["AchievementEnabler","Act Like it!","BaseMod","Downfall","Gensokyo","KinomotoSakuraMod(木之本?)","Marisa（霧雨　魔理沙）","Minty Spire (QoL Compilation)","Prisma Mod","Reimu（博??梦）","Remilia（蕾米莉?）","Replay The Spire","StSLib","The Senshi","The Servant 0.9.4","Yakumo Yukari mod","Youmu（魂魄妖梦）","Yuyuko"],"gold_per_floor":[99,99,99,99,99,9,32,51,66,85,85,97,97,0,17,119,119,119,139,239,239,0,0,27,46,46,56,156,168,168,184,200,200,200],"floor_reached":33,"language":"ENG","playtime":2876,"items_purged":["PrismaMod:ChloeCheapDefendTwo","PrismaMod:ChloeCommonDefend","PrismaMod:ChloeCommonDefend","ZunPunch:ReiMu+1","ClowCardThePower+1","sneckomod:UnknownUncommonPower+1","DoubleEdge","PrismaMod:IllyaZwei","PrismaMod:ChloeCommonAttack","HeartBreak","ZunPunch:ReiMu+1","ClowCardThePower+1","sneckomod:UnknownUncommonPower+1"],"score":262,"play_id":"ac2b6dde-145c-41e2-8e3d-76c4d8ed3597","local_time":"20210217100422","is_ascension_mode":false,"campfire_choices":[{"data":"PrismaMod:ChloeCheapDefend","floor":1,"key":"SMITH"},{"data":"PrismaMod:ChloeExhaustOne","floor":13,"key":"SMITH"},{"data":"PrismaMod:ChloeUnlimitedBladeWorks","floor":18,"key":"SMITH"},{"floor":26,"key":"REST"},{"data":"PrismaMod:ChloeAnyRareTrace","floor":30,"key":"SMITH"}],"circlet_count":0,"master_deck":["PrismaMod:ChloeCommonAttack","PrismaMod:ChloeCommonAttack","PrismaMod:ChloeCommonAttack","PrismaMod:ChloeCommonAttack","PrismaMod:ChloeCommonAttack","PrismaMod:ChloeCommonDefend","PrismaMod:ChloeCommonDefend","PrismaMod:ChloeCheapAttack","PrismaMod:ChloeCheapDefend+1","PrismaMod:ChloeCaladbolg","PrismaMod:ChloeCheapDefendTwo","PrismaMod:ChloeGaeBolg","PrismaMod:ChloeRhongomyniad+1","PrismaMod:ChloeCheapDefend","PrismaMod:ChloeCaladbolg","PrismaMod:ChloeCheapAttackTwo","PrismaMod:ChloeExhaustOne+1","PrismaMod:ChloeGaeBolg","PrismaMod:ChloeCheapDefend","PrismaMod:ChloeUnlimitedBladeWorks+1","PrismaMod:ChloeAnySkillTrace+1","PrismaMod:ChloeCheapAttackTwo+1","PrismaMod:ChloeHalloween+1","PrismaMod:ChloeEyeOfTheEuryale+1","PrismaMod:ChloeExcalibur","PrismaMod:ChloeAnyRareTrace+1","PrismaMod:ChloeExhaustTwo","PrismaMod:ChloeExhaustOne","PrismaMod:ChloeCheapAttackTwo","PrismaMod:ChloeCheapAttackTwo","PrismaMod:ChloeBetterTracePools+1","PrismaMod:ChloeDemonicTutor","PrismaMod:ChloeDiscardRecovery"],"relics":["PrismaMod:PrismaTraceOn","downfall:HeartsMalice","Replay:Mystery Machine","Astrolabe","Replay:Wax Seal","Lizard Tail","Mirror"],"acts_visited":["Exordium","TheCity"],"potions_floor_usage":[16,16,16,33,33,33],"damage_taken":[{"damage":0,"enemies":"Cultist","floor":2,"turns":1},{"damage":0,"enemies":"2 Louse","floor":3,"turns":1},{"damage":0,"enemies":"Jaw Worm","floor":4,"turns":1},{"damage":0,"enemies":"downfall:FleeingMerchant","floor":6,"turns":4},{"damage":0,"enemies":"3 Louse","floor":8,"turns":3},{"damage":11,"enemies":"Exordium Thugs","floor":9,"turns":3},{"damage":0,"enemies":"Lots of Slimes","floor":10,"turns":2},{"damage":3,"enemies":"downfall:LooterAlt","floor":12,"turns":2},{"damage":6,"enemies":"downfall:FleeingMerchant","floor":14,"turns":4},{"damage":3,"enemies":"2 Fungi Beasts","floor":15,"turns":2},{"damage":6,"enemies":"WA_ARCHETYPE_RETAIN","floor":16,"turns":4},{"damage":0,"enemies":"3 Byrds","floor":19,"turns":3},{"damage":5,"enemies":"downfall:FleeingMerchant","floor":22,"turns":4},{"damage":7,"enemies":"downfall:FleeingMerchant","floor":23,"turns":5},{"damage":13,"enemies":"downfall:LooterAlt2","floor":25,"turns":3},{"damage":2,"enemies":"Cultist and Chosen","floor":27,"turns":3},{"damage":8,"enemies":"Colosseum Nobs","floor":28,"turns":3},{"damage":4,"enemies":"Chosen and Byrds","floor":29,"turns":4},{"damage":0,"enemies":"Snecko","floor":31,"turns":3},{"damage":33,"enemies":"Shelled Parasite and Fungi","floor":32,"turns":4},{"damage":96,"enemies":"IC_MUSHROOM_ARCHETYPE","floor":33,"turns":7}],"seed_played":"8741760105876616210","potions_obtained":[{"floor":5,"key":"Cursed Concoction"},{"floor":5,"key":"champ:CounterPotion"},{"floor":5,"key":"Ancient Potion"},{"floor":19,"key":"SkillPotion"},{"floor":25,"key":"LifebloodPotion"},{"floor":27,"key":"Swift Potion"}],"is_trial":false,"path_per_floor":["R","M","M","M","?","$","T","M","M","M","?","M","R","$","M","B",null,"R","M","?","?","$","$","T","M","R","M","?","M","R","M","M","B"],"character_chosen":"CHLOE","items_purchased":[],"campfire_rested":1,"item_purchase_floors":[],"current_hp_per_floor":[75,75,75,75,75,75,75,75,64,64,64,61,61,55,52,46,75,75,75,75,75,70,63,63,50,72,70,62,58,58,58,25,0,0],"gold":200,"neow_bonus":"THREE_ENEMY_KILL","is_daily":false,"chose_seed":false,"campfire_upgraded":4,"win_rate":0.0,"timestamp":1613556262,"path_taken":["R","M","M","?","?","$","T","?","M","M","?","M","R","$","M","BOSS","R","M","?","?","?","$","T","M","R","M","?","?","R","M","M","BOSS"],"items_purchased_type":[],"build_version":"2020-12-22","purchased_purges":13,"victory":false,"max_hp_per_floor":[75,75,75,75,75,75,75,75,75,75,75,75,75,75,75,75,75,75,75,75,75,75,75,75,75,75,75,75,75,75,75,75,75,75],"card_choices":[{"not_picked":["PrismaMod:ChloeCheapDefendTwo","PrismaMod:ChloeCommonAOEAttack"],"picked":"PrismaMod:ChloeCaladbolg","floor":2},{"not_picked":["PrismaMod:ChloeDemonicTutor","PrismaMod:ChloeRitsuka"],"picked":"PrismaMod:ChloeCheapDefendTwo","floor":3},{"not_picked":["PrismaMod:ChloeExhaustOne","PrismaMod:ChloeRuleBreaker"],"picked":"PrismaMod:ChloeGaeBolg","floor":4},{"not_picked":["PrismaMod:ChloeUncommonDefend","PrismaMod:ChloeMordred"],"picked":"PrismaMod:ChloeRhongomyniad","floor":6},{"not_picked":["PrismaMod:ChloeDiscardRecovery","PrismaMod:ChloeCheapDefendTwo"],"picked":"PrismaMod:ChloeCheapDefend","floor":8},{"not_picked":["PrismaMod:ChloeCheapAttackTwo","PrismaMod:ChloeDiscardRecovery"],"picked":"PrismaMod:ChloeCaladbolg","floor":9},{"not_picked":["PrismaMod:ChloeCheapDefend","PrismaMod:ChloeCommonAOEAttack"],"picked":"PrismaMod:ChloeCheapAttackTwo","floor":10},{"not_picked":["PrismaMod:ChloeCaladbolg","PrismaMod:ChloeCommonAOEAttack"],"picked":"PrismaMod:ChloeExhaustOne","floor":12},{"not_picked":["PrismaMod:ChloeExhaustOne","PrismaMod:ChloeCommonAOEAttack"],"picked":"PrismaMod:ChloeGaeBolg","floor":14},{"not_picked":["PrismaMod:ChloeDemonicTutor","PrismaMod:ChloeExhaustOne"],"picked":"PrismaMod:ChloeCheapDefend","floor":15},{"not_picked":["PrismaMod:ChloeAnySkillTrace","PrismaMod:ChloeAnyPowerTrace"],"picked":"PrismaMod:ChloeUnlimitedBladeWorks","floor":16},{"not_picked":["PrismaMod:ChloeExhaustOne","PrismaMod:ChloeCheapDefendTwo+1"],"picked":"PrismaMod:ChloeEyeOfTheEuryale+1","floor":19},{"not_picked":["PrismaMod:ChloeCheapDefendTwo","PrismaMod:ChloeRitsuka+1"],"picked":"PrismaMod:ChloeAnyRareTrace","floor":22},{"not_picked":["PrismaMod:ChloeExhaustOne","PrismaMod:ChloeRuleBreaker+1"],"picked":"PrismaMod:ChloeExhaustTwo","floor":23},{"not_picked":["PrismaMod:ChloeRitsuka","PrismaMod:ChloeCheapDefendTwo"],"picked":"PrismaMod:ChloeExhaustOne","floor":25},{"not_picked":["PrismaMod:ChloeCommonAOEAttack+1","PrismaMod:ChloeCheapAttack"],"picked":"PrismaMod:ChloeCheapAttackTwo","floor":27},{"not_picked":["PrismaMod:ChloeGaeBolg","PrismaMod:ChloeRitsuka"],"picked":"PrismaMod:ChloeCheapAttackTwo","floor":28},{"not_picked":["PrismaMod:ChloeRitsuka","PrismaMod:ChloeCheapDefendTwo"],"picked":"PrismaMod:ChloeBetterTracePools+1","floor":29},{"not_picked":["PrismaMod:ChloeRhongomyniad","PrismaMod:ChloeCheapDefend"],"picked":"PrismaMod:ChloeDemonicTutor","floor":31},{"not_picked":["PrismaMod:ChloeExhaustOne","PrismaMod:ChloeCheapDefendTwo"],"picked":"PrismaMod:ChloeDiscardRecovery","floor":32}],"player_experience":29718,"relics_obtained":[{"floor":7,"key":"Replay:Mystery Machine"},{"floor":24,"key":"Replay:Wax Seal"},{"floor":28,"key":"Lizard Tail"},{"floor":28,"key":"Mirror"}],"event_choices":[{"damage_healed":0,"gold_gain":0,"player_choice":"Got Potions","damage_taken":0,"max_hp_gain":0,"max_hp_loss":0,"event_name":"Lab","floor":5,"gold_loss":0},{"damage_healed":0,"gold_gain":0,"player_choice":"Read","damage_taken":0,"max_hp_gain":0,"max_hp_loss":0,"event_name":"The Library","floor":21,"gold_loss":0,"cards_obtained":["PrismaMod:ChloeExcalibur"]}],"is_beta":false,"boss_relics":[{"not_picked":["ReplayTheSpireMod:DimensionalGlitch","Replay:Grab Bag"],"picked":"Astrolabe"}],"items_purged_floors":[6,14,14,22,22,22,22,22,23,23,23,23,23],"is_endless":false,"potions_floor_spawned":[8,10,12,15,19,25,27,32],"killed_by":"IC_MUSHROOM_ARCHETYPE","ascension_level":0}}