{"host":"i0avyit1s6jb1siw","time":1613584666,"event":{"mods":["BaseMod","DeckTracker","Dota2Spire","Highlight Path","Minty Spire (QoL Compilation)","Quick Restart","StSLib","SuperFastMode"],"gold_per_floor":[116,116,116,132,148,65,65,103,130,130,154,154,185,209,209,305,368,392,0,14,32,32,32,52,52,66,145,145,145,161,192,206,106,106,197,197,215,548,138,155,165,165,165],"floor_reached":42,"language":"ENG","playtime":1088,"items_purged":["Strike_R","Strike_R","Strike_R"],"score":985,"play_id":"79441db3-5415-43bf-ac36-9e1048657b9f","local_time":"20210217185746","is_ascension_mode":true,"campfire_choices":[{"data":"Infernal Blade","floor":7.0,"key":"SMITH"},{"data":"Inflame","floor":10.0,"key":"SMITH"},{"data":"Sword Boomerang","floor":12.0,"key":"SMITH"},{"data":"Armaments","floor":15.0,"key":"SMITH"},{"floor":23.0,"key":"REST"},{"floor":25,"key":"REST"},{"data":"Limit Break","floor":34,"key":"SMITH"}],"circlet_count":0,"master_deck":["AscendersBane","Strike_R","Strike_R","Defend_R","Defend_R","Defend_R","Defend_R+1","Bash","Infernal Blade+1","Sword Boomerang+1","Flex","Inflame+1","Power Through","Heavy Blade","Armaments+1","Sword Boomerang","Limit Break+1","Whirlwind","Shrug It Off","Shrug It Off","Second Wind","Flex+1","Shrug It Off","Reaper","Power Through"],"relics":["Burning Blood","Anchor","Dota2Spire:DrumOfEndurance","Dota2Spire:BattleFury","Dream Catcher","HornCleat","Tiny House","Ginger","Dota2Spire:AghanimScepter","Matryoshka","TungstenRod","Dota2Spire:Bloodstone","Sundial"],"acts_visited":["Exordium","TheCity","TheBeyond"],"potions_floor_usage":[37],"damage_taken":[{"damage":7.0,"enemies":"Cultist","floor":1.0,"turns":4.0},{"damage":7.0,"enemies":"2 Louse","floor":4.0,"turns":4.0},{"damage":2.0,"enemies":"Jaw Worm","floor":5.0,"turns":2.0},{"damage":28.0,"enemies":"Lagavulin","floor":8.0,"turns":6.0},{"damage":0.0,"enemies":"Looter","floor":11.0,"turns":2.0},{"damage":36.0,"enemies":"Gremlin Nob","floor":13.0,"turns":4.0},{"damage":0.0,"enemies":"Lots of Slimes","floor":14.0,"turns":3.0},{"damage":11.0,"enemies":"Hexaghost","floor":16.0,"turns":6.0},{"damage":21.0,"enemies":"3 Byrds","floor":18.0,"turns":5.0},{"damage":18.0,"enemies":"Spheric Guardian","floor":20.0,"turns":4.0},{"damage":23.0,"enemies":"Cultist and Chosen","floor":21.0,"turns":4.0},{"damage":10,"enemies":"Snecko","floor":24,"turns":4},{"damage":20,"enemies":"Snake Plant","floor":26,"turns":5},{"damage":0,"enemies":"3 Cultists","floor":30,"turns":3},{"damage":0,"enemies":"Gremlin Leader","floor":31,"turns":5},{"damage":0,"enemies":"Chosen and Byrds","floor":32,"turns":2},{"damage":37,"enemies":"Collector","floor":35,"turns":8},{"damage":1,"enemies":"3 Darklings","floor":37,"turns":5},{"damage":0,"enemies":"Orb Walker","floor":40,"turns":3},{"damage":20,"enemies":"Spire Growth","floor":41,"turns":5},{"damage":60,"enemies":"Nemesis","floor":42,"turns":7}],"seed_played":"-4856904934815370828","potions_obtained":[{"floor":1.0,"key":"Swift Potion"},{"floor":5.0,"key":"BlessingOfTheForge"},{"floor":17.0,"key":"Weak Potion"},{"floor":20.0,"key":"LiquidBronze"},{"floor":30,"key":"Swift Potion"}],"is_trial":false,"path_per_floor":["M","?","?","M","M","$","R","E","T","R","M","R","E","M","R","B",null,"M","$","M","M","?","R","M","R","M","T","T","?","M","E","M","$","R","B",null,"M","?","$","M","M","E"],"character_chosen":"IRONCLAD","items_purchased":["Inflame","Ginger","Sundial"],"campfire_rested":2,"item_purchase_floors":[6,19,39],"current_hp_per_floor":[67,67,67,66,68,68,68,46,46,46,52,52,22,28,28,23,62,47,47,35,18,18,39,35,56,42,42,42,42,48,54,60,60,60,29,62,67,67,67,73,59,0,0],"gold":165,"neow_bonus":"RANDOM_COMMON_RELIC","is_daily":false,"chose_seed":false,"campfire_upgraded":5,"win_rate":0.0,"timestamp":1613584666,"path_taken":["M","?","?","M","M","$","R","E","T","R","?","R","E","M","R","BOSS","M","$","M","M","?","R","M","R","M","T","T","?","?","E","M","$","R","BOSS","M","?","$","M","M","E"],"items_purchased_type":["Card","Relic","Relic"],"build_version":"2020-12-22","purchased_purges":3,"victory":false,"max_hp_per_floor":[75,68,68,68,68,68,68,68,68,68,68,68,68,68,68,68,73,73,73,73,73,73,73,73,73,73,73,73,73,73,73,73,73,73,73,73,73,73,73,73,73,73,73],"card_choices":[{"not_picked":["True Grit","Heavy Blade"],"picked":"Infernal Blade","floor":1.0},{"not_picked":["Heavy Blade","Havoc"],"picked":"Sword Boomerang","floor":4.0},{"not_picked":["Warcry","Body Slam"],"picked":"Flex","floor":5.0},{"not_picked":["Wild Strike","Perfected Strike"],"picked":"Power Through","floor":8.0},{"not_picked":["Clash","Flex"],"picked":"Heavy Blade","floor":11.0},{"not_picked":["Rupture","Sentinel"],"picked":"Armaments","floor":13.0},{"not_picked":["Clothesline","Pommel Strike"],"picked":"Sword Boomerang","floor":14.0},{"not_picked":["Bludgeon","Juggernaut"],"picked":"Limit Break","floor":16.0},{"not_picked":["Armaments","Entrench","Warcry"],"picked":"SKIP","floor":18.0},{"not_picked":["Carnage+1","Warcry"],"picked":"Whirlwind","floor":20.0},{"not_picked":["Thunderclap","Bloodletting"],"picked":"Shrug It Off","floor":21.0},{"not_picked":["Warcry","Rupture"],"picked":"Shrug It Off","floor":24},{"not_picked":["Heavy Blade","Sword Boomerang"],"picked":"Second Wind","floor":25},{"not_picked":["Cleave","Twin Strike"],"picked":"Flex+1","floor":26},{"not_picked":["Uppercut","Armaments"],"picked":"Shrug It Off","floor":30},{"not_picked":["Whirlwind","Iron Wave","Entrench"],"picked":"SKIP","floor":31},{"not_picked":["Cleave","Metallicize","Havoc"],"picked":"SKIP","floor":32},{"not_picked":["Feed","Demon Form"],"picked":"Reaper","floor":35},{"not_picked":["Hemokinesis+1","Body Slam"],"picked":"Power Through","floor":37},{"not_picked":["Perfected Strike","Wild Strike+1","Warcry"],"picked":"SKIP","floor":40},{"not_picked":["Dropkick+1","Heavy Blade","Dark Embrace"],"picked":"SKIP","floor":41}],"player_experience":2450767,"relics_obtained":[{"floor":3.0,"key":"Dota2Spire:DrumOfEndurance"},{"floor":8.0,"key":"Dota2Spire:BattleFury"},{"floor":9.0,"key":"Dream Catcher"},{"floor":13.0,"key":"HornCleat"},{"floor":27,"key":"Dota2Spire:AghanimScepter"},{"floor":28,"key":"Matryoshka"},{"floor":31,"key":"TungstenRod"}],"event_choices":[{"damage_healed":0.0,"max_hp_gain":0.0,"max_hp_loss":7.0,"gold_gain":0.0,"event_name":"Golden Idol","player_choice":"Lose Max HP","floor":2.0,"gold_loss":0.0,"damage_taken":0.0,"relics_obtained":["Golden Idol"]},{"damage_healed":0.0,"max_hp_gain":0.0,"max_hp_loss":0.0,"gold_gain":0.0,"event_name":"Wheel of Change","player_choice":"Relic","floor":3.0,"gold_loss":0.0,"damage_taken":0.0},{"damage_healed":0,"gold_gain":0,"player_choice":"Ignored","damage_taken":0,"max_hp_gain":0,"max_hp_loss":0,"event_name":"N\u0027loth","floor":29,"gold_loss":0},{"damage_healed":0,"gold_gain":333,"player_choice":"Gave Idol","damage_taken":0,"max_hp_gain":0,"max_hp_loss":0,"event_name":"The Moai Head","floor":38,"relics_lost":["Golden Idol"],"gold_loss":0}],"is_beta":false,"boss_relics":[{"not_picked":["Runic Cube","Coffee Dripper"],"picked":"Tiny House"},{"not_picked":["Mark of Pain","Sozu"],"picked":"Dota2Spire:Bloodstone"}],"items_purged_floors":[19,33,39],"is_endless":false,"potions_floor_spawned":[1,5,20,21,30,35],"killed_by":"Nemesis","ascension_level":20}}