{"host":"188x3om7sf6mgxv1","time":1613538498,"event":{"mods":["BaseMod","Block Reminder","Jorbs\u0027s Wanderer Trilogy","Minty Spire (QoL Compilation)","Relic Stats","StSLib"],"gold_per_floor":[118,118,293,304,304,304,324,324,324,367,393,405,405],"floor_reached":12,"language":"ENG","playtime":370,"items_purged":[],"score":98,"play_id":"32da4278-81f7-4554-b592-b1a1c448a2d5","local_time":"20210217000818","is_ascension_mode":true,"campfire_choices":[{"data":"stsjorbsmod:ColorSpray","floor":6,"key":"SMITH"},{"data":"stsjorbsmod:MagicMissiles","floor":8,"key":"SMITH"}],"circlet_count":0,"master_deck":["stsjorbsmod:ForbiddenGrimoire+1","stsjorbsmod:Strike_Wanderer+1","stsjorbsmod:Strike_Wanderer","stsjorbsmod:Strike_Wanderer","stsjorbsmod:Strike_Wanderer","stsjorbsmod:Defend_Wanderer","stsjorbsmod:Defend_Wanderer","stsjorbsmod:Defend_Wanderer","stsjorbsmod:Defend_Wanderer","stsjorbsmod:FreshAdventure+1","stsjorbsmod:EyeOfTheStorm","stsjorbsmod:TinyHut","Doubt","stsjorbsmod:ColorSpray+1","stsjorbsmod:MagicMissiles+1","stsjorbsmod:Thorns","stsjorbsmod:RayOfFrost"],"relics":["SacredBark","Girya","MawBank","Pen Nib"],"acts_visited":["Exordium"],"potions_floor_usage":[12,12],"damage_taken":[{"damage":7,"enemies":"Small Slimes","floor":1,"turns":5},{"damage":0,"enemies":"2 Louse","floor":4,"turns":4},{"damage":2,"enemies":"Jaw Worm","floor":7,"turns":7},{"damage":3,"enemies":"Gremlin Nob","floor":10,"turns":3},{"damage":13,"enemies":"Exordium Wildlife","floor":11,"turns":3},{"damage":36,"enemies":"3 Sentries","floor":12,"turns":5}],"seed_played":"6288176544624893512","potions_obtained":[{"floor":1,"key":"ColorlessPotion"},{"floor":11,"key":"SpeedPotion"}],"is_trial":false,"path_per_floor":["M","?","?","M","?","R","M","R","T","E","M","E"],"character_chosen":"WANDERER","items_purchased":[],"campfire_rested":0,"item_purchase_floors":[],"current_hp_per_floor":[61,61,61,61,49,49,47,47,47,44,31,0,0],"gold":405,"neow_bonus":"BOSS_RELIC","is_daily":false,"chose_seed":false,"campfire_upgraded":2,"win_rate":0.0,"timestamp":1613538498,"path_taken":["M","?","?","M","?","R","M","R","T","E","?","E"],"items_purchased_type":[],"build_version":"2020-12-22","purchased_purges":0,"victory":false,"max_hp_per_floor":[68,68,68,68,68,68,68,68,68,68,68,68,68],"relic_stats":{"counters":[6,27],"Pen Nib":[0],"MawBank":36,"obtain_stats":[{"Girya":5,"SacredBark":0,"stsjorbsmod:GrimoireRelic":0,"Pen Nib":10,"MawBank":9},{"Girya":2,"SacredBark":0,"stsjorbsmod:GrimoireRelic":0,"Pen Nib":4,"MawBank":3},{"Girya":9,"SacredBark":0,"stsjorbsmod:GrimoireRelic":0,"Pen Nib":19,"MawBank":16}]},"card_choices":[{"not_picked":["stsjorbsmod:ParryingBlow","stsjorbsmod:BurningFlask"],"picked":"stsjorbsmod:TinyHut","floor":1},{"not_picked":["stsjorbsmod:FranticSearch","stsjorbsmod:Channel"],"picked":"stsjorbsmod:ColorSpray","floor":4},{"not_picked":["stsjorbsmod:OldPocket","stsjorbsmod:ChainLightning"],"picked":"stsjorbsmod:MagicMissiles","floor":7},{"not_picked":["stsjorbsmod:DoubleCheck","stsjorbsmod:Hibernate"],"picked":"stsjorbsmod:Thorns","floor":10},{"not_picked":["stsjorbsmod:WeightOfMemory","stsjorbsmod:FlameWard"],"picked":"stsjorbsmod:RayOfFrost","floor":11}],"player_experience":86090,"relics_obtained":[{"floor":9,"key":"MawBank"},{"floor":10,"key":"Pen Nib"}],"event_choices":[{"damage_healed":0,"gold_gain":0,"player_choice":"Grow","damage_taken":0,"max_hp_gain":0,"max_hp_loss":0,"event_name":"Living Wall","floor":2,"gold_loss":0,"cards_upgraded":["stsjorbsmod:FreshAdventure"]},{"damage_healed":0,"gold_gain":175,"player_choice":"AGREE","damage_taken":0,"max_hp_gain":0,"max_hp_loss":0,"event_name":"Liars Game","floor":3,"gold_loss":0,"cards_obtained":["Doubt"]},{"damage_healed":0,"gold_gain":0,"player_choice":"Success","damage_taken":12,"relics_obtained":["Girya"],"max_hp_gain":0,"max_hp_loss":0,"event_name":"Scrap Ooze","floor":5,"gold_loss":0}],"is_beta":false,"boss_relics":[],"items_purged_floors":[],"is_endless":false,"potions_floor_spawned":[1,11],"killed_by":"3 Sentries","ascension_level":5}}