{"host":"nz11ypxva4e39b7q","time":1613569385,"event":{"mods":["BaseMod","Better Third Choice","Better Vampires","Colored Map","Minty Spire (QoL Compilation)","Quick Restart","StSLib","The Marked"],"gold_per_floor":[119,47,47,222,72,98,98,119,145,172,240,283,358,373,373,373,373],"floor_reached":16,"language":"ENG","playtime":400,"items_purged":[],"score":190,"play_id":"a1c2194d-20ca-4152-80d0-2bb4a73ce2d5","local_time":"20210217144305","is_ascension_mode":true,"campfire_choices":[{"data":"theMarked:Electrocute","floor":7.0,"key":"SMITH"},{"data":"theMarked:Polarize","floor":15.0,"key":"SMITH"}],"circlet_count":0,"master_deck":["theMarked:Strike","theMarked:Strike","theMarked:Strike","theMarked:Strike","theMarked:Strike+1","theMarked:Defend+1","theMarked:Defend","theMarked:Defend","theMarked:Defend","theMarked:SoldierOfQuellstein","theMarked:Polarize+1","theMarked:Electrocute+1","Doubt","theMarked:Improvise","theMarked:OneWithTheBlade","theMarked:WardOff","theMarked:Convert","theMarked:Friction"],"relics":["theMarked:ArtifactOfAir","NeowsBlessing","Lantern","Ginger","Odd Mushroom","CeramicFish","theMarked:NailFile","Shuriken"],"acts_visited":["Exordium"],"potions_floor_usage":[16],"damage_taken":[{"damage":0.0,"enemies":"Jaw Worm","floor":1.0,"turns":1.0},{"damage":0.0,"enemies":"3 Sentries","floor":6.0,"turns":2.0},{"damage":0.0,"enemies":"The Mushroom Lair","floor":8.0,"turns":2.0},{"damage":0.0,"enemies":"Small Slimes","floor":10.0,"turns":3.0},{"damage":15.0,"enemies":"Gremlin Nob","floor":11.0,"turns":3.0},{"damage":12.0,"enemies":"Lagavulin","floor":12.0,"turns":3.0},{"damage":0.0,"enemies":"Cultist","floor":14.0,"turns":3.0},{"damage":0,"enemies":"Slime Boss","floor":16,"turns":3}],"seed_played":"-8598217517130416942","potions_obtained":[{"floor":1.0,"key":"theMarked:ChargePotion"},{"floor":8.0,"key":"Swift Potion"},{"floor":11.0,"key":"theMarked:SummonPotion"},{"floor":14.0,"key":"SteroidPotion"}],"is_trial":false,"path_per_floor":["M","$","?","?","$","E","R","?","T","M","?","E","?","M","R","B"],"character_chosen":"THE_DEFAULT","items_purchased":["theMarked:Electrocute","Lantern"],"campfire_rested":0,"item_purchase_floors":[2,5],"current_hp_per_floor":[63,63,49,49,49,49,49,49,49,49,34,22,11,11,11,11,11],"gold":373,"neow_bonus":"THREE_ENEMY_KILL","is_daily":false,"chose_seed":false,"campfire_upgraded":2,"win_rate":0.0,"timestamp":1613569385,"path_taken":["M","$","?","?","$","E","R","?","T","M","?","E","?","?","R","BOSS"],"items_purchased_type":["Card","Relic"],"build_version":"2020-12-22","purchased_purges":0,"victory":false,"max_hp_per_floor":[70,70,70,70,70,70,70,70,70,70,70,70,70,70,70,70,70],"card_choices":[{"not_picked":["theMarked:Heritage","theMarked:ElectricStrings"],"picked":"theMarked:Polarize","floor":1.0},{"not_picked":["theMarked:RogueSparks","theMarked:ElectricStrings"],"picked":"theMarked:Improvise","floor":6.0},{"not_picked":["theMarked:ResourceFulStrike","theMarked:Electrify"],"picked":"theMarked:OneWithTheBlade","floor":8.0},{"not_picked":["theMarked:SwordAndMagic","theMarked:ContemptForTheProud"],"picked":"theMarked:WardOff","floor":10.0},{"not_picked":["theMarked:Panic","theMarked:ContemptForTheProud"],"picked":"theMarked:Convert","floor":11.0},{"not_picked":["theMarked:Indomitable","theMarked:Opportunist"],"picked":"theMarked:Friction","floor":12.0},{"not_picked":["theMarked:SwordAndMagic","theMarked:WastefulAttack","theMarked:DispelDoubt"],"picked":"SKIP","floor":14.0}],"player_experience":1091436,"relics_obtained":[{"floor":6.0,"key":"Ginger"},{"floor":8.0,"key":"Odd Mushroom"},{"floor":9.0,"key":"CeramicFish"},{"floor":12.0,"key":"Shuriken"}],"event_choices":[{"damage_healed":63.0,"max_hp_gain":0.0,"max_hp_loss":70.0,"gold_gain":0.0,"event_name":"betterThird:BetterShining","player_choice":"Upgrade","floor":3.0,"gold_loss":0.0,"damage_taken":14.0,"cards_upgraded":["theMarked:Defend","theMarked:Strike"]},{"damage_healed":0.0,"max_hp_gain":0.0,"max_hp_loss":0.0,"gold_gain":175.0,"event_name":"betterThird:BetterSerpent","player_choice":"AGREE","floor":4.0,"gold_loss":0.0,"damage_taken":47.0},{"damage_healed":0.0,"max_hp_gain":0.0,"max_hp_loss":0.0,"gold_gain":0.0,"event_name":"Mushrooms","player_choice":"Fought Mushrooms","floor":8.0,"gold_loss":0.0,"damage_taken":0.0},{"damage_healed":0.0,"max_hp_gain":0.0,"max_hp_loss":0.0,"gold_gain":30.0,"event_name":"Dead Adventurer","player_choice":"Searched \u00273\u0027 times","floor":11.0,"gold_loss":0.0,"damage_taken":0.0,"relics_obtained":["theMarked:NailFile"]},{"damage_healed":0.0,"max_hp_gain":0.0,"max_hp_loss":0.0,"gold_gain":75.0,"event_name":"betterThird:BetterGoop","player_choice":"Gold","floor":13.0,"gold_loss":0.0,"damage_taken":11.0}],"is_beta":false,"boss_relics":[],"items_purged_floors":[],"is_endless":false,"potions_floor_spawned":[1,8,11,14],"killed_by":"Slime Boss","ascension_level":9}}