{"host":"77zln4ypx3njw523","time":1613602089,"event":{"mods":["AchievementEnabler","BaseMod","Better Altar","Better Match","Better Note","Better Sensory Stone","Better Skull","Better Third Choice","Colored Powertips","Highlight Path","Minty Spire (QoL Compilation)","StSLib"],"gold_per_floor":[368,382,382,382,382,415,39,62,62,102,102,123,156,180,180,299,299,323,323,323,323,32,32,76,70,70,90,90,121,121,144,144,263,263,277,277,297,297,75,113,113,176,176,212,112,137,137,181,181,181,181,181,85,123,123,123],"floor_reached":55,"language":"ENG","playtime":10324,"items_purged":["Injury","Dramatic Entrance"],"score":1541,"play_id":"ea91464a-81cb-4d79-9561-5e14d2137bc3","local_time":"20210217194809","is_ascension_mode":true,"campfire_choices":[{"floor":11.0,"key":"REST"},{"data":"Eruption","floor":15.0,"key":"SMITH"},{"data":"DevaForm","floor":23.0,"key":"SMITH"},{"data":"Study","floor":28.0,"key":"SMITH"},{"floor":30.0,"key":"RECALL"},{"data":"Judgement","floor":32.0,"key":"SMITH"},{"floor":47.0,"key":"DIG"},{"floor":49.0,"key":"DIG"},{"floor":52.0,"key":"DIG"}],"circlet_count":0,"master_deck":["Strike_P","Strike_P","Strike_P+1","Strike_P","Defend_P","Defend_P+1","Defend_P","Defend_P+1","Eruption+1","Vigilance","CrushJoints","Crescendo","Wallop","Study+1","CutThroughFate","Wallop+1","Perseverance","Judgement+1","CrushJoints","DevaForm+1","EmptyFist","Ghostly","Ghostly","Ghostly","Ghostly","Ghostly","EmptyMind+1","ReachHeaven","FlyingSleeves+1","EmptyFist+1","DeusExMachina","FlurryOfBlows+1","Madness","Madness","ClearTheMind+1","TalkToTheHand+1","Flash of Steel","LikeWater","BattleHymn+1"],"relics":["HolyWater","Dream Catcher","Golden Idol","Oddly Smooth Stone","Anchor","ClockworkSouvenir","Happy Flower","War Paint","Philosopher\u0027s Stone","MutagenicStrength","Eternal Feather","Gambling Chip","Art of War","Ancient Tea Set","Bronze Scales","Lee\u0027s Waffle","Question Card","Thread and Needle","Shovel","Blue Candle","Whetstone","Damaru","Boot","Ornamental Fan","Mercury Hourglass"],"acts_visited":["Exordium","TheCity","TheBeyond","TheEnding"],"potions_floor_usage":[55],"damage_taken":[{"damage":0.0,"enemies":"Small Slimes","floor":1.0,"turns":2.0},{"damage":24.0,"enemies":"Jaw Worm","floor":2.0,"turns":4.0},{"damage":0.0,"enemies":"Gremlin Nob","floor":6.0,"turns":2.0},{"damage":0.0,"enemies":"Cultist","floor":8.0,"turns":2.0},{"damage":17.0,"enemies":"Lagavulin","floor":10.0,"turns":8.0},{"damage":6.0,"enemies":"Red Slaver","floor":12.0,"turns":5.0},{"damage":0.0,"enemies":"Gremlin Nob","floor":13.0,"turns":2.0},{"damage":0.0,"enemies":"3 Louse","floor":14.0,"turns":2.0},{"damage":22.0,"enemies":"Slime Boss","floor":16.0,"turns":8.0},{"damage":20.0,"enemies":"Shell Parasite","floor":18.0,"turns":4.0},{"damage":2.0,"enemies":"Slavers","floor":24.0,"turns":6.0},{"damage":0.0,"enemies":"2 Thieves","floor":25.0,"turns":4.0},{"damage":0.0,"enemies":"Centurion and Healer","floor":27.0,"turns":5.0},{"damage":4.0,"enemies":"Gremlin Leader","floor":29.0,"turns":4.0},{"damage":0.0,"enemies":"Snake Plant","floor":31.0,"turns":2.0},{"damage":0.0,"enemies":"Champ","floor":33.0,"turns":7.0},{"damage":5.0,"enemies":"3 Darklings","floor":35.0,"turns":6.0},{"damage":10.0,"enemies":"3 Shapes","floor":37.0,"turns":6.0},{"damage":0.0,"enemies":"Nemesis","floor":40.0,"turns":7.0},{"damage":3.0,"enemies":"2 Orb Walkers","floor":42.0,"turns":6.0},{"damage":0.0,"enemies":"Reptomancer","floor":44.0,"turns":7.0},{"damage":0.0,"enemies":"Spire Growth","floor":46.0,"turns":5.0},{"damage":0.0,"enemies":"Nemesis","floor":48.0,"turns":5.0},{"damage":23.0,"enemies":"Awakened One","floor":50.0,"turns":9.0},{"damage":0.0,"enemies":"Shield and Spear","floor":54.0,"turns":6.0},{"damage":81,"enemies":"The Heart","floor":55,"turns":8}],"seed_played":"-1540784483185691089","potions_obtained":[{"floor":6.0,"key":"BlessingOfTheForge"},{"floor":8.0,"key":"Swift Potion"},{"floor":27.0,"key":"Strength Potion"},{"floor":29.0,"key":"LiquidBronze"},{"floor":31.0,"key":"Fire Potion"},{"floor":35.0,"key":"DuplicationPotion"},{"floor":42.0,"key":"FairyPotion"}],"is_trial":false,"path_per_floor":["M","M","?","?","?","E","$","M","T","E","R","M","E","M","R","B",null,"M","?","?","T","$","R","E","M","T","M","R","E","R","M","R","B",null,"M","?","M","?","$","E","?","?","T","E","$","M","R","E","R","B",null,"R","$","E","B"],"character_chosen":"WATCHER","items_purchased":["Anchor","ClockworkSouvenir","Wallop","Gambling Chip","Lee\u0027s Waffle","FairyPotion"],"campfire_rested":1,"item_purchase_floors":[7,7,7,22,39,53],"current_hp_per_floor":[72,48,48,45,45,45,45,45,45,28,49,43,43,43,43,21,72,52,36,36,36,36,36,34,34,34,34,36,32,36,36,36,36,36,31,26,16,16,43,43,43,40,40,40,40,40,43,43,43,20,43,43,43,43,0,0],"gold":123,"neow_bonus":"TWO_FIFTY_GOLD","is_daily":false,"chose_seed":false,"campfire_upgraded":4,"win_rate":0.0,"timestamp":1613602089,"path_taken":["M","M","?","?","?","E","?","M","T","E","R","M","E","?","R","BOSS","M","?","?","?","?","R","E","?","T","M","R","E","R","M","R","BOSS","M","?","M","?","?","E","?","?","T","E","$","?","R","E","R","BOSS","R","$","E","BOSS"],"items_purchased_type":["Relic","Relic","Card","Relic","Relic","Potion"],"build_version":"2020-12-22","purchased_purges":2,"victory":false,"max_hp_per_floor":[72,72,72,72,72,72,72,72,72,72,72,72,72,72,72,72,72,72,36,36,36,36,36,36,36,36,36,36,36,36,36,36,36,36,36,36,36,36,43,43,43,43,43,43,43,43,43,43,43,43,43,43,43,43,43,43],"card_choices":[{"not_picked":["Halt","WaveOfTheHand","CutThroughFate"],"picked":"SKIP","floor":1.0},{"not_picked":["Perseverance","Collect"],"picked":"CrushJoints","floor":2.0},{"not_picked":["Halt","SashWhip"],"picked":"Crescendo","floor":6.0},{"not_picked":["SignatureMove","BowlingBash"],"picked":"Study","floor":8.0},{"not_picked":["Protect","Swivel"],"picked":"CutThroughFate","floor":10.0},{"not_picked":["CutThroughFate","SashWhip"],"picked":"Wallop","floor":11.0},{"not_picked":["MentalFortress","Evaluate"],"picked":"Perseverance","floor":12.0},{"not_picked":["Prostrate","BowlingBash"],"picked":"Judgement","floor":13.0},{"not_picked":["FlurryOfBlows","WheelKick"],"picked":"CrushJoints","floor":14.0},{"not_picked":["Blasphemy","Devotion"],"picked":"DevaForm","floor":16.0},{"not_picked":["JustLucky+1","Nirvana"],"picked":"EmptyFist","floor":18.0},{"not_picked":["Blasphemy","Fasting2"],"picked":"EmptyMind+1","floor":24.0},{"not_picked":["Evaluate","CarveReality","Halt"],"picked":"SKIP","floor":25.0},{"not_picked":["Sanctity+1","WaveOfTheHand"],"picked":"ReachHeaven","floor":27.0},{"not_picked":["Prostrate","BowlingBash"],"picked":"FlyingSleeves+1","floor":29.0},{"not_picked":["Halt","Wireheading"],"picked":"EmptyFist+1","floor":31.0},{"not_picked":["Judgement","DevaForm"],"picked":"DeusExMachina","floor":33.0},{"not_picked":["Protect+1","FlyingSleeves"],"picked":"FlurryOfBlows+1","floor":35.0},{"not_picked":["FlurryOfBlows","InnerPeace"],"picked":"ClearTheMind+1","floor":37.0},{"not_picked":["EmptyFist+1","SashWhip"],"picked":"TalkToTheHand+1","floor":40.0},{"not_picked":["Impatience","Enlightenment","Chrysalis"],"picked":"Flash of Steel","floor":41.0},{"not_picked":["Impatience","Dark Shackles","Trip"],"picked":"Dramatic Entrance","floor":41.0},{"not_picked":["Alpha","Pray","Perseverance"],"picked":"LikeWater","floor":44.0},{"not_picked":["Crescendo+1","ClearTheMind","Prostrate"],"picked":"BattleHymn+1","floor":46.0},{"not_picked":["Worship+1","SignatureMove","Halt+1","Wallop+1"],"picked":"SKIP","floor":48.0},{"not_picked":["Halt","Brilliance","Meditate","Alpha"],"picked":"SKIP","floor":54.0}],"player_experience":163969,"relics_obtained":[{"floor":6.0,"key":"Oddly Smooth Stone"},{"floor":10.0,"key":"Happy Flower"},{"floor":13.0,"key":"War Paint"},{"floor":21.0,"key":"Eternal Feather"},{"floor":24.0,"key":"Art of War"},{"floor":26.0,"key":"Ancient Tea Set"},{"floor":29.0,"key":"Bronze Scales"},{"floor":40.0,"key":"Question Card"},{"floor":42.0,"key":"Thread and Needle"},{"floor":43.0,"key":"Shovel"},{"floor":44.0,"key":"Blue Candle"},{"floor":47.0,"key":"Whetstone"},{"floor":48.0,"key":"Damaru"},{"floor":49.0,"key":"Boot"},{"floor":52.0,"key":"Ornamental Fan"},{"floor":54.0,"key":"Mercury Hourglass"}],"event_choices":[{"cards_removed":["Normality"],"damage_healed":0.0,"max_hp_gain":0.0,"max_hp_loss":0.0,"gold_gain":0.0,"event_name":"Living Wall","player_choice":"Forget","floor":3.0,"gold_loss":0.0,"damage_taken":0.0},{"damage_healed":0.0,"max_hp_gain":0.0,"max_hp_loss":0.0,"gold_gain":0.0,"event_name":"betterThird:BetterScrap","player_choice":"Relic ","floor":4.0,"gold_loss":0.0,"damage_taken":3.0,"cards_obtained":["Rampage"]},{"damage_healed":0.0,"max_hp_gain":0.0,"max_hp_loss":0.0,"gold_gain":0.0,"event_name":"Golden Idol","player_choice":"Take Wound","floor":5.0,"gold_loss":0.0,"damage_taken":0.0,"relics_obtained":["Golden Idol"],"cards_obtained":["Injury"]},{"damage_healed":0.0,"max_hp_gain":0.0,"max_hp_loss":36.0,"gold_gain":0.0,"event_name":"Ghosts","player_choice":"Became a Ghost","floor":19.0,"gold_loss":0.0,"damage_taken":0.0,"cards_obtained":["Ghostly","Ghostly","Ghostly","Ghostly","Ghostly"]},{"damage_healed":0.0,"max_hp_gain":0.0,"max_hp_loss":0.0,"gold_gain":0.0,"event_name":"Drug Dealer","player_choice":"Inject Mutagens","floor":20.0,"gold_loss":0.0,"damage_taken":0.0,"relics_obtained":["MutagenicStrength"]},{"damage_healed":0.0,"max_hp_gain":0.0,"max_hp_loss":0.0,"gold_gain":0.0,"event_name":"Winding Halls","player_choice":"Embrace Madness","floor":36.0,"gold_loss":0.0,"damage_taken":5.0,"cards_obtained":["Madness","Madness"]},{"damage_healed":0.0,"max_hp_gain":0.0,"max_hp_loss":0.0,"gold_gain":0.0,"event_name":"Tomb of Lord Red Mask","player_choice":"Ignored","floor":38.0,"gold_loss":0.0,"damage_taken":0.0},{"damage_healed":0.0,"max_hp_gain":0.0,"max_hp_loss":0.0,"gold_gain":3.0,"event_name":"betterStone:BetterStone","player_choice":"1","floor":41.0,"gold_loss":0.0,"damage_taken":0.0},{"damage_healed":0.0,"max_hp_gain":0.0,"max_hp_loss":0.0,"gold_gain":0.0,"event_name":"Mysterious Sphere","player_choice":"Fight","floor":42.0,"gold_loss":0.0,"damage_taken":0.0}],"is_beta":false,"boss_relics":[{"not_picked":["Tiny House","Busted Crown"],"picked":"Philosopher\u0027s Stone"},{"not_picked":["Coffee Dripper","Cursed Key"],"picked":"HolyWater"}],"items_purged_floors":[39,45],"is_endless":false,"potions_floor_spawned":[6,8,27,29,31,35,37,42,48,54],"killed_by":"The Heart","ascension_level":4}}