{"host":"a6ztjasp7lxlo10n","time":1613526764,"event":{"mods":["Act Like it!","BaseMod","Colored Map","Marisa£®ÏF”Í°°ƒß¿Ì…≥£©","Minty Spire (QoL Compilation)","Quick Restart","StSLib","SuperFastMode"],"gold_per_floor":[111,121,132,144,144,169,169,169,169],"floor_reached":8,"language":"ZHS","playtime":140,"items_purged":[],"score":84,"play_id":"bb51ffa0-fc42-4df0-a848-3f56ea09571f","local_time":"20210217095244","is_ascension_mode":true,"campfire_choices":[{"data":"Second Wind","floor":7.0,"key":"SMITH"}],"circlet_count":0,"master_deck":["Strike_R","Strike_R","Strike_R","Strike_R","Strike_R","Defend_R","Defend_R","Defend_R","Defend_R","Bash","Second Wind+1","Burning Pact"],"relics":["Burning Blood","NeowsBlessing","Du-Vu Doll"],"acts_visited":["Exordium"],"potions_floor_usage":[],"damage_taken":[{"damage":0.0,"enemies":"Small Slimes","floor":1.0,"turns":1.0},{"damage":0.0,"enemies":"Jaw Worm","floor":2.0,"turns":1.0},{"damage":0.0,"enemies":"2 Louse","floor":3.0,"turns":1.0},{"damage":7.0,"enemies":"Looter","floor":4.0,"turns":4.0},{"damage":50.0,"enemies":"Gremlin Nob","floor":6.0,"turns":5.0},{"damage":0,"enemies":"3 Sentries","floor":8,"turns":1}],"seed_played":"-1200902236106742873","potions_obtained":[{"floor":2.0,"key":"FearPotion"},{"floor":4.0,"key":"Swift Potion"}],"is_trial":false,"path_per_floor":["M","M","M","M","?","E","R","E"],"character_chosen":"IRONCLAD","items_purchased":[],"campfire_rested":0,"item_purchase_floors":[],"current_hp_per_floor":[78,80,80,79,84,40,40,40,40],"gold":169,"neow_bonus":"THREE_ENEMY_KILL","is_daily":false,"chose_seed":false,"campfire_upgraded":1,"win_rate":0.0,"timestamp":1613526764,"path_taken":["M","M","M","M","?","E","R","E"],"items_purchased_type":[],"build_version":"2020-12-22","purchased_purges":0,"victory":false,"max_hp_per_floor":[80,80,80,80,85,85,85,85,85],"card_choices":[{"not_picked":["Heavy Blade","Shockwave"],"picked":"Second Wind","floor":1.0},{"not_picked":["Second Wind","Thunderclap","Clothesline"],"picked":"SKIP","floor":2.0},{"not_picked":["Pommel Strike","Cleave"],"picked":"Burning Pact","floor":3.0},{"not_picked":["Clothesline","Wild Strike","Double Tap"],"picked":"SKIP","floor":4.0},{"not_picked":["Seeing Red","Wild Strike","Dual Wield"],"picked":"SKIP","floor":6.0}],"player_experience":347498,"relics_obtained":[{"floor":6.0,"key":"Du-Vu Doll"}],"event_choices":[{"damage_healed":0.0,"max_hp_gain":5.0,"max_hp_loss":0.0,"gold_gain":0.0,"event_name":"Big Fish","player_choice":"Donut","floor":5.0,"gold_loss":0.0,"damage_taken":0.0}],"is_beta":false,"boss_relics":[],"items_purged_floors":[],"is_endless":false,"potions_floor_spawned":[2,4],"killed_by":"3 Sentries","ascension_level":9}}