{"host":"3i0tc1zs9k2bo7un","time":1613544599,"event":{"mods":["Act Like it!","Aspiration","BaseMod","Gensokyo","Minty Spire (QoL Compilation)","MostiFishMod","Quick Restart","Reliquary","Replay The Spire","StSLib","TestMod","Wide Potions","[IsaacMod]ÒÔÈö¼âËþ","¡¾ÒÅÎï¿¨ÅÆ¡¿REMEMod"],"gold_per_floor":[112,112,112,37,37,68,68,118,199,219,246,257,272,272,272,348,348,368,381,631,235,245,570,570,586,586,796,808,838,838,870,870,949,949,969,766,778,653,672,672,722,722,802,834,834,915,915,426,426,426,426,426,105,134,134],"floor_reached":56,"language":"ZHS","playtime":2195,"items_purged":["Strike_R","Defend_R","Defend_R","Sword Boomerang","Bash","REME_Scribble+1"],"score":2645,"play_id":"3b241ab5-a774-4224-a994-55da69993efe","local_time":"20210217144959","is_ascension_mode":true,"campfire_choices":[{"data":"Gensokyo:LifeSpringInfinity","floor":7,"key":"SMITH"},{"data":"Demonic Infusion","floor":15,"key":"SMITH"},{"data":"MostiFishMod:RacingGame","floor":24,"key":"SMITH"},{"data":"Exhume","floor":32,"key":"SMITH"},{"floor":40,"key":"RECALL"},{"data":"REME_ACTH","floor":42,"key":"SMITH"},{"data":"Bloodletting","floor":47,"key":"SMITH"},{"data":"Whirlwind","floor":49,"key":"SMITH"},{"floor":52,"key":"REST"}],"circlet_count":0,"master_deck":["AscendersBane","Gensokyo:LifeSpringInfinity+1","Whirlwind+1","Bloodletting+1","MostiFishMod:RacingGame+1","Exhume+1","REME_ACTH+1","True Grit+1","Entrench+1"],"relics":["Burning Blood","DaveBox","testmod-TestBox","HushsDoor","REME_ComplimentaryCards","Chaos","testmod-EnergyCheck","Civilization","NeowsBlessing","SynthV:TestCard","Self Forming Clay","Gensokyo:LunaticRedEyes","StoneCalendar","DataDisk","Replay:Drink Me","Snack Pack","GuppysHead","Pear","Vajra","GuppysPaw","DeathBook","GreenFoldingFan","Paper Crane","reliquary:Knoch","GnawedLeaf","Mango","reliquary:Sideboard","GuppysTail","SatanicBible","reliquary:TatteredRug","Brimstone","testmod-IndustrialRevolution","SentryEyes","testmod-CasingShield","Incense Burner","Centennial Puzzle","BFFS","War Paint"],"acts_visited":["Gensokyo:Gensokyo","Gensokyo:Gensokyoer","Gensokyo:Gensokyoest","TheEnding"],"potions_floor_usage":[22,54],"damage_taken":[{"damage":0,"enemies":"Gensokyo:2_Kodama","floor":1,"turns":1},{"damage":0,"enemies":"Gensokyo:Aya","floor":6,"turns":1},{"damage":2,"enemies":"Hiden Room Battle","floor":8,"turns":1},{"damage":0,"enemies":"Gensokyo:Gryphon","floor":10,"turns":6},{"damage":0,"enemies":"Gensokyo:Mamizou","floor":11,"turns":7},{"damage":0,"enemies":"Gensokyo:Python","floor":12,"turns":3},{"damage":0,"enemies":"Gensokyo:LivingMonolith","floor":13,"turns":2},{"damage":9,"enemies":"Gensokyo:Kokoro","floor":16,"turns":5},{"damage":3,"enemies":"Gensokyo:2_Gloops","floor":18,"turns":2},{"damage":6,"enemies":"Gensokyo:Chomper","floor":19,"turns":2},{"damage":5,"enemies":"Gensokyo:Wraith","floor":22,"turns":1},{"damage":18,"enemies":"Gensokyo:Tenshi","floor":23,"turns":3},{"damage":10,"enemies":"Gensokyo:Monolith_and_Dog","floor":25,"turns":2},{"damage":13,"enemies":"Gensokyo:Swordslinger","floor":27,"turns":2},{"damage":13,"enemies":"Gensokyo:Wraith","floor":28,"turns":2},{"damage":15,"enemies":"Gensokyo:Reisen","floor":29,"turns":3},{"damage":19,"enemies":"Gensokyo:Tenshi","floor":31,"turns":2},{"damage":20,"enemies":"Gensokyo:Eiki","floor":33,"turns":1},{"damage":11,"enemies":"Gensokyo:3_Boulders","floor":35,"turns":1},{"damage":11,"enemies":"Gensokyo:AncientGuardian","floor":37,"turns":1},{"damage":11,"enemies":"Gensokyo:4_Bats","floor":39,"turns":1},{"damage":10,"enemies":"Hiden Room Battle","floor":41,"turns":2},{"damage":19,"enemies":"Gensokyo:Kasen","floor":44,"turns":2},{"damage":20,"enemies":"Gensokyo:Yuyuko","floor":50,"turns":1},{"damage":5,"enemies":"Shield and Spear","floor":54,"turns":1},{"damage":23,"enemies":"Delirium","floor":55,"turns":1}],"seed_played":"-7226340007930982753","potions_obtained":[{"floor":1,"key":"Weak Potion"},{"floor":13,"key":"SteroidPotion"},{"floor":27,"key":"Ancient Potion"},{"floor":44,"key":"Elixir"},{"floor":54,"key":"REME_GoldPotion"}],"is_trial":false,"path_per_floor":["M","?","?","$","?","E","R","?","T","M","E","M","M","?","R","B",null,"M","M","?","COS","M","E","R","M","T","M","M","E","?","E","R","B",null,"M","$","M","$","M","R","?","R","T","E","?","T","R","COS","R","B",null,"R","$","E","B",null],"character_chosen":"IRONCLAD","items_purchased":["GuppysPaw","DeathBook","GuppysTail","SatanicBible","reliquary:TatteredRug","BFFS"],"campfire_rested":1,"item_purchase_floors":[17,17,34,34,36,53],"current_hp_per_floor":[76,38,19,19,19,28,28,22,22,33,44,55,66,56,56,58,70,78,86,81,81,86,92,92,102,102,110,121,132,132,157,157,168,141,152,152,163,163,174,174,176,176,176,188,188,188,188,188,188,188,202,207,207,212,216],"gold":134,"neow_bonus":"THREE_ENEMY_KILL","is_daily":false,"chose_seed":false,"campfire_upgraded":7,"win_rate":0.0,"timestamp":1613544599,"path_taken":["M","?","?","$","?","E","R","?","T","M","E","M","M","?","R","BOSS","M","M","?","COS","M","E","R","M","T","M","M","E","?","E","R","BOSS","M","$","M","$","M","R","?","R","T","E","?","?","R","COS","R","BOSS","R","$","E","BOSS"],"items_purchased_type":["Relic","Relic","Relic","Relic","Relic","Relic"],"build_version":"2020-12-22","purchased_purges":6,"victory":true,"max_hp_per_floor":[77,77,77,77,77,80,80,64,64,69,74,79,84,94,94,99,74,79,87,81,81,86,94,94,102,102,110,121,132,132,157,157,168,141,152,152,163,163,174,174,185,185,185,196,196,196,196,196,196,207,207,207,207,212,217],"card_choices":[{"not_picked":["Blood for Blood","Abandon"],"picked":"Whirlwind","floor":1},{"not_picked":["Thunderclap","Wild Strike","MostiFishMod:NewArrival","Flex","REME_SingleHolding"],"picked":"SKIP","floor":6},{"not_picked":["Dropkick","ReplayTheSpireMod:Strike From Hell","Fire Breathing","Pommel Strike"],"picked":"Sword Boomerang","floor":10},{"not_picked":["Life Link","Metallicize","ReplayTheSpireMod:LeadingStrike","Evolve","Entrench"],"picked":"SKIP","floor":11},{"not_picked":["Thunderclap","Intimidate","Replay:Undeath\u0027s Touch","Wild Strike"],"picked":"Demonic Infusion","floor":12},{"not_picked":["Massacre","Metallicize","Dropkick","Searing Blow"],"picked":"Bloodletting","floor":13},{"not_picked":["ReplayTheSpireMod:Strike From Hell","Clash","REME_FearOfPain","Sword Boomerang"],"picked":"REME_Scribble+1","floor":18},{"not_picked":["Shrug It Off","Warcry","Wild Strike","Body Slam","ReplayTheSpireMod:Muscle Training"],"picked":"SKIP","floor":19},{"not_picked":["Shrug It Off","Warcry","Wild Strike","Body Slam","ReplayTheSpireMod:Muscle Training"],"picked":"SKIP","floor":19},{"not_picked":["Run Through","Headbutt","Dark Embrace","True Grit","Sever Soul"],"picked":"SKIP","floor":22},{"not_picked":["ReplayTheSpireMod:Muscle Training","Heavy Blade","Blood for Blood","ReplayTheSpireMod:Stacked"],"picked":"MostiFishMod:RacingGame","floor":23},{"not_picked":["Power Through","Cleave","Rage","Rupture","Headbutt"],"picked":"SKIP","floor":25},{"not_picked":["Thunderclap","Heavy Blade","ReplayTheSpireMod:Stacked","Cleave"],"picked":"Exhume","floor":27},{"not_picked":["Anger+1","Perfected Strike","Bloodletting","Dropkick+1","Burning Pact"],"picked":"SKIP","floor":28},{"not_picked":["Thunderclap","Rage","Sever Soul","True Grit","Headbutt"],"picked":"SKIP","floor":29},{"not_picked":["Warcry","Run Through","ReplayTheSpireMod:Corrosion Curse+1","Heavy Blade+1","Cleave"],"picked":"SKIP","floor":31},{"not_picked":["MostiFishMod:HellRitual","Double Tap","Exhume","MostiFishMod:ChineseTea"],"picked":"REME_ACTH","floor":33},{"not_picked":["Carnage+1","Armaments","Flex","Sword Boomerang","Headbutt"],"picked":"SKIP","floor":35},{"not_picked":["Shrug It Off+1","Warcry","Flex","Cleave+1"],"picked":"Entrench+1","floor":37},{"not_picked":["Replay:Undeath\u0027s Touch","ReplayTheSpireMod:Muscle Training","Spot Weakness","Clash+1"],"picked":"True Grit+1","floor":39},{"not_picked":["Rampage+1","Ghostly Armor","Headbutt","Feed"],"picked":"MostiFishMod:404NotFound","floor":44},{"not_picked":["Thunderclap","Abandon+1","Bloodletting","Clothesline","Perfected Strike"],"picked":"SKIP","floor":54}],"player_experience":719439,"relics_obtained":[{"floor":1,"key":"SynthV:TestCard"},{"floor":6,"key":"StoneCalendar"},{"floor":8,"key":"DataDisk"},{"floor":8,"key":"Replay:Drink Me"},{"floor":9,"key":"Snack Pack"},{"floor":11,"key":"GuppysHead"},{"floor":23,"key":"Paper Crane"},{"floor":26,"key":"GnawedLeaf"},{"floor":31,"key":"Mango"},{"floor":41,"key":"Brimstone"},{"floor":41,"key":"testmod-IndustrialRevolution"},{"floor":44,"key":"SentryEyes"},{"floor":46,"key":"testmod-CasingShield"},{"floor":54,"key":"War Paint"}],"event_choices":[{"damage_healed":0,"gold_gain":0,"player_choice":"Fight","damage_taken":0,"max_hp_gain":0,"max_hp_loss":0,"event_name":"HidenRoomEvent","floor":8,"gold_loss":0},{"damage_healed":0,"gold_gain":0,"player_choice":"Fight","damage_taken":0,"max_hp_gain":0,"max_hp_loss":0,"event_name":"HidenRoomEvent","floor":41,"gold_loss":0}],"is_beta":false,"boss_relics":[{"not_picked":["testmod-Motorcycle","Toolbox"],"picked":"Vajra"},{"not_picked":[]},{"not_picked":["ClockworkSouvenir","Runic Cube"],"picked":"reliquary:Sideboard"},{"not_picked":[]}],"items_purged_floors":[4,17,34,36,38,53],"is_endless":false,"potions_floor_spawned":[1,12,13,27,28,29,35,44,54],"ascension_level":19}}