{"host":"ypzi5hvah0ucsg44","time":1613540596,"event":{"mods":["BaseMod","Colored Map","Downfall","Googly Eyes","Minty Spire (QoL Compilation)","Quick Restart","Replay The Spire","StSLib","The Construct"],"gold_per_floor":[99,110,129,149,169,179,260,288,288,18,48,48,60,74,89,190,190,190,209,209,309,309,342,411,75,107,122,142,160,170,13,30,131,131,131,142,137,137,137,156,181,181,214,214,214,239,239,258,276,276,276,276],"floor_reached":50,"language":"ENG","playtime":5047,"items_purged":["Slimebound:Strike_Slimebound","Slimebound:Strike_Slimebound","Slimebound:Strike_Slimebound"],"score":606,"play_id":"66207fec-77df-4d5f-868c-1d3f1c126ad0","local_time":"20210216214316","is_ascension_mode":false,"campfire_choices":[{"data":"Slimebound:CorrosiveSpit","floor":1,"key":"SMITH"},{"data":"Slimebound:RollThrough","floor":9,"key":"SMITH"},{"data":"Slimebound:SplitSpecialist","floor":18,"key":"SMITH"},{"floor":35,"key":"RECALL"},{"data":"Slimebound:SplitMire","floor":44,"key":"SMITH"},{"data":"Slimebound:SplitSpecialist","floor":47,"key":"SMITH"}],"circlet_count":0,"master_deck":["Slimebound:Tackle","Slimebound:Defend_Slimebound+1","Slimebound:Defend_Slimebound+1","Slimebound:Defend_Slimebound+1","Slimebound:Defend_Slimebound+1","Slimebound:Split+1","Slimebound:CorrosiveSpit+1","Slimebound:FlameTackle","Slimebound:Prepare","Slimebound:LeechEnergy","Slimebound:RollThrough+1","Slimebound:BestDefense+1","Slimebound:SplitMire+1","Slimebound:ForwardTackle","Slimebound:GoopSpray+1","Slimebound:Schlurp+1","Slimebound:Schlurp+1","Slimebound:SplitSpecialist+1","Slimebound:FinishingTackle","Slimebound:MegaLick","Slimebound:FinishingTackle","Slimebound:FlameTackle+1","Slimebound:Darklings+1","Slimebound:Equalize+1","expansioncontent:QuickStudy+1","Slimebound:GoopTackle+1","Slimebound:SplitBruiser+1","Slimebound:Grow+1","Slimebound:RainOfGoop+1","Slimebound:OneTwoCombo+1","Slimebound:CheckThePlaybook+1","Slimebound:RollThrough+1","Slimebound:BestDefense+1","Slimebound:Darklings+1","Slimebound:SplitSpecialist+1","Parasite","Slimebound:RollThrough+1"],"relics":["Slimebound:AbsorbEndCombat","Golden Egg","FossilizedHelix","Slimebound:AggressiveSlimeRelic","Replay:Bronze Core","Bird Faced Urn","Pantograph","MealTicket","Gambling Chip","SlaversCollar","HandDrill","Bag of Preparation","Ring of Panic","Ring of Fury","Replay:Bottled Eggs","ReplayTheSpireMod:TigerMarble"],"acts_visited":["Exordium","TheCity","TheBeyond"],"potions_floor_usage":[],"damage_taken":[{"damage":5,"enemies":"Small Slimes","floor":2,"turns":3},{"damage":0,"enemies":"Cultist","floor":3,"turns":4},{"damage":6,"enemies":"Jaw Worm","floor":4,"turns":3},{"damage":4,"enemies":"Blue Slaver","floor":5,"turns":3},{"damage":9,"enemies":"Exordium Thugs","floor":6,"turns":3},{"damage":27,"enemies":"Gremlin Nob","floor":8,"turns":5},{"damage":8,"enemies":"downfall:FleeingMerchant","floor":10,"turns":4},{"damage":13,"enemies":"Lagavulin","floor":11,"turns":5},{"damage":0,"enemies":"2 Fungi Beasts","floor":13,"turns":3},{"damage":0,"enemies":"3 Louse","floor":14,"turns":2},{"damage":0,"enemies":"Exordium Wildlife","floor":15,"turns":3},{"damage":20,"enemies":"IC_STATUS_ARCHETYPE","floor":16,"turns":6},{"damage":8,"enemies":"Spheric Guardian","floor":19,"turns":2},{"damage":15,"enemies":"Colosseum Nobs","floor":21,"turns":4},{"damage":22,"enemies":"Book of Stabbing","floor":23,"turns":5},{"damage":4,"enemies":"downfall:FleeingMerchant","floor":25,"turns":5},{"damage":25,"enemies":"Slavers","floor":26,"turns":3},{"damage":2,"enemies":"Chosen","floor":27,"turns":3},{"damage":9,"enemies":"3 Cultists","floor":28,"turns":4},{"damage":0,"enemies":"Shelled Parasite and Fungi","floor":29,"turns":3},{"damage":5,"enemies":"Cultist and Chosen","floor":30,"turns":4},{"damage":16,"enemies":"downfall:FleeingMerchant","floor":31,"turns":5},{"damage":0,"enemies":"Snake Plant","floor":32,"turns":3},{"damage":25,"enemies":"WA_ARCHETYPE_CALM","floor":33,"turns":7},{"damage":19,"enemies":"Orb Walker","floor":36,"turns":4},{"damage":0,"enemies":"downfall:FleeingMerchant","floor":37,"turns":1},{"damage":15,"enemies":"3 Shapes","floor":40,"turns":5},{"damage":27,"enemies":"Reptomancer","floor":43,"turns":3},{"damage":14,"enemies":"Nemesis","floor":46,"turns":5},{"damage":10,"enemies":"Writhing Mass","floor":48,"turns":4},{"damage":0,"enemies":"Spire Growth","floor":49,"turns":2},{"damage":69,"enemies":"DF_ARCHETYPE_ORBS","floor":50,"turns":3}],"seed_played":"6315598221867541807","potions_obtained":[{"floor":3,"key":"Energy Potion"},{"floor":5,"key":"sneckomod:MuddlingPotion"},{"floor":11,"key":"AttackPotion"},{"floor":23,"key":"BlessingOfTheForge"}],"is_trial":false,"path_per_floor":["R","M","M","M","M","M","T","E","R","$","E","?","M","M","M","B",null,"R","M","?","?","?","E","T","$","E","M","M","M","M","$","M","B",null,"R_BF","M","$","?","?","M","T","?","E","R","?","E","R","M","M","B"],"character_chosen":"SLIMEBOUND","items_purchased":["Slimebound:Schlurp","Slimebound:TagTeam","expansioncontent:QuickStudy","Slimebound:GoopTackle","Slimebound:OneTwoCombo","HandDrill","Slimebound:BestDefense"],"campfire_rested":0,"item_purchase_floors":[10,10,25,25,31,37,37],"current_hp_per_floor":[65,64,65,65,65,58,58,35,35,31,26,26,30,32,36,22,65,65,57,57,50,50,38,38,57,40,44,57,65,65,53,57,40,65,65,48,65,65,65,56,56,56,38,38,30,42,42,42,46,0,0,0],"gold":276,"neow_bonus":"THREE_CARDS","is_daily":false,"chose_seed":false,"campfire_upgraded":5,"win_rate":0.0,"timestamp":1613540596,"path_taken":["R","M","M","M","M","M","T","E","R","$","E","?","M","?","M","BOSS","R","M","?","?","?","E","T","$","E","M","M","M","M","$","M","BOSS","R_BF","M","?","?","?","?","T","?","E","R","?","E","R","M","M","BOSS"],"items_purchased_type":["Card","Card","Card","Card","Card","Relic","Card"],"build_version":"2020-12-22","purchased_purges":3,"victory":false,"max_hp_per_floor":[65,65,65,65,65,65,65,65,65,65,65,65,65,65,65,65,65,65,65,65,65,65,65,65,65,65,65,65,65,65,65,65,65,65,65,65,65,65,65,65,65,65,65,65,65,65,65,65,65,65,65,65],"card_choices":[{"not_picked":["Slimebound:GoopSpray","Slimebound:ComboTackle"],"picked":"Slimebound:FlameTackle","floor":0},{"not_picked":["Slimebound:HauntingLick","Slimebound:ItLooksTasty"],"picked":"Slimebound:Prepare","floor":2},{"not_picked":["Slimebound:LivingWall","Slimebound:ItLooksTasty"],"picked":"Slimebound:LeechEnergy","floor":3},{"not_picked":["Slimebound:GoopSpray","Slimebound:DivideAndConquer"],"picked":"Slimebound:RollThrough","floor":4},{"not_picked":["Slimebound:SpikyOuterGoop","Slimebound:LevelUp"],"picked":"Slimebound:BestDefense","floor":5},{"not_picked":["Slimebound:SlimeSpikes","Slimebound:HauntingLick"],"picked":"Slimebound:SplitMire","floor":6},{"not_picked":["Slimebound:GoopSpray","Slimebound:SplitAcid"],"picked":"Slimebound:ForwardTackle","floor":8},{"not_picked":["Slimebound:FirmFortitude","Slimebound:SlimeSpikes"],"picked":"Slimebound:GoopSpray","floor":10},{"not_picked":["Slimebound:DivideAndConquer","Slimebound:GrowthPunch","Slimebound:DisruptingSlam"],"picked":"SKIP","floor":11},{"not_picked":["Slimebound:SplitMire","Slimebound:LivingWall"],"picked":"Slimebound:SplitSpecialist","floor":13},{"not_picked":["Slimebound:SlimeTap","Slimebound:LeechingTouch"],"picked":"Slimebound:FinishingTackle","floor":14},{"not_picked":["Slimebound:LeadByExample","Slimebound:LeechingTouch"],"picked":"Slimebound:MegaLick","floor":15},{"not_picked":["Slimebound:GoopSpray","Slimebound:SlimeSpikes"],"picked":"Slimebound:FinishingTackle","floor":19},{"not_picked":["Slimebound:LeechingTouch","Slimebound:Prepare"],"picked":"Slimebound:FlameTackle","floor":21},{"not_picked":["Slimebound:HauntingLick","Slimebound:Overexert"],"picked":"Slimebound:Darklings","floor":23},{"not_picked":["Slimebound:SlimeTap","Slimebound:SplitLeeching"],"picked":"Slimebound:Equalize+1","floor":25},{"not_picked":["Slimebound:SplitAcid","Slimebound:GoopSpray"],"picked":"Slimebound:SplitBruiser+1","floor":26},{"not_picked":["Slimebound:SplitBruiser+1","Slimebound:LivingWall+1"],"picked":"Slimebound:Grow+1","floor":27},{"not_picked":["Slimebound:AcidTongue","Slimebound:FinishingTackle+1","Slimebound:MegaLick+1"],"picked":"SKIP","floor":28},{"not_picked":["Slimebound:ForwardTackle","Slimebound:PressTheAttack","Slimebound:ItLooksTasty+1"],"picked":"SKIP","floor":29},{"not_picked":["Slimebound:DivideAndConquer","Slimebound:LevelUp","Slimebound:SplitMire"],"picked":"SKIP","floor":30},{"not_picked":["Slimebound:GoopTackle","Slimebound:FinishingTackle+1"],"picked":"Slimebound:RainOfGoop","floor":31},{"not_picked":["Slimebound:Prepare","Slimebound:LivingWall","Slimebound:HauntingLick"],"picked":"SKIP","floor":32},{"not_picked":["Slimebound:MinionMaster","Slimebound:DouseInSlime"],"picked":"Slimebound:CheckThePlaybook","floor":33},{"not_picked":["Slimebound:Nibble","Slimebound:ItLooksTasty+1","Slimebound:SplitMire+1"],"picked":"SKIP","floor":36},{"not_picked":["Slimebound:AcidTongue+1","Slimebound:LeechEnergy+1"],"picked":"Slimebound:RollThrough+1","floor":37},{"not_picked":["Slimebound:LeadByExample+1","Slimebound:ItLooksTasty+1","Slimebound:RejuvenatingLick+1"],"picked":"SKIP","floor":40},{"not_picked":["Slimebound:LivingWall","Slimebound:AcidTongue+1","Slimebound:SplitAcid"],"picked":"SKIP","floor":43},{"not_picked":["Slimebound:SlimeBarrage","Slimebound:GoopTackle+1"],"picked":"Slimebound:SplitSpecialist","floor":46},{"not_picked":["Slimebound:Prepare+1","Slimebound:DouseInSlime"],"picked":"Slimebound:RollThrough+1","floor":48},{"not_picked":["Slimebound:LevelUp","Slimebound:RollThrough+1","Slimebound:LivingWall"],"picked":"SKIP","floor":49}],"player_experience":146777,"relics_obtained":[{"floor":7,"key":"Golden Egg"},{"floor":8,"key":"FossilizedHelix"},{"floor":11,"key":"Slimebound:AggressiveSlimeRelic"},{"floor":21,"key":"Bird Faced Urn"},{"floor":21,"key":"Pantograph"},{"floor":23,"key":"MealTicket"},{"floor":26,"key":"Gambling Chip"},{"floor":41,"key":"Bag of Preparation"},{"floor":42,"key":"Ring of Panic"},{"floor":42,"key":"Ring of Fury"},{"floor":43,"key":"Replay:Bottled Eggs"},{"floor":46,"key":"ReplayTheSpireMod:TigerMarble"}],"event_choices":[{"damage_healed":0,"gold_gain":0,"player_choice":"Ignored","damage_taken":0,"max_hp_gain":0,"max_hp_loss":0,"event_name":"Vampires","floor":20,"gold_loss":0},{"damage_healed":0,"gold_gain":0,"player_choice":"Forge","damage_taken":0,"max_hp_gain":0,"max_hp_loss":0,"event_name":"Accursed Blacksmith","floor":39,"gold_loss":0,"cards_upgraded":["Slimebound:Split"]}],"is_beta":false,"boss_relics":[{"not_picked":["Slimebound:TarBlob","Cursed Key"],"picked":"Replay:Bronze Core"},{"not_picked":["Runic Dome","construct:WeddingRing"],"picked":"SlaversCollar"}],"items_purged_floors":[10,25,37],"is_endless":false,"potions_floor_spawned":[3,5,11,14,15,16,23,26,27,28,29,32,36,40,49],"killed_by":"DF_ARCHETYPE_ORBS","ascension_level":0}}