{"host":"vfg9szunmpjwj08o","time":1613582946,"event":{"mods":["Act Like it!","BaseMod","BetterRewards","Bossed Relics","Challenge The Spire","Colored Map","Colored Powertips","Dark Map","Highlight Path","Minty Spire (QoL Compilation)","Quick Restart","Relic Stats","StSLib","Waifu the Spire","everything is the same but u backflip on backflip"],"gold_per_floor":[110,32,32,32,49,83,83,103,103,119,119,139,169,185,185,185,185],"floor_reached":16,"language":"ENG","playtime":555,"items_purged":[],"score":274,"play_id":"d2f172a0-ab16-4eed-885b-08e42262f516","local_time":"20210217182906","is_ascension_mode":true,"campfire_choices":[{"data":"Searing Blow","floor":7,"key":"SMITH"},{"data":"Searing Blow+1","floor":11,"key":"SMITH"},{"data":"Searing Blow+2","floor":15,"key":"SMITH"}],"circlet_count":0,"master_deck":["AscendersBane","Strike_R","Strike_R","Strike_R","Strike_R","Defend_R","Defend_R","Defend_R","Defend_R","Bash","Searing Blow+3","Flame Barrier","Seeing Red","Metallicize","Intimidate"],"relics":["Burning Blood","NeowsBlessing","Pantograph","Mercury Hourglass","Magic Flower"],"acts_visited":["Exordium"],"potions_floor_usage":[12,16],"damage_taken":[{"damage":0,"enemies":"Cultist","floor":1,"turns":1},{"damage":0,"enemies":"Jaw Worm","floor":5,"turns":1},{"damage":0,"enemies":"Gremlin Nob","floor":6,"turns":1},{"damage":12,"enemies":"Small Slimes","floor":8,"turns":3},{"damage":18,"enemies":"Exordium Thugs","floor":10,"turns":4},{"damage":7,"enemies":"Exordium Wildlife","floor":12,"turns":4},{"damage":19,"enemies":"3 Sentries","floor":13,"turns":8},{"damage":3,"enemies":"Lots of Slimes","floor":14,"turns":3},{"damage":76,"enemies":"Hexaghost","floor":16,"turns":9}],"seed_played":"-5681918806606721161","potions_obtained":[{"floor":6,"key":"FairyPotion"},{"floor":10,"key":"BloodPotion"},{"floor":12,"key":"LiquidMemories"},{"floor":13,"key":"AttackPotion"}],"is_trial":false,"path_per_floor":["M","$","?","$","M","E","R","M","T","M","R","M","E","M","R","B"],"character_chosen":"IRONCLAD","items_purchased":["Searing Blow"],"campfire_rested":0,"item_purchase_floors":[2],"current_hp_per_floor":[74,74,67,67,73,75,75,69,69,57,57,71,58,64,64,0,0],"gold":185,"neow_bonus":"THREE_ENEMY_KILL","is_daily":false,"chose_seed":false,"campfire_upgraded":3,"win_rate":0.0,"timestamp":1613582946,"path_taken":["M","$","?","?","M","E","R","?","T","M","R","M","E","M","R","BOSS"],"items_purchased_type":["Card"],"build_version":"2020-12-22","purchased_purges":0,"victory":false,"max_hp_per_floor":[75,75,75,75,75,75,75,75,75,75,75,75,75,75,75,75,75],"relic_stats":{"counters":[9,34],"Pantograph":11,"Magic Flower":[3],"obtain_stats":[{"NeowsBlessing":0,"Pantograph":6,"Magic Flower":13,"Burning Blood":0,"Mercury Hourglass":9},{"NeowsBlessing":0,"Pantograph":3,"Magic Flower":7,"Burning Blood":0,"Mercury Hourglass":4},{"NeowsBlessing":0,"Pantograph":3,"Magic Flower":22,"Burning Blood":0,"Mercury Hourglass":6}],"Burning Blood":47,"Mercury Hourglass":[136]},"card_choices":[{"not_picked":["Warcry","Pommel Strike","Shockwave"],"picked":"SKIP","floor":1},{"not_picked":["Twin Strike","Carnage"],"picked":"Flame Barrier","floor":5},{"not_picked":["Headbutt","Havoc"],"picked":"Seeing Red","floor":6},{"not_picked":["Entrench","Evolve"],"picked":"Metallicize","floor":8},{"not_picked":["Headbutt","Cleave","Hemokinesis"],"picked":"SKIP","floor":10},{"not_picked":["Anger","Warcry","Dual Wield"],"picked":"SKIP","floor":12},{"not_picked":["Havoc","Combust","Wild Strike"],"picked":"SKIP","floor":13},{"not_picked":["Clothesline","Dark Embrace"],"picked":"Intimidate","floor":14}],"player_experience":1114721,"relics_obtained":[{"floor":6,"key":"Pantograph"},{"floor":9,"key":"Mercury Hourglass"},{"floor":13,"key":"Magic Flower"}],"event_choices":[{"cards_removed":["Strike_R"],"damage_healed":0,"gold_gain":0,"player_choice":"Card Removal","damage_taken":7,"max_hp_gain":0,"max_hp_loss":0,"event_name":"Golden Wing","floor":3,"gold_loss":0}],"is_beta":false,"boss_relics":[],"items_purged_floors":[],"is_endless":false,"potions_floor_spawned":[6,10,12,13],"killed_by":"Hexaghost","ascension_level":20}}