{"host":"pj05r22d3fegil3v","time":1613595581,"event":{"mods":["BaseMod","Better Altar","Better Match","Better Note","Better Sensory Stone","Better Skull","Better Third Choice","BetterRewards","Card Filter","Colored Powertips","Curses Come First","Custom Start","DeckTracker","Displayed Cursed Tome","Evolution","Minty Spire (QoL Compilation)","Quick Restart","Rare Cards Sparkle","Relic Filter Mod","Smile Girya","StSLib","Weighted Paths","everything is the same but u backflip on backflip","slay the spire mod where everything is the same but ironclad has a cowboy hat"],"gold_per_floor":[139,171,209,248,269,322,362,403,489,518,549,576,606,219,219,317,317,334,334,349,363,376,376,398,398,398,416,428,55,69,69,69,173,173,184,208,258,35,0,0,0,0,0,34,34,50,62,93,93,93],"floor_reached":51,"language":"ENG","playtime":2651,"items_purged":["Capacitor"],"score":1200,"play_id":"e8be7eb8-d59e-426f-840f-b08e6b86a983","local_time":"20210217155941","is_ascension_mode":true,"campfire_choices":[{"data":"Defragment","floor":15,"key":"SMITH"},{"data":"Redo","floor":23,"key":"SMITH"},{"data":"Chill","floor":25,"key":"SMITH"},{"data":"Genetic Algorithm","floor":32,"key":"SMITH"},{"data":"Darkness","floor":40,"key":"SMITH"},{"data":"Lockon","floor":42,"key":"SMITH"},{"data":"Echo Form","floor":45,"key":"SMITH"},{"data":"Conserve Battery","floor":49,"key":"SMITH"}],"circlet_count":0,"master_deck":["Redo+1","Lockon+1","Conserve Battery+1","Conserve Battery","Machine Learning","Machine Learning","Defragment+1","Darkness+1","Doom and Gloom","Genetic Algorithm+1","Conserve Battery","Echo Form+1","Conserve Battery","Chill+1","Doom and Gloom+1","Chill+1"],"relics":["Cracked Core","EVO:Axolotl","Symbiotic Virus","DataDisk","Runic Capacitor","Nuclear Battery","FrozenCore","Inserter","CeramicFish","MawBank","Juzu Bracelet","The Courier","Membership Card","Cables","Emotion Chip","Vajra","Darkstone Periapt","Question Card","Medical Kit","Potion Belt","FossilizedHelix","Calipers","SlaversCollar","StrikeDummy","Pantograph","Art of War","Torii","Pear","Cursed Key","Ginger","Bird Faced Urn","HornCleat","Red Mask","Girya","Ancient Tea Set"],"acts_visited":["Exordium","TheCity","TheBeyond"],"potions_floor_usage":[8,50,50,50,50,50,50],"damage_taken":[{"damage":6,"enemies":"2 Louse","floor":1,"turns":2},{"damage":11,"enemies":"Small Slimes","floor":2,"turns":3},{"damage":0,"enemies":"Jaw Worm","floor":3,"turns":3},{"damage":3,"enemies":"Red Slaver","floor":4,"turns":3},{"damage":0,"enemies":"Lagavulin","floor":6,"turns":5},{"damage":0,"enemies":"Looter","floor":7,"turns":3},{"damage":5,"enemies":"Gremlin Nob","floor":8,"turns":3},{"damage":0,"enemies":"3 Louse","floor":10,"turns":2},{"damage":0,"enemies":"Exordium Wildlife","floor":11,"turns":4},{"damage":0,"enemies":"Blue Slaver","floor":12,"turns":4},{"damage":0,"enemies":"Exordium Thugs","floor":13,"turns":3},{"damage":0,"enemies":"The Guardian","floor":16,"turns":6},{"damage":0,"enemies":"2 Thieves","floor":18,"turns":3},{"damage":0,"enemies":"Spheric Guardian","floor":20,"turns":4},{"damage":0,"enemies":"3 Cultists","floor":21,"turns":7},{"damage":0,"enemies":"Snake Plant","floor":22,"turns":4},{"damage":0,"enemies":"Centurion and Healer","floor":24,"turns":5},{"damage":0,"enemies":"Cultist and Chosen","floor":27,"turns":8},{"damage":0,"enemies":"Snecko","floor":28,"turns":4},{"damage":1,"enemies":"Chosen and Byrds","floor":30,"turns":5},{"damage":0,"enemies":"Automaton","floor":33,"turns":7},{"damage":0,"enemies":"Orb Walker","floor":35,"turns":3},{"damage":0,"enemies":"3 Darklings","floor":36,"turns":6},{"damage":40,"enemies":"Mind Bloom Boss Battle","floor":37,"turns":6},{"damage":14,"enemies":"Nemesis","floor":44,"turns":7},{"damage":0,"enemies":"Spire Growth","floor":46,"turns":7},{"damage":3,"enemies":"Sphere and 2 Shapes","floor":47,"turns":5},{"damage":0,"enemies":"Giant Head","floor":48,"turns":6},{"damage":0,"enemies":"Time Eater","floor":50,"turns":9}],"seed_played":"248086632092345328","potions_obtained":[{"floor":2,"key":"Dexterity Potion"},{"floor":3,"key":"ColorlessPotion"},{"floor":4,"key":"Fruit Juice"},{"floor":7,"key":"DistilledChaos"},{"floor":11,"key":"Explosive Potion"},{"floor":13,"key":"DistilledChaos"},{"floor":18,"key":"FearPotion"},{"floor":21,"key":"EntropicBrew"},{"floor":24,"key":"FocusPotion"},{"floor":27,"key":"LiquidMemories"},{"floor":47,"key":"Energy Potion"}],"is_trial":true,"path_per_floor":["M","M","M","M","?","E","M","E","T","M","M","M","M","$","R","B",null,"M","?","M","M","M","R","M","R","T","M","M","$","M","?","R","B",null,"M","M","?","$","?","R","$","R","T","E","R","M","M","E","R","B",null],"character_chosen":"DEFECT","items_purchased":["Medical Kit","Potion Belt","FossilizedHelix","Calipers","Pantograph","Art of War","Torii","Pear","Bird Faced Urn","HornCleat"],"campfire_rested":0,"item_purchase_floors":[14,14,14,14,29,29,29,29,38,38],"current_hp_per_floor":[77,66,66,63,63,63,63,63,63,63,63,63,63,63,63,63,88,88,98,98,98,98,98,98,98,98,98,98,108,107,107,107,108,108,108,108,68,68,68,68,68,68,68,68,68,82,93,103,103,108],"gold":93,"neow_bonus":"","is_daily":false,"chose_seed":false,"campfire_upgraded":8,"win_rate":0.0,"timestamp":1613595581,"path_taken":["M","M","M","M","?","E","M","E","T","M","M","M","M","$","R","BOSS","M","?","M","M","M","R","M","R","T","M","M","$","M","?","R","BOSS","M","M","?","$","?","R","?","R","T","E","R","M","M","E","R","BOSS"],"items_purchased_type":["Relic","Relic","Relic","Relic","Relic","Relic","Relic","Relic","Relic","Relic"],"build_version":"2020-12-22","purchased_purges":1,"victory":true,"max_hp_per_floor":[83,83,83,83,83,83,83,88,88,88,88,88,88,88,88,88,88,88,98,98,98,98,98,98,98,98,98,98,108,108,108,108,108,108,108,108,108,108,108,108,108,108,108,108,108,108,108,108,108,108],"card_choices":[{"not_picked":["Hologram","Auto Shields"],"picked":"Genetic Algorithm","floor":1},{"not_picked":["Ball Lightning","Steam Power","Rebound"],"picked":"SKIP","floor":2},{"not_picked":["Streamline","Scrape"],"picked":"Conserve Battery","floor":3},{"not_picked":["Turbo","Rip and Tear"],"picked":"Echo Form","floor":4},{"not_picked":["Good Instincts","PanicButton"],"picked":"Secret Technique","floor":5},{"not_picked":["Thunder Strike","Leap"],"picked":"Conserve Battery","floor":6},{"not_picked":["Sweeping Beam","Coolheaded"],"picked":"Chill","floor":7},{"not_picked":["Leap","Compile Driver","Auto Shields"],"picked":"SKIP","floor":8},{"not_picked":["Undo","Gash","Beam Cell","FTL"],"picked":"SKIP","floor":10},{"not_picked":["Cold Snap","Go for the Eyes","Streamline","Conserve Battery"],"picked":"SKIP","floor":11},{"not_picked":["Thunder Strike","Tempest","Conserve Battery","Steam Power"],"picked":"SKIP","floor":12},{"not_picked":["Ball Lightning","Steam","Stack","Beam Cell"],"picked":"SKIP","floor":13},{"not_picked":["Ball Lightning+1","Beam Cell","Redo+1","Storm"],"picked":"SKIP","floor":18},{"not_picked":["Streamline","Go for the Eyes","Meteor Strike","Tempest"],"picked":"SKIP","floor":20},{"not_picked":["Redo","Ball Lightning","Turbo+1","Tempest+1"],"picked":"SKIP","floor":21},{"not_picked":["Loop","Compile Driver","Barrage+1","Steam"],"picked":"SKIP","floor":22},{"not_picked":["Streamline","Stack+1","Seek"],"picked":"Doom and Gloom+1","floor":24},{"not_picked":["Steam","Ball Lightning","Leap","Go for the Eyes+1"],"picked":"SKIP","floor":27},{"not_picked":["Coolheaded","Compile Driver","FTL","Sweeping Beam+1"],"picked":"SKIP","floor":28},{"not_picked":["Cold Snap","Streamline+1","FTL+1","Gash+1"],"picked":"SKIP","floor":30},{"not_picked":["Beam Cell+1","Auto Shields+1","Rebound","Hologram"],"picked":"SKIP","floor":35},{"not_picked":["Aggregate","Hologram+1","Rip and Tear+1"],"picked":"Chill+1","floor":36},{"not_picked":["Static Discharge","Compile Driver+1","Capacitor+1","Doom and Gloom"],"picked":"SKIP","floor":44},{"not_picked":["Ball Lightning","Reprogram+1","Rebound+1","Hologram+1"],"picked":"SKIP","floor":46},{"not_picked":["Gash+1","Rip and Tear","Barrage+1","Self Repair+1"],"picked":"SKIP","floor":47},{"not_picked":["Go for the Eyes+1","Reboot","Rebound+1","Coolheaded+1"],"picked":"SKIP","floor":48}],"player_experience":154798,"relics_obtained":[{"floor":6,"key":"Vajra"},{"floor":8,"key":"Darkstone Periapt"},{"floor":9,"key":"Question Card"},{"floor":26,"key":"StrikeDummy"},{"floor":37,"key":"Ginger"},{"floor":44,"key":"Girya"},{"floor":48,"key":"Ancient Tea Set"}],"event_choices":[{"damage_healed":0,"gold_gain":1,"player_choice":"1","damage_taken":0,"max_hp_gain":0,"max_hp_loss":0,"event_name":"betterStone:BetterStone","floor":5,"gold_loss":0},{"cards_removed":["Secret Technique"],"damage_healed":0,"gold_gain":0,"player_choice":"Offered Rare","damage_taken":0,"max_hp_gain":10,"max_hp_loss":0,"event_name":"Bonfire Elementals","floor":19,"gold_loss":0},{"damage_healed":0,"gold_gain":0,"player_choice":"Ignored","damage_taken":0,"max_hp_gain":0,"max_hp_loss":0,"event_name":"betterNote:BetterNote","floor":31,"gold_loss":0,"cards_obtained":["Apotheosis"]},{"damage_healed":0,"gold_gain":0,"player_choice":"Fight","damage_taken":0,"max_hp_gain":0,"max_hp_loss":0,"event_name":"MindBloom","floor":37,"gold_loss":0},{"damage_healed":0,"gold_gain":0,"player_choice":"Paid","damage_taken":0,"relics_obtained":["Red Mask"],"max_hp_gain":0,"max_hp_loss":0,"event_name":"Tomb of Lord Red Mask","floor":39,"gold_loss":35}],"is_beta":false,"boss_relics":[{"not_picked":["Philosopher\u0027s Stone","Fusion Hammer"],"picked":"SlaversCollar"},{"not_picked":["Sozu","Tiny House"],"picked":"Cursed Key"}],"items_purged_floors":[14],"is_endless":false,"potions_floor_spawned":[2,3,4,7,11,13,18,21,24,27,33,37,44,46,47],"ascension_level":1}}