{"host":"bf5upntvbdompq33","time":1613603255,"event":{"mods":["BaseMod","Bestiary","Colored Map","Colored Powertips","Curses Come First","Highlight Path","Minty Spire (QoL Compilation)","StSLib","ojb\u0027s Info Mod"],"gold_per_floor":[113,124,124,124,143,178,189,189,189,189,189],"floor_reached":10,"language":"ENG","playtime":754,"items_purged":[],"score":105,"play_id":"ee032fff-0ed7-4cae-825c-e6c5741fe48f","local_time":"20210217160735","is_ascension_mode":true,"campfire_choices":[{"floor":8,"key":"REST"}],"circlet_count":0,"master_deck":["AscendersBane","Strike_G","Strike_G","Strike_G","Strike_G","Strike_G","Defend_G","Defend_G","Defend_G","Defend_G","Defend_G","Survivor","Neutralize","Deflect","Leg Sweep","Blade Dance","All Out Attack","Tactician"],"relics":["Ring of the Snake","NeowsBlessing","Darkstone Periapt","Pen Nib","The Courier"],"acts_visited":["Exordium"],"potions_floor_usage":[6,10],"damage_taken":[{"damage":0,"enemies":"Small Slimes","floor":1,"turns":1},{"damage":0,"enemies":"Jaw Worm","floor":2,"turns":1},{"damage":0,"enemies":"2 Louse","floor":5,"turns":1},{"damage":27,"enemies":"3 Sentries","floor":6,"turns":18},{"damage":10,"enemies":"Large Slime","floor":7,"turns":7},{"damage":55,"enemies":"Lagavulin","floor":10,"turns":13}],"seed_played":"-6216937628978628542","potions_obtained":[{"floor":2,"key":"Swift Potion"},{"floor":6,"key":"Energy Potion"},{"floor":7,"key":"Fire Potion"}],"is_trial":false,"path_per_floor":["M","M","?","T","M","E","M","R","T","E"],"character_chosen":"THE_SILENT","items_purchased":[],"campfire_rested":1,"item_purchase_floors":[],"current_hp_per_floor":[63,63,63,63,63,36,26,47,47,0,0],"gold":189,"neow_bonus":"THREE_ENEMY_KILL","is_daily":false,"chose_seed":false,"campfire_upgraded":0,"win_rate":0.0,"timestamp":1613603255,"path_taken":["M","M","?","?","M","E","M","R","T","E"],"items_purchased_type":[],"build_version":"2020-12-22","purchased_purges":0,"victory":false,"max_hp_per_floor":[70,70,70,70,70,70,70,70,70,70,70],"card_choices":[{"not_picked":["Prepared","Acrobatics"],"picked":"Deflect","floor":1},{"not_picked":["Acrobatics","Calculated Gamble"],"picked":"Leg Sweep","floor":2},{"not_picked":["Masterful Stab","Acrobatics"],"picked":"Blade Dance","floor":5},{"not_picked":["Dodge and Roll","Underhanded Strike"],"picked":"All Out Attack","floor":6},{"not_picked":["Deadly Poison","Bane"],"picked":"Tactician","floor":7}],"player_experience":1622482,"relics_obtained":[{"floor":4,"key":"Darkstone Periapt"},{"floor":6,"key":"Pen Nib"},{"floor":9,"key":"The Courier"}],"event_choices":[{"damage_healed":0,"gold_gain":0,"player_choice":"Ignored","damage_taken":0,"max_hp_gain":0,"max_hp_loss":0,"event_name":"Shining Light","floor":3,"gold_loss":0}],"is_beta":false,"boss_relics":[],"items_purged_floors":[],"is_endless":false,"potions_floor_spawned":[2,6,7],"killed_by":"Lagavulin","ascension_level":11}}