{"host":"df48i9djcn92c5sx","time":1613558815,"event":{"mods":["Act Like it!","Arknights","BaseMod","Decade(王小明)","Downfall","Gensokyo","Marisa（F雨　魔理沙）","Minty Spire (QoL Compilation)","READ ME - Guardian Mod","READ ME - Snecko Mod","Reimu（博丽灵梦）","Remilia（蕾米莉亚）","Shop Mod","StSLib","The Jungle","The Servant 0.9.4"],"gold_per_floor":[110,110,110,53,68,68,98,98,121,137,137,155,48,82,82,156,156,168,187,187,187,187],"floor_reached":21,"language":"ZHS","playtime":632,"items_purged":[],"score":346,"play_id":"4bc4cfa4-0cf3-4060-ad31-7c334af4066e","local_time":"20210217184655","is_ascension_mode":true,"campfire_choices":[{"data":"Survivor","floor":6,"key":"SMITH"},{"data":"Bullet Time","floor":8,"key":"SMITH"},{"data":"Dodge and Roll","floor":11,"key":"SMITH"},{"data":"Deadly Poison","floor":15,"key":"SMITH"}],"circlet_count":0,"master_deck":["AscendersBane","Strike_G","Strike_G","Strike_G","Strike_G","Strike_G","Defend_G","Defend_G","Defend_G","Defend_G","Defend_G","Survivor+1","Neutralize+1","Parasite","Backstab","Bullet Time+1","Dodge and Roll+1","Well Laid Plans","Deadly Poison+1","Bane","After Image","Tools of the Trade","PiercingWail"],"relics":["Ring of the Snake","The Specimen","StrikeDummy","Anchor","Centennial Puzzle","Sozu"],"acts_visited":["Exordium","TheCity"],"potions_floor_usage":[7,7,14],"damage_taken":[{"damage":5,"enemies":"2 Louse","floor":1,"turns":3},{"damage":1,"enemies":"Jaw Worm","floor":5,"turns":6},{"damage":1,"enemies":"Lagavulin","floor":7,"turns":5},{"damage":0,"enemies":"Cultist","floor":10,"turns":2},{"damage":0,"enemies":"Looter","floor":12,"turns":2},{"damage":33,"enemies":"Gremlin Nob","floor":14,"turns":4},{"damage":12,"enemies":"The Guardian","floor":16,"turns":14},{"damage":23,"enemies":"Spheric Guardian","floor":18,"turns":6},{"damage":3,"enemies":"Shell Parasite","floor":19,"turns":5},{"damage":22,"enemies":"3 Cultists","floor":21,"turns":3}],"seed_played":"4030923314119852026","potions_obtained":[{"floor":1,"key":"Poison Potion"},{"floor":12,"key":"Fire Potion"}],"is_trial":false,"path_per_floor":["M","?","?","$","M","R","E","R","T","M","R","M","$","E","R","B",null,"M","M","?","M"],"character_chosen":"THE_SILENT","items_purchased":["SkillPotion","Deadly Poison","Bane"],"campfire_rested":0,"item_purchase_floors":[4,13,13],"current_hp_per_floor":[54,54,54,54,53,53,52,52,52,52,52,52,52,19,19,7,51,28,25,19,0,0],"gold":187,"neow_bonus":"ONE_RARE_RELIC","is_daily":false,"chose_seed":false,"campfire_upgraded":4,"win_rate":0.0,"timestamp":1613558815,"path_taken":["M","?","?","?","?","R","E","R","T","M","R","M","$","E","R","BOSS","M","M","?","?"],"items_purchased_type":["Potion","Card","Card"],"build_version":"2020-12-22","purchased_purges":0,"victory":false,"max_hp_per_floor":[66,66,66,66,66,66,66,66,66,66,66,66,66,66,66,66,66,66,66,66,66,66],"card_choices":[{"not_picked":["Terror","Prepared","Quick Slash"],"picked":"SKIP","floor":1},{"not_picked":["Slice","Terror"],"picked":"Backstab","floor":5},{"not_picked":["Crippling Poison","Catalyst"],"picked":"Bullet Time","floor":7},{"not_picked":["Caltrops","Outmaneuver"],"picked":"Dodge and Roll","floor":10},{"not_picked":["Outmaneuver","Acrobatics"],"picked":"Well Laid Plans","floor":12},{"not_picked":["Caltrops","Predator"],"picked":"After Image","floor":14},{"not_picked":["Bullet Time","Venomology"],"picked":"Tools of the Trade","floor":16},{"not_picked":["Choke","Backflip","Underhanded Strike"],"picked":"SKIP","floor":18},{"not_picked":["Backflip","Flechettes"],"picked":"PiercingWail","floor":19}],"player_experience":1574608,"relics_obtained":[{"floor":7,"key":"StrikeDummy"},{"floor":9,"key":"Anchor"},{"floor":14,"key":"Centennial Puzzle"}],"event_choices":[{"damage_healed":0,"gold_gain":0,"player_choice":"Ignored","damage_taken":0,"max_hp_gain":0,"max_hp_loss":0,"event_name":"Liars Game","floor":2,"gold_loss":0},{"damage_healed":0,"gold_gain":0,"player_choice":"Grow","damage_taken":0,"max_hp_gain":0,"max_hp_loss":0,"event_name":"Living Wall","floor":3,"gold_loss":0,"cards_upgraded":["Neutralize"]},{"damage_healed":0,"gold_gain":0,"player_choice":"","damage_taken":6,"max_hp_gain":0,"max_hp_loss":0,"event_name":"Knowing Skull","floor":20,"potions_obtained":[],"gold_loss":0,"cards_obtained":[]}],"is_beta":false,"boss_relics":[{"not_picked":["bronze:MakeshiftBattery","Calling Bell"],"picked":"Sozu"}],"items_purged_floors":[],"is_endless":false,"potions_floor_spawned":[1,5,12],"killed_by":"3 Cultists","ascension_level":17}}