{"host":"51dweoxrcspgw6ri","time":1613538840,"event":{"mods":["BaseMod","Colored Map","Colored Powertips","Minty Spire (QoL Compilation)","Rare Cards Sparkle","Relic Stats","StSLib","SuperFastMode"],"gold_per_floor":[112,61,61,75,86,114,114,139,185,150,150,67,99,117,117,222,222,234,0,14,14,14,49,61,89,89,116,215,215,67,79,79,178,178,190,208,30,41,41,41,57,87,87,87,112,112,143,143,143,143,143],"floor_reached":50,"language":"ENG","playtime":3500,"items_purged":["Regret"],"score":870,"play_id":"677b8d0c-97a1-46fa-978b-5e2982b321d4","local_time":"20210217061400","is_ascension_mode":true,"campfire_choices":[{"data":"CarveReality","floor":7.0,"key":"SMITH"},{"data":"Blasphemy","floor":11.0,"key":"SMITH"},{"data":"Discovery","floor":15.0,"key":"SMITH"},{"floor":32.0,"key":"REST"},{"floor":40.0,"key":"RECALL"},{"floor":46.0,"key":"REST"},{"floor":49.0,"key":"REST"}],"circlet_count":0,"master_deck":["Strike_P+1","Strike_P","Strike_P+1","Strike_P+1","Defend_P+1","Defend_P","Defend_P+1","Defend_P+1","Eruption+1","Vigilance","ThirdEye+1","CarveReality+1","ReachHeaven+1","Collect+1","Blasphemy+1","Discovery+1","ThirdEye+1","LessonLearned+1","Worship+1","Worship+1","Ghostly+1","Ghostly+1","Ghostly+1","Ghostly+1","Ghostly+1","DevaForm","Judgement+1","Wallop+1","Secret Technique+1","ForeignInfluence+1","Shame","Writhe","WheelKick+1","Normality"],"relics":["PureWater","Happy Flower","TeardropLocket","Bronze Scales","Ancient Tea Set","Toxic Egg 2","Cursed Key","Juzu Bracelet","Anchor","Pantograph","Yang","Whetstone","Sozu","StrikeDummy","Dream Catcher","Nunchaku","Bottled Tornado"],"acts_visited":["Exordium","TheCity","TheBeyond"],"potions_floor_usage":[],"damage_taken":[{"damage":6.0,"enemies":"Jaw Worm","floor":1.0,"turns":6.0},{"damage":1.0,"enemies":"Small Slimes","floor":4.0,"turns":2.0},{"damage":0.0,"enemies":"Cultist","floor":5.0,"turns":1.0},{"damage":0.0,"enemies":"Gremlin Nob","floor":6.0,"turns":2.0},{"damage":15.0,"enemies":"3 Sentries","floor":8.0,"turns":6.0},{"damage":10.0,"enemies":"Gremlin Nob","floor":13.0,"turns":3.0},{"damage":15.0,"enemies":"2 Fungi Beasts","floor":14.0,"turns":3.0},{"damage":21.0,"enemies":"Slime Boss","floor":16.0,"turns":6.0},{"damage":3.0,"enemies":"3 Byrds","floor":18.0,"turns":3.0},{"damage":2.0,"enemies":"Chosen","floor":20.0,"turns":3.0},{"damage":0.0,"enemies":"Book of Stabbing","floor":23.0,"turns":4.0},{"damage":3.0,"enemies":"3 Cultists","floor":24.0,"turns":4.0},{"damage":0.0,"enemies":"Slavers","floor":25.0,"turns":4.0},{"damage":17.0,"enemies":"Gremlin Leader","floor":27.0,"turns":7.0},{"damage":2.0,"enemies":"Sentry and Sphere","floor":31.0,"turns":5.0},{"damage":3.0,"enemies":"Collector","floor":33.0,"turns":7.0},{"damage":0.0,"enemies":"3 Shapes","floor":35.0,"turns":3.0},{"damage":2.0,"enemies":"3 Darklings","floor":36.0,"turns":4.0},{"damage":4.0,"enemies":"Spire Growth","floor":38.0,"turns":4.0},{"damage":1.0,"enemies":"Maw","floor":41.0,"turns":8.0},{"damage":21.0,"enemies":"Reptomancer","floor":42.0,"turns":7.0},{"damage":1.0,"enemies":"Giant Head","floor":45.0,"turns":6.0},{"damage":1.0,"enemies":"Nemesis","floor":47.0,"turns":5.0},{"damage":56,"enemies":"Donu and Deca","floor":50,"turns":6}],"seed_played":"538211092116535079","potions_obtained":[{"floor":1.0,"key":"AttackPotion"},{"floor":5.0,"key":"Block Potion"},{"floor":6.0,"key":"DuplicationPotion"},{"floor":18.0,"key":"Block Potion"}],"is_trial":false,"path_per_floor":["M","$","?","M","M","E","R","E","T","?","R","$","E","M","R","B",null,"M","$","M","?","?","E","M","E","T","E","?","?","$","M","R","B",null,"M","M","$","M","$","R","M","E","T","?","E","R","E","T","R","B"],"character_chosen":"WATCHER","items_purchased":["SteroidPotion","Discovery","Worship+1","Juzu Bracelet","DistilledChaos","Secret Technique+1"],"campfire_rested":3,"item_purchase_floors":[2,12,19,19,30,37],"current_hp_per_floor":[66,66,66,65,65,65,65,50,50,68,68,68,58,43,43,22,72,69,69,67,67,36,36,33,33,33,16,16,7,7,5,15,33,36,36,34,34,30,30,30,29,8,8,17,16,26,25,25,35,0,0],"gold":143,"neow_bonus":"RANDOM_COMMON_RELIC","is_daily":false,"chose_seed":false,"campfire_upgraded":3,"win_rate":0.0,"timestamp":1613538840,"path_taken":["M","$","?","M","M","E","R","E","T","?","R","$","E","M","R","BOSS","M","$","M","?","?","E","M","E","T","E","?","?","?","M","R","BOSS","M","M","$","M","?","R","M","E","T","?","E","R","E","?","R","BOSS"],"items_purchased_type":["Potion","Card","Card","Relic","Potion","Card"],"build_version":"2020-12-22","purchased_purges":1,"victory":false,"max_hp_per_floor":[72,72,72,72,72,72,72,72,72,72,72,72,72,72,72,72,72,72,72,72,72,36,36,36,36,36,36,36,36,36,36,36,36,36,36,36,36,36,36,36,36,36,36,36,36,36,36,36,36,36,36],"relic_stats":{"Sozu":3,"Dream Catcher":2,"Nunchaku":[1],"Happy Flower":[36],"counters":[24,109],"Bronze Scales":[266],"Pantograph":22,"Yang":[116],"Juzu Bracelet":1,"Whetstone":["Strike_P","Strike_P"],"Cursed Key":3,"obtain_stats":[{"Happy Flower":0,"Yang":26,"Juzu Bracelet":19,"TeardropLocket":6,"Whetstone":27,"Bottled Tornado":48,"Ancient Tea Set":9,"Cursed Key":17,"Sozu":34,"Anchor":23,"Dream Catcher":45,"Nunchaku":47,"Bronze Scales":8,"Pantograph":25,"PureWater":0,"Toxic Egg 2":13,"StrikeDummy":42},{"Happy Flower":0,"Yang":13,"Juzu Bracelet":9,"TeardropLocket":4,"Whetstone":14,"Bottled Tornado":23,"Ancient Tea Set":5,"Cursed Key":8,"Sozu":16,"Anchor":11,"Dream Catcher":22,"Nunchaku":23,"Bronze Scales":5,"Pantograph":13,"PureWater":0,"Toxic Egg 2":6,"StrikeDummy":21},{"Happy Flower":0,"Yang":47,"Juzu Bracelet":32,"TeardropLocket":11,"Whetstone":54,"Bottled Tornado":103,"Ancient Tea Set":17,"Cursed Key":29,"Sozu":66,"Anchor":39,"Dream Catcher":98,"Nunchaku":103,"Bronze Scales":17,"Pantograph":47,"PureWater":0,"Toxic Egg 2":20,"StrikeDummy":92}]},"card_choices":[{"not_picked":["SandsOfTime","ClearTheMind"],"picked":"ThirdEye","floor":1.0},{"not_picked":["EmptyBody","ThirdEye"],"picked":"CarveReality","floor":4.0},{"not_picked":["SashWhip","Consecrate"],"picked":"ReachHeaven","floor":5.0},{"not_picked":["ClearTheMind","Crescendo"],"picked":"Collect","floor":6.0},{"not_picked":["WaveOfTheHand","InnerPeace"],"picked":"Blasphemy","floor":8.0},{"not_picked":["BowlingBash","SashWhip"],"picked":"ThirdEye+1","floor":13.0},{"not_picked":["Protect+1","Halt+1","WaveOfTheHand+1"],"picked":"SKIP","floor":14.0},{"not_picked":["Ragnarok","Judgement+1"],"picked":"LessonLearned","floor":16.0},{"not_picked":["Consecrate","InnerPeace+1"],"picked":"Worship+1","floor":18.0},{"not_picked":["FollowUp+1","EmptyMind+1","Crescendo+1"],"picked":"SKIP","floor":20.0},{"not_picked":["SpiritShield+1","EmptyFist+1","ThirdEye+1"],"picked":"SKIP","floor":23.0},{"not_picked":["EmptyMind+1","JustLucky","Evaluate+1"],"picked":"SKIP","floor":24.0},{"not_picked":["SashWhip+1","JustLucky"],"picked":"DevaForm","floor":25.0},{"not_picked":["TalkToTheHand","FlyingSleeves","CrushJoints"],"picked":"SKIP","floor":27.0},{"not_picked":["CrushJoints","FollowUp+1","Fasting2"],"picked":"SKIP","floor":31.0},{"not_picked":["MasterReality","DeusExMachina+1"],"picked":"Judgement+1","floor":33.0},{"not_picked":["Vengeance+1","SandsOfTime"],"picked":"Wallop+1","floor":35.0},{"not_picked":["JustLucky","Meditate+1","CrushJoints"],"picked":"SKIP","floor":36.0},{"not_picked":["BowlingBash+1","FlyingSleeves+1","FlurryOfBlows"],"picked":"SKIP","floor":38.0},{"not_picked":["BowlingBash+1","FlyingSleeves+1","FlurryOfBlows"],"picked":"SKIP","floor":38.0},{"not_picked":["BattleHymn","FlyingSleeves","FollowUp"],"picked":"SKIP","floor":41.0},{"not_picked":["ClearTheMind+1","EmptyFist+1"],"picked":"ForeignInfluence+1","floor":42.0},{"not_picked":["SpiritShield+1","Evaluate+1","JustLucky"],"picked":"SKIP","floor":45.0},{"not_picked":["Establishment","JustLucky+1"],"picked":"WheelKick+1","floor":47.0}],"player_experience":535190,"relics_obtained":[{"floor":6.0,"key":"TeardropLocket"},{"floor":8.0,"key":"Bronze Scales"},{"floor":9.0,"key":"Ancient Tea Set"},{"floor":13.0,"key":"Toxic Egg 2"},{"floor":23.0,"key":"Anchor"},{"floor":25.0,"key":"Pantograph"},{"floor":26.0,"key":"Yang"},{"floor":27.0,"key":"Whetstone"},{"floor":42.0,"key":"StrikeDummy"},{"floor":45.0,"key":"Dream Catcher"},{"floor":47.0,"key":"Nunchaku"},{"floor":48.0,"key":"Bottled Tornado"}],"event_choices":[{"damage_healed":0.0,"max_hp_gain":0.0,"max_hp_loss":0.0,"gold_gain":0.0,"event_name":"Living Wall","player_choice":"Grow","floor":3.0,"gold_loss":0.0,"damage_taken":0.0,"cards_upgraded":["Eruption"]},{"damage_healed":18.0,"max_hp_gain":0.0,"max_hp_loss":0.0,"gold_gain":0.0,"event_name":"The Cleric","player_choice":"Healed","floor":10.0,"gold_loss":35.0,"damage_taken":0.0},{"damage_healed":0.0,"max_hp_gain":0.0,"max_hp_loss":0.0,"gold_gain":0.0,"event_name":"Upgrade Shrine","player_choice":"Upgraded","floor":21.0,"gold_loss":0.0,"damage_taken":0.0,"cards_upgraded":["LessonLearned"]},{"damage_healed":0.0,"max_hp_gain":0.0,"max_hp_loss":36.0,"gold_gain":0.0,"event_name":"Ghosts","player_choice":"Became a Ghost","floor":22.0,"gold_loss":0.0,"damage_taken":0.0,"cards_obtained":["Ghostly","Ghostly","Ghostly","Ghostly","Ghostly"]},{"damage_healed":0.0,"max_hp_gain":0.0,"max_hp_loss":0.0,"gold_gain":99.0,"event_name":"Nest","player_choice":"Stole From Cult","floor":28.0,"gold_loss":0.0,"damage_taken":0.0},{"damage_healed":0.0,"max_hp_gain":0.0,"max_hp_loss":0.0,"gold_gain":0.0,"event_name":"Cursed Tome","player_choice":"Stopped","floor":29.0,"gold_loss":0.0,"damage_taken":9.0},{"damage_healed":9.0,"max_hp_gain":0.0,"max_hp_loss":0.0,"gold_gain":0.0,"event_name":"Winding Halls","player_choice":"Writhe","floor":44.0,"gold_loss":0.0,"damage_taken":0.0,"cards_obtained":["Writhe"]}],"is_beta":false,"boss_relics":[{"not_picked":["Velvet Choker","Ectoplasm"],"picked":"Cursed Key"},{"not_picked":["Empty Cage","Snecko Eye"],"picked":"Sozu"}],"items_purged_floors":[30],"is_endless":false,"potions_floor_spawned":[1,5,6,18,23,24,38,45,47],"killed_by":"Donu and Deca","ascension_level":4}}