{"host":"af4pzp5tm7cfibaw","time":1613599487,"event":{"mods":["AchievementEnabler","BaseMod","BetterRewards","Downfall","Highlight Path","Minty Spire (QoL Compilation)","StSLib","SuperFastMode"],"gold_per_floor":[99,109,121,134,134,134,134,134,148,163,173,190,190,224,240,338,338,338,351,17,32,17,32,59,59,59,78,78,107,118,118,128,229,229,229,242,242,242,152,37,37,8,8,26,58,75,75,86,86,86],"floor_reached":51,"language":"ENG","playtime":3999,"items_purged":["downfall:Bewildered","downfall:Bewildered","downfall:Icky"],"score":853,"play_id":"0d98d9b2-392a-46c7-8878-43111a6cb255","local_time":"20210218110447","is_ascension_mode":false,"campfire_choices":[{"data":"Guardian:TwinSlam","floor":1.0,"key":"SMITH"},{"data":"Guardian:ShieldCharger","floor":8.0,"key":"SMITH"},{"floor":13.0,"key":"REST"},{"data":"Guardian:CompilePackage","floor":18.0,"key":"SMITH"},{"data":"Guardian:Orbwalk","floor":25.0,"key":"SMITH"},{"data":"Guardian:AncientConstruct","floor":28.0,"key":"SMITH"},{"data":"Guardian:CompilePackage","floor":35.0,"key":"SMITH"},{"data":"Apotheosis","floor":47.0,"key":"SMITH"}],"circlet_count":0,"master_deck":["Guardian:CurlUp","Guardian:TwinSlam+1","Guardian:Planning","Guardian:ShieldCharger+1","Guardian:Emergency","Guardian:ExploitGems","Guardian:ExploitGems","Doubt","Guardian:EvasiveProtocol","Guardian:GatlingBeam","Guardian:TemporalStrike","Guardian:FloatingOrbs","Guardian:ChargeCore","Guardian:CompilePackage+1","Guardian:Orbwalk+1","Guardian:CrystalBeam+1","Guardian:RollAttack+1","Guardian:PiercingHide","downfall:Malfunctioning","Guardian:AncientConstruct+1","Guardian:TimeCapacitor","Guardian:CrystalBeam+1","downfall:Icky","Injury","Guardian:FuturePlans","Guardian:CompilePackage+1","Guardian:ArmoredProtocol","Guardian:FastForward","Guardian:RollAttack+1","Guardian:BronzeOrb+1","Guardian:SpikerProtocol","Guardian:TimeCapacitor","Guardian:GatlingBeam+1","Guardian:RefractedBeam+1","expansioncontent:YouAreMine","expansioncontent:YouAreMine","Guardian:SentryBeam+1","Guardian:EvasiveProtocol+1","Writhe","Guardian:CrystalBeam+1","Apotheosis+1","Guardian:Preprogram","Guardian:ExploitGems","Guardian:Clone+1"],"relics":["Guardian:ModeShifterPlus","downfall:ExtraCursedKey","Bottled Lightning","Pantograph","Molten Egg 2","Dream Catcher","Pocketwatch","Bottled Flame","Pandora\u0027s Box","FossilizedHelix","Pear"],"acts_visited":["Exordium","TheCity","TheBeyond"],"potions_floor_usage":[50],"damage_taken":[{"damage":1.0,"enemies":"Cultist","floor":2.0,"turns":3.0},{"damage":5.0,"enemies":"Small Slimes","floor":3.0,"turns":3.0},{"damage":8.0,"enemies":"Jaw Worm","floor":4.0,"turns":5.0},{"damage":0.0,"enemies":"3 Louse","floor":9.0,"turns":5.0},{"damage":12.0,"enemies":"downfall:LooterAlt","floor":10.0,"turns":6.0},{"damage":11.0,"enemies":"Large Slime","floor":11.0,"turns":7.0},{"damage":0.0,"enemies":"Exordium Wildlife","floor":12.0,"turns":4.0},{"damage":5.0,"enemies":"Gremlin Nob","floor":14.0,"turns":5.0},{"damage":7.0,"enemies":"Blue Slaver","floor":15.0,"turns":4.0},{"damage":53.0,"enemies":"DF_ARCHETYPE_STREAMLINE","floor":16.0,"turns":13.0},{"damage":0.0,"enemies":"Chosen","floor":19.0,"turns":4.0},{"damage":0.0,"enemies":"downfall:FleeingMerchant","floor":20.0,"turns":4.0},{"damage":0.0,"enemies":"Spheric Guardian","floor":21.0,"turns":4.0},{"damage":0.0,"enemies":"downfall:FleeingMerchant","floor":22.0,"turns":4.0},{"damage":0.0,"enemies":"Snake Plant","floor":23.0,"turns":5.0},{"damage":0.0,"enemies":"Centurion and Healer","floor":27.0,"turns":8.0},{"damage":0.0,"enemies":"Book of Stabbing","floor":29.0,"turns":4.0},{"damage":0.0,"enemies":"Cultist and Chosen","floor":30.0,"turns":6.0},{"damage":0.0,"enemies":"Snecko","floor":32.0,"turns":6.0},{"damage":23.0,"enemies":"SI_MIRROR_ARCHETYPE","floor":33.0,"turns":12.0},{"damage":0.0,"enemies":"Orb Walker","floor":36.0,"turns":5.0},{"damage":0.0,"enemies":"downfall:FleeingMerchant","floor":39.0,"turns":4.0},{"damage":0.0,"enemies":"downfall:FleeingMerchant","floor":40.0,"turns":4.0},{"damage":0.0,"enemies":"downfall:FleeingMerchant","floor":42.0,"turns":4.0},{"damage":0.0,"enemies":"3 Shapes","floor":44.0,"turns":3.0},{"damage":0.0,"enemies":"Nemesis","floor":45.0,"turns":7.0},{"damage":0.0,"enemies":"3 Darklings","floor":46.0,"turns":5.0},{"damage":0.0,"enemies":"4 Shapes","floor":48.0,"turns":3.0},{"damage":0.0,"enemies":"Jaw Worm Horde","floor":49.0,"turns":1.0},{"damage":118,"enemies":"IC_BLOCK_ARCHETYPE","floor":50,"turns":14}],"seed_played":"-6681227639245107610","potions_obtained":[{"floor":3.0,"key":"BlessingOfTheForge"},{"floor":11.0,"key":"Slimebound:ThreeZeroPotion"},{"floor":12.0,"key":"FairyPotion"},{"floor":14.0,"key":"Guardian:DefensiveModePotion"},{"floor":27.0,"key":"DistilledChaos"},{"floor":29.0,"key":"LiquidMemories"},{"floor":32.0,"key":"Block Potion"},{"floor":33.0,"key":"SkillPotion"},{"floor":36.0,"key":"Block Potion"},{"floor":44.0,"key":"champ:CounterPotion"},{"floor":46.0,"key":"SkillPotion"},{"floor":48.0,"key":"SmokeBomb"}],"is_trial":false,"path_per_floor":["R","M","M","M","?","?","T","R","M","M","M","M","R","E","M","B",null,"R","M","$","M","$","M","T","R","?","M","R","E","M","T","M","B",null,"R","M","?","?","$","?","T","$","?","M","E","M","R","M","M","B",null],"character_chosen":"GUARDIAN","items_purchased":["Molten Egg 2","Guardian:CrystalBeam+1","Guardian:Gem_Red","Guardian:Gem_Lightblue","Guardian:CrystalBeam+1","Apotheosis"],"campfire_rested":1,"item_purchase_floors":[20,20,20,42,42,42],"current_hp_per_floor":[88,87,82,74,74,74,74,74,74,62,51,51,77,72,65,35,88,88,88,88,88,88,88,88,88,88,88,88,88,88,88,88,65,88,88,88,88,83,83,83,83,83,83,83,93,93,93,93,93,25],"gold":86,"neow_bonus":"TEN_PERCENT_HP_BONUS","is_daily":false,"chose_seed":false,"campfire_upgraded":7,"win_rate":0.0,"timestamp":1613599487,"path_taken":["R","?","M","M","?","?","T","R","M","M","M","M","R","E","M","BOSS","R","M","$","M","$","M","T","R","?","M","R","E","M","?","M","BOSS","R","M","?","?","$","?","T","$","?","M","E","M","R","M","M","BOSS"],"items_purchased_type":["Relic","Card","Card","Card","Card","Card"],"build_version":"2020-12-22","purchased_purges":3,"victory":true,"max_hp_per_floor":[88,88,88,88,88,88,88,88,88,88,88,88,88,88,88,88,88,88,88,88,88,88,88,88,88,88,88,88,88,88,88,88,88,88,88,88,88,88,88,88,88,88,88,88,98,98,98,98,98,98],"card_choices":[{"not_picked":["Guardian:Gem_Green","Guardian:TemporalShield"],"picked":"Guardian:Planning","floor":2.0},{"not_picked":["Guardian:WalkerClaw","Guardian:PiercingHide"],"picked":"Guardian:ShieldCharger","floor":3.0},{"not_picked":["Guardian:Gem_Lightblue","Guardian:Gem_Green"],"picked":"Guardian:Emergency","floor":4.0},{"not_picked":["Guardian:WalkerClaw","Guardian:GuardianWhirl"],"picked":"Guardian:EvasiveProtocol","floor":9.0},{"not_picked":["Guardian:RollAttack","Guardian:FuturePlans"],"picked":"Guardian:GatlingBeam","floor":10.0},{"not_picked":["Guardian:TemporalShield","Guardian:RollAttack"],"picked":"Guardian:TemporalStrike","floor":11.0},{"not_picked":["Guardian:TemporalStrike","Guardian:Suspension"],"picked":"Guardian:Gem_Purple","floor":12.0},{"not_picked":["Guardian:RefractedBeam","Guardian:BronzeOrb"],"picked":"Guardian:FloatingOrbs","floor":14.0},{"not_picked":["Guardian:Gem_Cyan","Guardian:RollAttack"],"picked":"Guardian:ChargeCore","floor":15.0},{"not_picked":["Guardian:AncientConstruct","Guardian:ConstructionForm"],"picked":"Guardian:CompilePackage","floor":16.0},{"not_picked":["Guardian:DonusPower","Guardian:BodySlam"],"picked":"Guardian:Gem_White","floor":19.0},{"not_picked":["Guardian:Emergency","Guardian:PolyBeam"],"picked":"Guardian:Orbwalk","floor":20.0},{"not_picked":["Guardian:PrismaticBarrier","Guardian:PiercingHide"],"picked":"Guardian:Gem_Crimson","floor":21.0},{"not_picked":["Guardian:Gem_Red","Guardian:Recover"],"picked":"Guardian:RollAttack+1","floor":22.0},{"not_picked":["Guardian:ShieldCharger","Guardian:Planning"],"picked":"Guardian:PiercingHide","floor":23.0},{"not_picked":["Guardian:Gem_Green","Guardian:RollAttack+1"],"picked":"Guardian:AncientConstruct","floor":27.0},{"not_picked":["Guardian:Gem_Green","Guardian:TemporalShield"],"picked":"Guardian:TimeCapacitor","floor":29.0},{"not_picked":["Guardian:FuturePlans","Guardian:Gem_Red"],"picked":"Guardian:CrystalBeam+1","floor":30.0},{"not_picked":["Guardian:SpikerProtocol","Guardian:PrismaticBeam+1"],"picked":"Guardian:FuturePlans","floor":32.0},{"not_picked":["Guardian:AncientConstruct","Guardian:ConstructionForm"],"picked":"Guardian:CompilePackage","floor":33.0},{"not_picked":["Guardian:VentSteam","Guardian:BodySlam+1"],"picked":"Guardian:RefractedBeam+1","floor":36.0},{"not_picked":["expansioncontent:LastStand","expansioncontent:InvincibleStrength"],"picked":"expansioncontent:YouAreMine","floor":38.0},{"not_picked":["expansioncontent:InvincibleStrength","expansioncontent:HyperBeam"],"picked":"expansioncontent:YouAreMine","floor":38.0},{"not_picked":["Guardian:RollAttack+1","Guardian:Gem_Blue"],"picked":"Guardian:SentryBeam+1","floor":39.0},{"not_picked":["Guardian:MultiBeam+1","Guardian:Gem_Lightblue"],"picked":"Guardian:EvasiveProtocol+1","floor":40.0},{"not_picked":["Guardian:BronzeArmor","Guardian:Clone"],"picked":"Guardian:Gem_Orange","floor":42.0},{"not_picked":["Guardian:Suspension","Guardian:Preprogram+1"],"picked":"Guardian:Gem_Lightblue","floor":44.0},{"not_picked":["Guardian:Planning","Guardian:Suspension"],"picked":"Guardian:Preprogram","floor":45.0},{"not_picked":["Guardian:PrimingBeam+1","Guardian:Gem_Red"],"picked":"Guardian:ExploitGems","floor":46.0},{"not_picked":["Guardian:CrystalBeam+1","Guardian:PrimingBeam+1"],"picked":"Guardian:Clone+1","floor":48.0}],"player_experience":333916,"relics_obtained":[{"floor":7.0,"key":"Bottled Lightning"},{"floor":14.0,"key":"Pantograph"},{"floor":24.0,"key":"Dream Catcher"},{"floor":29.0,"key":"Pocketwatch"},{"floor":31.0,"key":"Bottled Flame"},{"floor":41.0,"key":"FossilizedHelix"},{"floor":45.0,"key":"Pear"}],"event_choices":[{"cards_removed":["Guardian:TimeCapacitor"],"damage_healed":0.0,"max_hp_gain":0.0,"max_hp_loss":0.0,"gold_gain":0.0,"event_name":"Falling","player_choice":"Removed Power","floor":37.0,"gold_loss":0.0,"damage_taken":0.0}],"is_beta":false,"boss_relics":[{"not_picked":["Calling Bell","Coffee Dripper"],"picked":"Guardian:ModeShifterPlus"},{"not_picked":["Runic Dome","Runic Pyramid"],"picked":"Pandora\u0027s Box"}],"items_purged_floors":[39,40,42],"is_endless":false,"potions_floor_spawned":[3,11,12,14,27,29,32,33,36,44,46,48],"ascension_level":0}}