{"host":"en4narc5947t7k9n","time":1613569622,"event":{"mods":["AchievementEnabler","BaseMod","Colored Map","Minty Spire (QoL Compilation)","SuperFastMode"],"gold_per_floor":[116,116,126,126,137,137,154,166,192,192,222,238,56,68,68,171,171,184,202,127,146,146,146],"floor_reached":22,"language":"KOR","playtime":1235,"items_purged":[],"score":190,"play_id":"3fe2fa65-dbaf-4346-ae50-430877fe2cf3","local_time":"20210217224702","is_ascension_mode":false,"campfire_choices":[{"data":"Fission","floor":6,"key":"SMITH"},{"data":"Creative AI","floor":15,"key":"SMITH"}],"circlet_count":0,"master_deck":["Strike_B","Strike_B","Strike_B+1","Defend_B+1","Defend_B","Defend_B","Defend_B","Zap","Dualcast","Ball Lightning","Auto Shields+1","Fission+1","Go for the Eyes+1","Redo","Streamline","Coolheaded","Gash","Loop","Creative AI+1","DeusExMachina","CrushJoints","Sweeping Beam"],"relics":["Cracked Core","NeowsBlessing","Regal Pillow","War Paint","PrismaticShard","Coffee Dripper"],"acts_visited":["Exordium","TheCity"],"potions_floor_usage":[16,16,19,21],"damage_taken":[{"damage":0,"enemies":"Jaw Worm","floor":1,"turns":1},{"damage":0,"enemies":"Small Slimes","floor":3,"turns":1},{"damage":0,"enemies":"Cultist","floor":5,"turns":1},{"damage":0,"enemies":"Large Slime","floor":7,"turns":4},{"damage":0,"enemies":"Looter","floor":8,"turns":2},{"damage":15,"enemies":"Lagavulin","floor":11,"turns":5},{"damage":9,"enemies":"2 Fungi Beasts","floor":12,"turns":3},{"damage":9,"enemies":"Red Slaver","floor":14,"turns":3},{"damage":24,"enemies":"Slime Boss","floor":16,"turns":8},{"damage":35,"enemies":"2 Thieves","floor":18,"turns":3},{"damage":11,"enemies":"Spheric Guardian","floor":19,"turns":4},{"damage":38,"enemies":"Cultist and Chosen","floor":21,"turns":8},{"damage":4,"enemies":"Sentry and Sphere","floor":22,"turns":2}],"seed_played":"2345931168635731349","potions_obtained":[{"floor":7,"key":"LiquidMemories"},{"floor":11,"key":"Block Potion"},{"floor":16,"key":"DistilledChaos"},{"floor":19,"key":"Fruit Juice"}],"is_trial":false,"path_per_floor":["M","?","M","?","M","R","M","M","T","?","E","M","$","M","R","B",null,"M","M","?","M","M"],"character_chosen":"DEFECT","items_purchased":["PrismaticShard","Loop"],"campfire_rested":0,"item_purchase_floors":[13,13],"current_hp_per_floor":[75,80,80,80,80,80,80,80,80,64,49,40,40,31,31,7,80,45,39,39,1,0,0],"gold":146,"neow_bonus":"THREE_ENEMY_KILL","is_daily":false,"chose_seed":false,"campfire_upgraded":2,"win_rate":0.0,"timestamp":1613569622,"path_taken":["M","?","M","?","?","R","M","M","T","?","E","M","$","M","R","BOSS","M","M","?","M","M"],"items_purchased_type":["Relic","Card"],"build_version":"2020-12-22","purchased_purges":0,"victory":false,"max_hp_per_floor":[75,80,80,80,80,80,80,80,80,80,80,80,80,80,80,80,80,80,85,85,85,85,85],"card_choices":[{"not_picked":["Go for the Eyes","Redo"],"picked":"Ball Lightning","floor":1},{"not_picked":["Redo","Capacitor"],"picked":"Auto Shields","floor":3},{"not_picked":["Redo","Leap"],"picked":"Go for the Eyes","floor":5},{"not_picked":["Sweeping Beam","Go for the Eyes"],"picked":"Redo","floor":7},{"not_picked":["Skim","BootSequence"],"picked":"Streamline","floor":8},{"not_picked":["Ball Lightning","White Noise"],"picked":"Coolheaded","floor":11},{"not_picked":["Conserve Battery","Steam Power"],"picked":"Gash","floor":12},{"not_picked":["Backflip","Disarm"],"picked":"Creative AI","floor":14},{"not_picked":["Phantasmal Killer","Bludgeon"],"picked":"DeusExMachina","floor":16},{"not_picked":["Body Slam","Rampage+1","Heavy Blade"],"picked":"SKIP","floor":18},{"not_picked":["Metallicize+1","Outmaneuver"],"picked":"CrushJoints","floor":19},{"not_picked":["Dagger Spray","Apotheosis"],"picked":"Sweeping Beam","floor":21}],"player_experience":41487,"relics_obtained":[{"floor":9,"key":"Regal Pillow"},{"floor":11,"key":"War Paint"}],"event_choices":[{"damage_healed":0,"gold_gain":0,"player_choice":"Donut","damage_taken":0,"max_hp_gain":5,"max_hp_loss":0,"event_name":"Big Fish","floor":2,"gold_loss":0},{"damage_healed":0,"gold_gain":0,"player_choice":"1 cards matched","damage_taken":0,"max_hp_gain":0,"max_hp_loss":0,"event_name":"Match and Keep!","floor":4,"gold_loss":0,"cards_obtained":["Fission"]},{"damage_healed":0,"gold_gain":0,"player_choice":"Entered Light","damage_taken":16,"max_hp_gain":0,"max_hp_loss":0,"event_name":"Shining Light","floor":10,"gold_loss":0,"cards_upgraded":["Go for the Eyes","Strike_B"]},{"cards_removed":["Strike_B"],"damage_healed":0,"gold_gain":0,"player_choice":"Gave Gold","damage_taken":0,"max_hp_gain":0,"max_hp_loss":0,"event_name":"Beggar","floor":20,"gold_loss":75}],"is_beta":false,"boss_relics":[{"not_picked":["Ectoplasm","Calling Bell"],"picked":"Coffee Dripper"}],"items_purged_floors":[],"is_endless":false,"potions_floor_spawned":[7,11,16,19],"killed_by":"Sentry and Sphere","ascension_level":0}}