{"host":"d02vqrhhew441p6s","time":1613582066,"event":{"mods":["BaseMod","Duelist Mod","Halation","Hubris","Infinite Spire","Minty Spire (QoL Compilation)","StSLib","The Jungle"],"gold_per_floor":[389,405,87,139,139,172,172,204,204,231,300,300,318,351,351,448,448,464,66,165,176,243,243,271,271,271,304,304,322,322,342,342,342,342],"floor_reached":33,"language":"ENG","playtime":1639,"items_purged":[],"score":507,"play_id":"18072e11-fd4a-47e4-b1f8-18700dc020df","local_time":"20210217181426","is_ascension_mode":true,"campfire_choices":[{"floor":15,"key":"REST"},{"data":"theDuelist:NaturiaSacredTree","floor":23,"key":"SMITH"},{"data":"theDuelist:NaturiaBarkion","floor":25,"key":"SMITH"},{"floor":32,"key":"REST"}],"circlet_count":0,"master_deck":["AscendersBane","theDuelist:CastleWalls","theDuelist:CastleWalls","theDuelist:CastleWalls","theDuelist:NaturiaBeast","theDuelist:NaturiaCliff","theDuelist:NaturiaRock","theDuelist:NaturiaTulip","theDuelist:Sparks","theDuelist:Sparks","theDuelist:NaturiaGuardian","theDuelist:WingedKuriboh","theDuelist:NaturiaMarron","theDuelist:NaturiaDragonfly","theDuelist:NaturiaEggplant","theDuelist:ClosedForest","theDuelist:NaturiaSacredTree+1","theDuelist:NaturiaRosewhip","theDuelist:Alpacaribou","theDuelist:NaturiaBarkion+1","theDuelist:SummoningSwarm","theDuelist:NaturiaSpiderfang","theDuelist:NaturiaGaiastrio","theDuelist:HuntingInstinct","theDuelist:NaturiaMarron","theDuelist:ConvulsionNature","theDuelist:Alpacaribou","theDuelist:SurvivalInstinct"],"relics":["theDuelist:MillenniumPuzzle","theDuelist:CardPoolRelic","theDuelist:CardPoolBasicRelic","theDuelist:BoosterPackPoolRelic","theDuelist:CardPoolAddRelic","theDuelist:CardPoolMinusRelic","theDuelist:CardPoolSaveRelic","theDuelist:CardPoolOptionsRelic","infinitespire:ShieldingShard","Ice Cream","hubris:Towel","FossilizedHelix","hubris:SlimyHat","hubris:MobiusCoin","Gremlin Horn","hubris:RunicObelisk","infinitespire:PuzzleCube","Pear","theDuelist:SpellMaxHPRelic","infinitespire:FocusingShard","Unceasing Top","Centennial Puzzle"],"acts_visited":["Exordium","TheCity"],"potions_floor_usage":[6,13,24,27,29,29,33],"damage_taken":[{"damage":6,"enemies":"Cultist","floor":1,"turns":5},{"damage":5,"enemies":"Jaw Worm","floor":2,"turns":4},{"damage":0,"enemies":"3 Sentries","floor":6,"turns":4},{"damage":8,"enemies":"Gremlin Nob","floor":8,"turns":4},{"damage":8,"enemies":"3 Sentries","floor":10,"turns":5},{"damage":0,"enemies":"2 Louse","floor":11,"turns":4},{"damage":3,"enemies":"Exordium Wildlife","floor":13,"turns":4},{"damage":15,"enemies":"Gremlin Nob","floor":14,"turns":5},{"damage":39,"enemies":"Hexaghost","floor":16,"turns":10},{"damage":0,"enemies":"Chosen","floor":18,"turns":6},{"damage":10,"enemies":"Shell Parasite","floor":21,"turns":5},{"damage":4,"enemies":"Sentry and Sphere","floor":22,"turns":4},{"damage":8,"enemies":"Slavers","floor":24,"turns":3},{"damage":12,"enemies":"Gremlin Leader","floor":27,"turns":4},{"damage":6,"enemies":"Chosen and Byrds","floor":29,"turns":3},{"damage":0,"enemies":"Snake Plant","floor":31,"turns":5},{"damage":53,"enemies":"hubris:MusketHawk","floor":33,"turns":6}],"seed_played":"2782205386447002324","potions_obtained":[{"floor":1,"key":"Fire Potion"},{"floor":6,"key":"theDuelist:TokenPotion"},{"floor":8,"key":"theDuelist:VampireVial"},{"floor":16,"key":"AttackPotion"},{"floor":21,"key":"theDuelist:TokenPotionB"},{"floor":24,"key":"theDuelist:BurningPotion"},{"floor":27,"key":"Fire Potion"},{"floor":31,"key":"theDuelist:DestructPotionPotB"}],"is_trial":false,"path_per_floor":["M","M","$","?","?","E","?","E","T","E","M","T","M","E","R","B",null,"M","$","?","M","M","R","E","R","T","E","?","M","?","M","R","B"],"character_chosen":"THE_DUELIST","items_purchased":["theDuelist:NaturiaMarron","theDuelist:NaturiaDragonfly","infinitespire:ShieldingShard","infinitespire:PuzzleCube","Pear"],"campfire_rested":2,"item_purchase_floors":[3,3,3,19,19],"current_hp_per_floor":[66,61,61,61,61,61,61,53,53,45,45,45,42,27,48,9,56,56,66,66,56,52,52,44,44,44,32,32,27,27,27,51,0,0],"gold":342,"neow_bonus":"TWO_FIFTY_GOLD","is_daily":false,"chose_seed":false,"campfire_upgraded":2,"win_rate":0.0,"timestamp":1613582066,"path_taken":["M","M","$","?","?","E","?","E","T","E","M","?","?","E","R","BOSS","M","$","?","M","M","R","E","R","T","E","?","M","?","?","R","BOSS"],"items_purchased_type":["Card","Card","Relic","Relic","Relic"],"build_version":"2020-12-22","purchased_purges":0,"victory":false,"max_hp_per_floor":[72,72,72,72,72,72,72,72,72,72,72,72,72,72,72,72,72,72,82,82,82,82,82,82,82,82,82,82,83,83,83,83,83,83],"card_choices":[{"not_picked":["theDuelist:NaturiaDragonfly","theDuelist:NaturiaCliff","theDuelist:NaturiaGaiastrio","theDuelist:BrainCrusher"],"picked":"theDuelist:NaturiaGuardian","floor":1},{"not_picked":["theDuelist:BigFire","theDuelist:GraniteLoyalist","theDuelist:MudragonSwamp","theDuelist:AttackTheMoon"],"picked":"theDuelist:WingedKuriboh","floor":2},{"not_picked":["theDuelist:NaturiaHydrangea","theDuelist:NaturiaDragonfly","theDuelist:NaturiaCliff","theDuelist:BrainCrusher"],"picked":"theDuelist:NaturiaEggplant","floor":6},{"not_picked":["theDuelist:NaturiaForest","theDuelist:Canyon","theDuelist:MultiplicationOfAnts","theDuelist:Wildfire"],"picked":"theDuelist:ClosedForest","floor":8},{"not_picked":["theDuelist:VenomShot","theDuelist:SpacetimeTranscendence","theDuelist:LeodrakeMane","theDuelist:SeedSacredTree"],"picked":"theDuelist:NaturiaSacredTree","floor":10},{"not_picked":["theDuelist:NaturiaHydrangea","theDuelist:NaturiaStinkbug","theDuelist:NaturiaMarron","theDuelist:BottomlessTrapHole"],"picked":"theDuelist:NaturiaRosewhip","floor":11},{"not_picked":["theDuelist:Fissure","theDuelist:GraniteLoyalist","theDuelist:Mudora","theDuelist:WingedKuriboh","theDuelist:BigFire"],"picked":"SKIP","floor":13},{"not_picked":["theDuelist:NaturiaHydrangea","theDuelist:NaturiaEggplant","theDuelist:NaturiaDragonfly","theDuelist:NaturiaCliff"],"picked":"theDuelist:Alpacaribou","floor":14},{"not_picked":["theDuelist:NaturiaForest","theDuelist:SeismicShockwave","theDuelist:Wildfire","theDuelist:NaturiaHorneedle"],"picked":"theDuelist:NaturiaBarkion","floor":16},{"not_picked":["theDuelist:NaturiaDragonfly","theDuelist:NaturiaRock","theDuelist:NaturiaMantis","theDuelist:NaturiaAntjaw"],"picked":"theDuelist:SummoningSwarm","floor":18},{"not_picked":["theDuelist:NaturiaHydrangea","theDuelist:NaturiaEggplant","theDuelist:NaturiaDragonfly","theDuelist:NaturiaCliff"],"picked":"theDuelist:NaturiaSpiderfang","floor":21},{"not_picked":["theDuelist:SurvivalInstinct","theDuelist:GracefulCharity","theDuelist:NaturiaBambooShoot","theDuelist:SeismicShockwave+1"],"picked":"theDuelist:NaturiaGaiastrio","floor":22},{"not_picked":["theDuelist:NaturiaLadybug","theDuelist:NaturiaBambooShoot","theDuelist:NaturiaExterio","theDuelist:HeartUnderdog"],"picked":"theDuelist:HuntingInstinct","floor":24},{"not_picked":["theDuelist:NaturiaHydrangea","theDuelist:NaturiaEggplant","theDuelist:NaturiaCliff+1","theDuelist:AfterGenocide+1"],"picked":"theDuelist:NaturiaMarron","floor":27},{"not_picked":["theDuelist:NatureReflection","theDuelist:LeodrakeMane","theDuelist:NaturiaSacredTree","theDuelist:NaturiaForest"],"picked":"theDuelist:ConvulsionNature","floor":29},{"not_picked":["theDuelist:NaturiaBambooShoot","theDuelist:Wildfire"],"picked":"theDuelist:SurvivalInstinct","floor":31}],"player_experience":553114,"relics_obtained":[{"floor":6,"key":"Ice Cream"},{"floor":8,"key":"FossilizedHelix"},{"floor":9,"key":"hubris:SlimyHat"},{"floor":10,"key":"hubris:MobiusCoin"},{"floor":14,"key":"Gremlin Horn"},{"floor":24,"key":"theDuelist:SpellMaxHPRelic"},{"floor":26,"key":"infinitespire:FocusingShard"},{"floor":27,"key":"Unceasing Top"}],"event_choices":[{"damage_healed":0,"gold_gain":52,"player_choice":"Gained Gold","damage_taken":0,"max_hp_gain":0,"max_hp_loss":0,"event_name":"Golden Wing","floor":4,"gold_loss":0},{"damage_healed":0,"gold_gain":0,"player_choice":"Leave","duelist":true,"damage_taken":0,"max_hp_gain":0,"max_hp_loss":0,"event_name":"Egyptian Village","floor":5,"gold_loss":0},{"damage_healed":0,"gold_gain":99,"player_choice":"Stole From Cult","damage_taken":0,"max_hp_gain":0,"max_hp_loss":0,"event_name":"Nest","floor":20,"gold_loss":0},{"damage_healed":0,"gold_gain":0,"player_choice":"Ignored","damage_taken":0,"max_hp_gain":0,"max_hp_loss":0,"event_name":"Ghosts","floor":28,"gold_loss":0},{"damage_healed":0,"gold_gain":0,"cards_transformed":["theDuelist:Sparks"],"player_choice":"Transformed","damage_taken":0,"max_hp_gain":0,"max_hp_loss":0,"event_name":"Transmorgrifier","floor":30,"gold_loss":0,"cards_obtained":["theDuelist:Alpacaribou"]}],"is_beta":false,"boss_relics":[{"not_picked":["halation:Risk","hubris:CrackedHourglass"],"picked":"hubris:RunicObelisk"}],"items_purged_floors":[],"is_endless":false,"potions_floor_spawned":[1,6,8,16,21,24,27,31],"killed_by":"hubris:MusketHawk","ascension_level":10}}