{"host":"o7j6aatxjwpw1421","time":1613592269,"event":{"mods":["2.2 Compatiblity","AchievementEnabler","BaseMod","Colored Map","DeckTracker","Highlight Path","Keyboard Shortcuts","Minty Spire (QoL Compilation)","Permanent Neow","Quick Restart","StSLib","SuperFastMode","everything is the same but u backflip on backflip"],"gold_per_floor":[117,117,127,138,154,154,168,168,221,239,251,326,359,209,209,304,304,324,423,325,345,345,345,358,358,358,370,68,85,97,112,112,215,215,232,232,63,63,63,63,82,82,163,163,163,183,183,196,196,196],"floor_reached":51,"language":"KOR","playtime":1125,"items_purged":["Strike_P","Defend_P"],"score":676,"play_id":"81a053fa-2e22-4090-bf04-26b68c2db5c6","local_time":"20210218050429","is_ascension_mode":false,"campfire_choices":[{"data":"Eruption","floor":6.0,"key":"SMITH"},{"data":"Consecrate","floor":8.0,"key":"SMITH"},{"data":"Ragnarok","floor":15.0,"key":"SMITH"},{"data":"Vault","floor":23.0,"key":"SMITH"},{"data":"ConjureBlade","floor":25.0,"key":"SMITH"},{"data":"Blasphemy","floor":32.0,"key":"SMITH"},{"data":"Adaptation","floor":40,"key":"SMITH"},{"data":"Fasting2","floor":42,"key":"SMITH"},{"data":"Halt","floor":44,"key":"SMITH"},{"data":"Madness","floor":49,"key":"SMITH"}],"circlet_count":0,"master_deck":["Defend_P","Defend_P","Eruption+1","Vigilance","Consecrate+1","EmptyBody","EmptyMind","FearNoEvil","ConjureBlade+1","EmptyFist","WheelKick","Ragnarok+1","Halt+1","Vault+1","Protect+1","Vault+1","Ragnarok+1","Consecrate","Fasting2+1","WheelKick","Blasphemy+1","Worship+1","Adaptation+1","Madness","Madness+1"],"relics":["Coffee Dripper","Meat on the Bone","Ancient Tea Set","Ornamental Fan","Damaru","Orrery","Astrolabe","Lizard Tail","Chemical X","Centennial Puzzle","Philosopher\u0027s Stone","Eternal Feather"],"acts_visited":["Exordium","TheCity","TheBeyond"],"potions_floor_usage":[],"damage_taken":[{"damage":0.0,"enemies":"Jaw Worm","floor":1.0,"turns":3.0},{"damage":0.0,"enemies":"Cultist","floor":3.0,"turns":3.0},{"damage":0.0,"enemies":"Small Slimes","floor":4.0,"turns":2.0},{"damage":8.0,"enemies":"Exordium Thugs","floor":5.0,"turns":7.0},{"damage":0.0,"enemies":"3 Louse","floor":7.0,"turns":1.0},{"damage":3.0,"enemies":"Looter","floor":10.0,"turns":2.0},{"damage":0.0,"enemies":"Large Slime","floor":11.0,"turns":4.0},{"damage":0.0,"enemies":"Gremlin Nob","floor":13.0,"turns":2.0},{"damage":17.0,"enemies":"Hexaghost","floor":16.0,"turns":6.0},{"damage":0.0,"enemies":"Spheric Guardian","floor":18.0,"turns":3.0},{"damage":0.0,"enemies":"Shell Parasite","floor":21.0,"turns":2.0},{"damage":0.0,"enemies":"Snake Plant","floor":24.0,"turns":3.0},{"damage":0.0,"enemies":"Shelled Parasite and Fungi","floor":27.0,"turns":1.0},{"damage":7.0,"enemies":"3 Cultists","floor":29.0,"turns":4.0},{"damage":0.0,"enemies":"Snake Plant","floor":30.0,"turns":5.0},{"damage":2.0,"enemies":"Cultist and Chosen","floor":31.0,"turns":5.0},{"damage":24.0,"enemies":"Automaton","floor":33.0,"turns":4.0},{"damage":22,"enemies":"3 Darklings","floor":35,"turns":2},{"damage":1,"enemies":"Orb Walker","floor":41,"turns":3},{"damage":0,"enemies":"Spire Growth","floor":46,"turns":2},{"damage":0,"enemies":"Transient","floor":48,"turns":7},{"damage":31,"enemies":"Awakened One","floor":50,"turns":7}],"seed_played":"-8505598932871594120","potions_obtained":[{"floor":4.0,"key":"StancePotion"},{"floor":7.0,"key":"Ambrosia"},{"floor":10.0,"key":"SteroidPotion"},{"floor":16.0,"key":"PowerPotion"},{"floor":21.0,"key":"Swift Potion"},{"floor":29.0,"key":"FairyPotion"}],"is_trial":false,"path_per_floor":["M","?","M","M","M","R","M","R","T","M","M","T","E","$","R","B",null,"M","?","$","M","?","R","M","R","T","M","$","M","M","M","R","B",null,"M","?","$","?","$","R","M","R","T","R","?","M","?","M","R","B",null],"character_chosen":"WATCHER","items_purchased":["Orrery","Consecrate","Chemical X","Centennial Puzzle","Adaptation"],"campfire_rested":0,"item_purchase_floors":[14,20,28,28,37],"current_hp_per_floor":[72,72,72,72,64,64,64,64,64,61,61,61,61,61,61,44,72,72,72,72,72,72,72,72,72,72,72,72,65,65,63,63,39,72,50,50,50,50,50,50,49,49,49,61,52,52,52,52,67,48],"gold":196,"neow_bonus":"BOSS_RELIC","is_daily":false,"chose_seed":false,"campfire_upgraded":10,"win_rate":0.0,"timestamp":1613592269,"path_taken":["M","?","?","M","M","R","M","R","T","M","M","?","E","?","R","BOSS","M","?","$","M","?","R","M","R","T","M","$","M","?","M","R","BOSS","M","?","$","?","$","R","M","R","T","R","?","M","?","?","R","BOSS"],"items_purchased_type":["Relic","Card","Relic","Relic","Card"],"build_version":"2020-12-22","purchased_purges":2,"victory":true,"max_hp_per_floor":[72,72,72,72,72,72,72,72,72,72,72,72,72,72,72,72,72,72,72,72,72,72,72,72,72,72,72,72,72,72,72,72,72,72,72,72,72,72,72,72,72,72,72,72,72,72,72,72,72,72],"card_choices":[{"not_picked":["FollowUp","Worship"],"picked":"EmptyFist","floor":1.0},{"not_picked":["BowlingBash","WindmillStrike","ClearTheMind"],"picked":"SKIP","floor":3.0},{"not_picked":["Wallop","WheelKick"],"picked":"Consecrate","floor":4.0},{"not_picked":["JustLucky","CutThroughFate"],"picked":"CrushJoints","floor":5.0},{"not_picked":["Sanctity","BattleHymn"],"picked":"EmptyBody","floor":7.0},{"not_picked":["Indignation","FlyingSleeves"],"picked":"EmptyMind","floor":10.0},{"not_picked":["Crescendo","SandsOfTime"],"picked":"FearNoEvil","floor":11.0},{"not_picked":["FlyingSleeves","LikeWater"],"picked":"ConjureBlade","floor":13.0},{"not_picked":["CutThroughFate","FlyingSleeves"],"picked":"EmptyFist","floor":14.0},{"not_picked":["FlyingSleeves","Prostrate"],"picked":"WheelKick","floor":14.0},{"not_picked":["EmptyFist","ForeignInfluence"],"picked":"Ragnarok","floor":14.0},{"not_picked":["Meditate","TalkToTheHand"],"picked":"Halt","floor":14.0},{"not_picked":["Devotion","Wish"],"picked":"Vault","floor":16.0},{"not_picked":["EmptyFist","JustLucky","FlyingSleeves"],"picked":"SKIP","floor":18.0},{"not_picked":["SandsOfTime+1","Collect+1"],"picked":"Fasting2","floor":21.0},{"not_picked":["WheelKick","BowlingBash","Evaluate+1"],"picked":"SKIP","floor":24.0},{"not_picked":["BowlingBash","Evaluate+1"],"picked":"WheelKick","floor":24.0},{"not_picked":["FlurryOfBlows","FollowUp"],"picked":"Blasphemy","floor":27.0},{"not_picked":["Conclude","ClearTheMind","Protect"],"picked":"SKIP","floor":29.0},{"not_picked":["Consecrate","Worship","CutThroughFate"],"picked":"SKIP","floor":30.0},{"not_picked":["EmptyBody","CrushJoints+1","Meditate"],"picked":"SKIP","floor":31.0},{"not_picked":["Pray","Protect+1"],"picked":"Worship+1","floor":35},{"not_picked":["FlurryOfBlows+1","Collect","Crescendo+1"],"picked":"SKIP","floor":41},{"not_picked":["FlyingSleeves","Evaluate+1","EmptyBody+1"],"picked":"SKIP","floor":46},{"not_picked":["Vengeance","Protect","InnerPeace"],"picked":"SKIP","floor":48}],"player_experience":627251,"relics_obtained":[{"floor":9.0,"key":"Ancient Tea Set"},{"floor":12.0,"key":"Ornamental Fan"},{"floor":13.0,"key":"Damaru"},{"floor":26.0,"key":"Lizard Tail"},{"floor":43,"key":"Eternal Feather"}],"event_choices":[{"cards_removed":["EmptyFist"],"damage_healed":0.0,"max_hp_gain":0.0,"max_hp_loss":0.0,"gold_gain":0.0,"event_name":"WeMeetAgain","player_choice":"Gave Card","floor":2.0,"gold_loss":0.0,"damage_taken":0.0,"relics_obtained":["Meat on the Bone"]},{"damage_healed":0.0,"max_hp_gain":0.0,"max_hp_loss":0.0,"gold_gain":99.0,"event_name":"Nest","player_choice":"Stole From Cult","floor":19.0,"gold_loss":0.0,"damage_taken":0.0},{"cards_removed":["Defend_P"],"damage_healed":0.0,"max_hp_gain":0.0,"max_hp_loss":0.0,"gold_gain":0.0,"event_name":"Back to Basics","player_choice":"Elegance","floor":22.0,"gold_loss":0.0,"damage_taken":0.0},{"damage_healed":0,"gold_gain":0,"player_choice":"Ignored","damage_taken":0,"max_hp_gain":0,"max_hp_loss":0,"event_name":"Tomb of Lord Red Mask","floor":36,"gold_loss":0},{"cards_removed":["CrushJoints"],"damage_healed":0,"gold_gain":0,"player_choice":"Removed Attack","damage_taken":0,"max_hp_gain":0,"max_hp_loss":0,"event_name":"Falling","floor":38,"gold_loss":0},{"damage_healed":0,"gold_gain":0,"player_choice":"Embrace Madness","damage_taken":9,"max_hp_gain":0,"max_hp_loss":0,"event_name":"Winding Halls","floor":45,"gold_loss":0,"cards_obtained":["Madness","Madness"]},{"damage_healed":0,"gold_gain":0,"player_choice":"0 cards matched","damage_taken":0,"max_hp_gain":0,"max_hp_loss":0,"event_name":"Match and Keep!","floor":47,"gold_loss":0,"cards_obtained":[]}],"is_beta":false,"boss_relics":[{"not_picked":["Tiny House","SlaversCollar"],"picked":"Astrolabe"},{"not_picked":["Runic Dome","Empty Cage"],"picked":"Philosopher\u0027s Stone"}],"items_purged_floors":[20,37],"is_endless":false,"potions_floor_spawned":[4,7,10,16,21,24,29],"ascension_level":0}}