{"host":"dkr0dog13pegamnp","time":1613575584,"event":{"mods":["AchievementEnabler","BaseMod","Minty Spire (QoL Compilation)","Rare Cards Sparkle","StSLib","SuperFastMode","everything is the same but u backflip on backflip"],"gold_per_floor":[114,124,135,135,145,145,157,157,157,169,188,188,188,201,201,305,305,317,335,335,260,260,260,285,300,300,312,326,343,343,343],"floor_reached":30,"language":"KOR","playtime":940,"items_purged":[],"score":347,"play_id":"dd0d5478-a3cb-424a-b199-3336a1075ff8","local_time":"20210218002624","is_ascension_mode":true,"campfire_choices":[{"data":"Cloak And Dagger","floor":6,"key":"SMITH"},{"data":"Terror","floor":8,"key":"SMITH"},{"data":"Adrenaline","floor":13,"key":"SMITH"},{"data":"Blade Dance","floor":15,"key":"SMITH"},{"data":"A Thousand Cuts","floor":23,"key":"SMITH"}],"circlet_count":0,"master_deck":["Defend_G","Defend_G","Defend_G","Defend_G","Defend_G","Survivor","Neutralize","Prepared","Cloak And Dagger+1","Terror+1","Dagger Spray","Adrenaline+1","Blade Dance+1","Concentrate","A Thousand Cuts+1","Dodge and Roll+1","Cloak And Dagger","Reflex","Backflip"],"relics":["Ring of the Snake","Tough Bandages","Astrolabe","Peace Pipe","Pantograph"],"acts_visited":["Exordium","TheCity"],"potions_floor_usage":[5,5,16,16,24,24,25,30],"damage_taken":[{"damage":1,"enemies":"Small Slimes","floor":1,"turns":6},{"damage":0,"enemies":"Cultist","floor":2,"turns":4},{"damage":0,"enemies":"Jaw Worm","floor":3,"turns":5},{"damage":10,"enemies":"Gremlin Gang","floor":5,"turns":5},{"damage":3,"enemies":"Looter","floor":7,"turns":4},{"damage":5,"enemies":"2 Fungi Beasts","floor":10,"turns":4},{"damage":0,"enemies":"Exordium Thugs","floor":11,"turns":4},{"damage":3,"enemies":"3 Louse","floor":14,"turns":3},{"damage":35,"enemies":"Slime Boss","floor":16,"turns":17},{"damage":0,"enemies":"Chosen","floor":18,"turns":4},{"damage":13,"enemies":"Spheric Guardian","floor":19,"turns":4},{"damage":13,"enemies":"Gremlin Leader","floor":24,"turns":7},{"damage":23,"enemies":"Snecko","floor":25,"turns":4},{"damage":9,"enemies":"Centurion and Healer","floor":27,"turns":5},{"damage":11,"enemies":"Shelled Parasite and Fungi","floor":28,"turns":4},{"damage":4,"enemies":"Cultist and Chosen","floor":29,"turns":6},{"damage":15,"enemies":"Snecko","floor":30,"turns":4}],"seed_played":"-8079468840222903727","potions_obtained":[{"floor":4,"key":"Poison Potion"},{"floor":4,"key":"GhostInAJar"},{"floor":4,"key":"GhostInAJar"},{"floor":7,"key":"Block Potion"},{"floor":10,"key":"Poison Potion"},{"floor":19,"key":"Block Potion"},{"floor":24,"key":"Fire Potion"},{"floor":28,"key":"GamblersBrew"}],"is_trial":false,"path_per_floor":["M","M","M","?","M","R","M","R","T","M","M","?","R","M","R","B",null,"M","M","?","?","?","R","E","M","T","M","M","M","M"],"character_chosen":"THE_SILENT","items_purchased":[],"campfire_rested":0,"item_purchase_floors":[],"current_hp_per_floor":[62,62,62,62,52,52,49,49,49,44,44,44,44,41,41,6,54,54,41,28,28,75,75,62,39,39,30,19,15,0,0],"gold":343,"neow_bonus":"TRANSFORM_CARD","is_daily":false,"chose_seed":false,"campfire_upgraded":5,"win_rate":0.0,"timestamp":1613575584,"path_taken":["M","M","M","?","?","R","M","R","T","M","M","?","R","M","R","BOSS","M","?","?","?","?","R","E","M","T","?","M","M","M"],"items_purchased_type":[],"build_version":"2020-12-22","purchased_purges":0,"victory":false,"max_hp_per_floor":[70,70,70,70,70,70,70,70,70,70,70,70,70,70,70,70,70,70,70,75,75,75,75,75,75,75,75,75,75,75,75],"card_choices":[{"not_picked":["Dodge and Roll","Slice"],"picked":"Cloak And Dagger","floor":1},{"not_picked":["Bane","Underhanded Strike"],"picked":"Terror","floor":2},{"not_picked":["Underhanded Strike","Acrobatics"],"picked":"Dagger Spray","floor":3},{"not_picked":["Deflect","Masterful Stab","Heel Hook"],"picked":"SKIP","floor":5},{"not_picked":["Finisher","Deflect","Quick Slash"],"picked":"SKIP","floor":7},{"not_picked":["Masterful Stab","Poisoned Stab"],"picked":"Adrenaline","floor":10},{"not_picked":["Slice","Acrobatics"],"picked":"Blade Dance","floor":11},{"not_picked":["Dagger Spray","Deflect","Predator"],"picked":"SKIP","floor":14},{"not_picked":["Tools of the Trade","Bullet Time"],"picked":"A Thousand Cuts","floor":16},{"not_picked":["Underhanded Strike","Dodge and Roll","Quick Slash"],"picked":"SKIP","floor":18},{"not_picked":["Flechettes","Outmaneuver+1"],"picked":"Cloak And Dagger","floor":19},{"not_picked":["Wraith Form v2","Flying Knee+1"],"picked":"Reflex","floor":24},{"not_picked":["Crippling Poison+1","Blade Dance","Poisoned Stab"],"picked":"SKIP","floor":25},{"not_picked":["Skewer+1","Dagger Throw","Concentrate"],"picked":"SKIP","floor":27},{"not_picked":["Bouncing Flask+1","Catalyst"],"picked":"Backflip","floor":28},{"not_picked":["Choke","Bouncing Flask","Dash"],"picked":"SKIP","floor":29}],"player_experience":57436,"relics_obtained":[{"floor":9,"key":"Tough Bandages"},{"floor":24,"key":"Peace Pipe"},{"floor":26,"key":"Pantograph"}],"event_choices":[{"damage_healed":0,"gold_gain":0,"player_choice":"Got Potions","damage_taken":0,"max_hp_gain":0,"max_hp_loss":0,"event_name":"Lab","floor":4,"gold_loss":0},{"damage_healed":0,"gold_gain":0,"cards_transformed":["Strike_G"],"player_choice":"Transformed","damage_taken":0,"max_hp_gain":0,"max_hp_loss":0,"event_name":"Transmorgrifier","floor":12,"gold_loss":0,"cards_obtained":["Concentrate"]},{"damage_healed":0,"gold_gain":0,"player_choice":"Shed Blood","damage_taken":18,"max_hp_gain":5,"max_hp_loss":0,"event_name":"Forgotten Altar","floor":20,"gold_loss":0},{"cards_removed":["Catalyst"],"damage_healed":0,"gold_gain":0,"player_choice":"Gave Gold","damage_taken":0,"max_hp_gain":0,"max_hp_loss":0,"event_name":"Beggar","floor":21,"gold_loss":75},{"cards_removed":["Flechettes"],"damage_healed":47,"gold_gain":0,"player_choice":"Offered Uncommon","damage_taken":0,"max_hp_gain":0,"max_hp_loss":0,"event_name":"Bonfire Elementals","floor":22,"gold_loss":0}],"is_beta":false,"boss_relics":[{"not_picked":["Philosopher\u0027s Stone","Runic Pyramid"],"picked":"Astrolabe"}],"items_purged_floors":[],"is_endless":false,"potions_floor_spawned":[7,10,11,14,19,24,28],"killed_by":"Snecko","ascension_level":8}}