{"host":"4nk64u0og8aplzuu","time":1613604188,"event":{"mods":["BaseMod","Highlight Path","Minty Spire (QoL Compilation)"],"gold_per_floor":[99,99,24,24,24,24,24,24,24,24,24,0,0,0,0,0,0,0,0,0,0,0,0,0,0,0,0,0,0,0,0,0,0,0,0,0,0,0,0,0,0,0],"floor_reached":41,"language":"ENG","playtime":2706,"items_purged":["Strike_B"],"score":565,"play_id":"5aa5456e-d176-44b9-ba5a-f6b2fac29aa3","local_time":"20210217162308","is_ascension_mode":true,"campfire_choices":[{"data":"Zap","floor":6,"key":"SMITH"},{"data":"Scrape","floor":15,"key":"SMITH"},{"floor":28,"key":"REST"},{"floor":32,"key":"REST"},{"floor":40,"key":"REST"}],"circlet_count":0,"master_deck":["Strike_B","Strike_B","Strike_B","Defend_B","Defend_B","Defend_B","Defend_B","Zap+1","Dualcast+1","Ball Lightning","Gash","BootSequence","Scrape+1","Stack","Skim","Beam Cell","Electrodynamics","Rebound+1","Defragment","Gash","Ball Lightning+1","Gash+1","Gash+1","Coolheaded","Seek","Redo+1","Gash+1","Defragment+1","Scrape+1"],"relics":["Ectoplasm","Cables","Pen Nib","DataDisk","Bag of Preparation","Turnip","Inserter","Incense Burner","Question Card","Thread and Needle","Torii","Symbiotic Virus","Bag of Marbles","Sozu","Peace Pipe"],"acts_visited":["Exordium","TheCity","TheBeyond"],"potions_floor_usage":[16,22,27,27,31,31,33,41],"damage_taken":[{"damage":2,"enemies":"Small Slimes","floor":1,"turns":4},{"damage":0,"enemies":"Cultist","floor":4,"turns":3},{"damage":6,"enemies":"Lagavulin","floor":7,"turns":5},{"damage":11,"enemies":"3 Sentries","floor":10,"turns":5},{"damage":0,"enemies":"Jaw Worm","floor":11,"turns":2},{"damage":1,"enemies":"Looter","floor":13,"turns":2},{"damage":18,"enemies":"Gremlin Nob","floor":14,"turns":4},{"damage":14,"enemies":"Hexaghost","floor":16,"turns":5},{"damage":17,"enemies":"Shell Parasite","floor":18,"turns":4},{"damage":0,"enemies":"Chosen","floor":20,"turns":3},{"damage":14,"enemies":"Snake Plant","floor":21,"turns":3},{"damage":2,"enemies":"Shelled Parasite and Fungi","floor":22,"turns":2},{"damage":19,"enemies":"Slavers","floor":23,"turns":2},{"damage":0,"enemies":"Sentry and Sphere","floor":24,"turns":3},{"damage":13,"enemies":"Book of Stabbing","floor":25,"turns":4},{"damage":0,"enemies":"Colosseum Slavers","floor":27,"turns":2},{"damage":0,"enemies":"Colosseum Nobs","floor":27,"turns":3},{"damage":1,"enemies":"Slavers","floor":29,"turns":2},{"damage":24,"enemies":"3 Cultists","floor":30,"turns":4},{"damage":1,"enemies":"Book of Stabbing","floor":31,"turns":3},{"damage":23,"enemies":"Automaton","floor":33,"turns":7},{"damage":0,"enemies":"3 Darklings","floor":35,"turns":2},{"damage":59,"enemies":"2 Orb Walkers","floor":36,"turns":5},{"damage":0,"enemies":"3 Shapes","floor":37,"turns":3},{"damage":0,"enemies":"Transient","floor":39,"turns":5},{"damage":43,"enemies":"Nemesis","floor":41,"turns":4}],"seed_played":"8385377211099691502","potions_obtained":[{"floor":10,"key":"Strength Potion"},{"floor":13,"key":"LiquidBronze"},{"floor":16,"key":"SteroidPotion"},{"floor":20,"key":"DuplicationPotion"},{"floor":22,"key":"FearPotion"},{"floor":30,"key":"CultistPotion"},{"floor":31,"key":"DuplicationPotion"},{"floor":33,"key":"SteroidPotion"}],"is_trial":false,"path_per_floor":["M","?","$","M","T","R","E","?","T","E","M","$","M","E","R","B",null,"M","?","M","M","M","E","M","E","T","?","R","E","M","E","R","B",null,"M","?","M","?","M","R","E"],"character_chosen":"DEFECT","items_purchased":["Stack"],"campfire_rested":3,"item_purchase_floors":[12],"current_hp_per_floor":[73,73,73,73,73,73,67,75,75,64,64,64,63,45,45,31,75,58,58,58,44,42,23,23,10,10,10,32,31,7,6,28,5,75,75,16,16,16,16,38,0,0],"gold":0,"neow_bonus":"BOSS_RELIC","is_daily":false,"chose_seed":false,"campfire_upgraded":2,"win_rate":0.0,"timestamp":1613604188,"path_taken":["M","?","?","M","?","R","E","?","T","E","M","$","?","E","R","BOSS","M","?","?","M","M","E","M","E","T","?","R","E","M","E","R","BOSS","M","?","M","?","M","R","E"],"items_purchased_type":["Card"],"build_version":"2020-12-22","purchased_purges":1,"victory":false,"max_hp_per_floor":[75,75,75,75,75,75,75,75,75,75,75,75,75,75,75,75,75,75,75,75,75,75,75,75,75,75,75,75,75,75,75,75,75,75,75,75,75,75,75,75,75,75],"card_choices":[{"not_picked":["Steam","White Noise"],"picked":"Ball Lightning","floor":1},{"not_picked":["Steam","Leap"],"picked":"Gash","floor":4},{"not_picked":["Capacitor","Coolheaded"],"picked":"Chaos","floor":7},{"not_picked":["Creative AI","Double Energy"],"picked":"BootSequence","floor":10},{"not_picked":["BootSequence","Rip and Tear"],"picked":"Scrape","floor":11},{"not_picked":["Turbo","Hologram"],"picked":"Skim","floor":13},{"not_picked":["Undo","Scrape"],"picked":"Beam Cell","floor":14},{"not_picked":["Rainbow","Buffer"],"picked":"Electrodynamics","floor":16},{"not_picked":["Compile Driver","Hologram"],"picked":"Rebound+1","floor":18},{"not_picked":["Leap","Rip and Tear"],"picked":"Defragment","floor":20},{"not_picked":["Go for the Eyes","Genetic Algorithm+1"],"picked":"Gash","floor":21},{"not_picked":["Leap","Hello World","Streamline"],"picked":"SKIP","floor":22},{"not_picked":["Steam","Reboot","Reinforced Body+1"],"picked":"SKIP","floor":23},{"not_picked":["Barrage","FTL","Tempest+1"],"picked":"SKIP","floor":24},{"not_picked":["Sweeping Beam+1","Reprogram"],"picked":"Ball Lightning+1","floor":25},{"not_picked":["Stack+1","BootSequence+1","Blizzard"],"picked":"Gash+1","floor":27},{"not_picked":["Conserve Battery","Biased Cognition","Aggregate"],"picked":"Gash+1","floor":29},{"not_picked":["Barrage","Rebound","Stack"],"picked":"Coolheaded","floor":30},{"not_picked":["Hyperbeam","Stack+1","Chill","Genetic Algorithm"],"picked":"SKIP","floor":31},{"not_picked":["Core Surge","Rainbow","Echo Form"],"picked":"Seek","floor":33},{"not_picked":["Barrage","Conserve Battery+1","FTL"],"picked":"Redo+1","floor":35},{"not_picked":["Hologram","Rebound+1","Conserve Battery"],"picked":"Gash+1","floor":36},{"not_picked":["Double Energy","BootSequence","Stack+1"],"picked":"Defragment+1","floor":37},{"not_picked":["Capacitor","Cold Snap","Go for the Eyes"],"picked":"Scrape+1","floor":39}],"player_experience":375989,"relics_obtained":[{"floor":5,"key":"Cables"},{"floor":7,"key":"Pen Nib"},{"floor":9,"key":"DataDisk"},{"floor":10,"key":"Bag of Preparation"},{"floor":14,"key":"Turnip"},{"floor":23,"key":"Incense Burner"},{"floor":25,"key":"Question Card"},{"floor":26,"key":"Thread and Needle"},{"floor":27,"key":"Torii"},{"floor":27,"key":"Symbiotic Virus"},{"floor":31,"key":"Bag of Marbles"},{"floor":36,"key":"Peace Pipe"}],"event_choices":[{"damage_healed":0,"gold_gain":0,"player_choice":"Forge","damage_taken":0,"max_hp_gain":0,"max_hp_loss":0,"event_name":"Accursed Blacksmith","floor":2,"gold_loss":0,"cards_upgraded":["Dualcast"]},{"cards_removed":["Chaos"],"damage_healed":8,"gold_gain":0,"player_choice":"Offered Uncommon","damage_taken":0,"max_hp_gain":0,"max_hp_loss":0,"event_name":"Bonfire Elementals","floor":8,"gold_loss":0},{"damage_healed":0,"gold_gain":200,"player_choice":"Gold","damage_taken":0,"max_hp_gain":0,"max_hp_loss":0,"event_name":"Wheel of Change","floor":19,"gold_loss":0},{"damage_healed":0,"gold_gain":0,"player_choice":"Fight","damage_taken":0,"max_hp_gain":0,"max_hp_loss":0,"event_name":"Colosseum","floor":27,"gold_loss":0},{"damage_healed":0,"gold_gain":0,"player_choice":"Fought Nobs","damage_taken":0,"max_hp_gain":0,"max_hp_loss":0,"event_name":"Colosseum","floor":27,"gold_loss":0},{"damage_healed":0,"gold_gain":0,"player_choice":"Fight","damage_taken":0,"max_hp_gain":0,"max_hp_loss":0,"event_name":"Mysterious Sphere","floor":36,"gold_loss":0},{"damage_healed":0,"gold_gain":0,"player_choice":"Ignored","damage_taken":0,"max_hp_gain":0,"max_hp_loss":0,"event_name":"SecretPortal","floor":38,"gold_loss":0}],"is_beta":false,"boss_relics":[{"not_picked":["Cursed Key","Snecko Eye"],"picked":"Inserter"},{"not_picked":["SacredBark","Fusion Hammer"],"picked":"Sozu"}],"items_purged_floors":[3],"is_endless":false,"potions_floor_spawned":[10,13,16,20,22,23,27,30,31,33,35,39],"killed_by":"Nemesis","ascension_level":2}}