{"host":"8anmd7ibyxevnonj","time":1613597114,"event":{"mods":["BaseMod","Curses Come First","Minty Spire (QoL Compilation)","Reliquary","StSLib"],"gold_per_floor":[117,134,309,1,16,42,42,3,3,13,13,23,23,37,37,136,136,155,175,175,189,199,229,249,249,249,268,268,268,268,297,297,297,297],"floor_reached":33,"language":"ENG","playtime":6104,"items_purged":["Shame"],"score":289,"play_id":"f3feb815-0e1e-4d2f-ba74-356331d888ce","local_time":"20210217222514","is_ascension_mode":false,"campfire_choices":[{"data":"Streamline","floor":13,"key":"SMITH"},{"data":"Loop","floor":15,"key":"SMITH"},{"floor":25,"key":"REST"},{"data":"Defragment","floor":30,"key":"SMITH"},{"data":"Loop","floor":32,"key":"SMITH"}],"circlet_count":0,"master_deck":["Strike_B","Strike_B","Strike_B","Strike_B","Defend_B","Defend_B","Defend_B","Defend_B","Zap","Dualcast","Heatsinks","Loop+1","Self Repair","Go for the Eyes","Streamline+1","Loop+1","All For One","Beam Cell","Scrape","Fission","Heatsinks","Conserve Battery+1","Go for the Eyes","Coolheaded","Defragment+1","Redo","Streamline","BootSequence","Redo+1","Sweeping Beam+1"],"relics":["Cracked Core","Ginger","Membership Card","TungstenRod","Shuriken","GremlinMask","Meat on the Bone","Black Star","MutagenicStrength","reliquary:Firecrackers","Prayer Wheel","CaptainsWheel","Enchiridion","Bird Faced Urn","Darkstone Periapt"],"acts_visited":["Exordium","TheCity"],"potions_floor_usage":[21,22,22,23,23,33,33,33],"damage_taken":[{"damage":2,"enemies":"Small Slimes","floor":1,"turns":3},{"damage":13,"enemies":"2 Louse","floor":2,"turns":4},{"damage":5,"enemies":"Cultist","floor":5,"turns":4},{"damage":37,"enemies":"3 Sentries","floor":6,"turns":10},{"damage":15,"enemies":"Looter","floor":10,"turns":4},{"damage":0,"enemies":"Blue Slaver","floor":12,"turns":3},{"damage":3,"enemies":"2 Fungi Beasts","floor":14,"turns":3},{"damage":43,"enemies":"The Guardian","floor":16,"turns":9},{"damage":33,"enemies":"2 Thieves","floor":18,"turns":4},{"damage":24,"enemies":"3 Byrds","floor":19,"turns":5},{"damage":48,"enemies":"Shelled Parasite and Fungi","floor":21,"turns":7},{"damage":27,"enemies":"Snake Plant","floor":22,"turns":5},{"damage":42,"enemies":"Gremlin Leader","floor":23,"turns":7},{"damage":20,"enemies":"Cultist and Chosen","floor":24,"turns":5},{"damage":22,"enemies":"Shelled Parasite and Fungi","floor":27,"turns":8},{"damage":13,"enemies":"Book of Stabbing","floor":31,"turns":5},{"damage":63,"enemies":"Automaton","floor":33,"turns":6}],"seed_played":"-2901966117635783664","potions_obtained":[{"floor":1,"key":"FairyPotion"},{"floor":6,"key":"GamblersBrew"},{"floor":12,"key":"Swift Potion"},{"floor":14,"key":"Fire Potion"},{"floor":21,"key":"EntropicBrew"},{"floor":23,"key":"Strength Potion"},{"floor":24,"key":"EssenceOfSteel"},{"floor":27,"key":"Swift Potion"}],"is_trial":false,"path_per_floor":["M","M","?","$","M","E","?","$","T","M","?","M","R","M","R","B",null,"M","M","?","M","M","E","M","R","T","M","?","?","R","E","R","B"],"character_chosen":"DEFECT","items_purchased":["Membership Card","reliquary:FerryPass","Self Repair","Loop"],"campfire_rested":1,"item_purchase_floors":[4,4,4,8],"current_hp_per_floor":[73,60,60,60,62,32,32,32,32,36,30,49,49,53,53,29,75,42,37,37,34,26,26,25,47,47,44,44,32,32,38,38,0,0],"gold":297,"neow_bonus":"ONE_RARE_RELIC","is_daily":false,"chose_seed":false,"campfire_upgraded":4,"win_rate":0.0,"timestamp":1613597114,"path_taken":["M","M","?","$","M","E","?","$","T","?","?","M","R","M","R","BOSS","M","M","?","M","M","E","M","R","T","M","?","?","R","E","R","BOSS"],"items_purchased_type":["Relic","Relic","Card","Card"],"build_version":"2020-12-13","purchased_purges":1,"victory":false,"max_hp_per_floor":[75,75,75,75,75,75,75,75,75,75,75,75,75,75,75,75,75,75,75,75,75,75,75,75,75,75,75,75,75,75,75,75,75,75],"card_choices":[{"not_picked":["Compile Driver","Stack"],"picked":"Heatsinks","floor":1},{"not_picked":["Chill","Barrage"],"picked":"Loop","floor":2},{"not_picked":["Leap","Scrape"],"picked":"Go for the Eyes","floor":5},{"not_picked":["Tempest","Stack"],"picked":"Streamline","floor":6},{"not_picked":["Beam Cell","Stack"],"picked":"All For One","floor":10},{"not_picked":["Coolheaded","Melter"],"picked":"Beam Cell","floor":12},{"not_picked":["Coolheaded","Cold Snap"],"picked":"Scrape","floor":14},{"not_picked":["Buffer","Rainbow"],"picked":"Fission","floor":16},{"not_picked":["Double Energy+1","Steam"],"picked":"Heatsinks","floor":18},{"not_picked":["Rip and Tear+1","Ball Lightning+1"],"picked":"Conserve Battery+1","floor":19},{"not_picked":["Reinforced Body","Hologram"],"picked":"Go for the Eyes","floor":21},{"not_picked":["Barrage","Compile Driver+1"],"picked":"Coolheaded","floor":22},{"not_picked":["Hello World","Go for the Eyes+1"],"picked":"Defragment","floor":23},{"not_picked":["Amplify","Aggregate"],"picked":"Redo","floor":24},{"not_picked":["Ball Lightning","Leap"],"picked":"Streamline","floor":24},{"not_picked":["Skim+1","Redo+1"],"picked":"BootSequence","floor":27},{"not_picked":["Conserve Battery","Coolheaded"],"picked":"Redo+1","floor":27},{"not_picked":["Streamline+1","BootSequence"],"picked":"Sweeping Beam+1","floor":31}],"player_experience":26751,"relics_obtained":[{"floor":5,"key":"TungstenRod"},{"floor":6,"key":"Shuriken"},{"floor":9,"key":"Meat on the Bone"},{"floor":23,"key":"reliquary:Firecrackers"},{"floor":23,"key":"Prayer Wheel"},{"floor":26,"key":"CaptainsWheel"},{"floor":29,"key":"Enchiridion"},{"floor":31,"key":"Bird Faced Urn"},{"floor":31,"key":"Darkstone Periapt"}],"event_choices":[{"damage_healed":0,"gold_gain":175,"player_choice":"AGREE","damage_taken":0,"max_hp_gain":0,"max_hp_loss":0,"event_name":"Liars Game","floor":3,"gold_loss":0,"cards_obtained":["Doubt"]},{"damage_healed":0,"gold_gain":0,"player_choice":"Trade","damage_taken":0,"relics_obtained":["GremlinMask"],"max_hp_gain":0,"max_hp_loss":0,"event_name":"FaceTrader","floor":7,"gold_loss":0},{"cards_removed":["Doubt"],"damage_healed":0,"gold_gain":0,"player_choice":"Card Removal","damage_taken":7,"max_hp_gain":0,"max_hp_loss":0,"event_name":"Golden Wing","floor":11,"gold_loss":0},{"damage_healed":0,"gold_gain":0,"player_choice":"Inject Mutagens","damage_taken":0,"relics_obtained":["MutagenicStrength"],"max_hp_gain":0,"max_hp_loss":0,"event_name":"Drug Dealer","floor":20,"gold_loss":0},{"damage_healed":0,"gold_gain":0,"player_choice":"Ignored","damage_taken":0,"max_hp_gain":0,"max_hp_loss":0,"event_name":"Ghosts","floor":28,"gold_loss":0},{"damage_healed":0,"gold_gain":0,"player_choice":"Obtained Book","damage_taken":16,"max_hp_gain":0,"max_hp_loss":0,"event_name":"Cursed Tome","floor":29,"gold_loss":0}],"is_beta":false,"boss_relics":[{"not_picked":["Velvet Choker","Coffee Dripper"],"picked":"Black Star"}],"items_purged_floors":[4],"is_endless":false,"potions_floor_spawned":[1,6,12,14,21,22,23,24,27],"killed_by":"Automaton","ascension_level":0}}