{"host":"7sni158j623xchr2","time":1613601975,"event":{"mods":["BaseMod","Colored Map","Highlight Path","Minty Spire (QoL Compilation)","Permanent Neow","Potion Indicator Mod","Rare Cards Sparkle","Relic Sorter","Relic Stats","StSLib","everything is the same but u backflip on backflip"],"gold_per_floor":[115,115,134,147,163,163,498,498,498,78,78,105,25,25,25,123,123,133,133,133,58,69,69,104,120,167,181,181,192,49,78,78,180,180,193,37,87,87,106,106,119,119,131,157,204,216,216],"floor_reached":46,"language":"ENG","playtime":1558,"items_purged":["Strike_G"],"score":598,"play_id":"7b7fd0e4-e5da-4e5c-bc74-a4d2022058d2","local_time":"20210217164615","is_ascension_mode":true,"campfire_choices":[{"data":"Sucker Punch","floor":6.0,"key":"SMITH"},{"data":"Heel Hook","floor":8.0,"key":"SMITH"},{"data":"Dagger Spray","floor":11.0,"key":"SMITH"},{"data":"Burst","floor":15.0,"key":"SMITH"},{"data":"Bouncing Flask","floor":23.0,"key":"SMITH"},{"data":"Catalyst","floor":28,"key":"SMITH"},{"data":"Malaise","floor":32,"key":"SMITH"},{"floor":40,"key":"RECALL"},{"floor":42,"key":"DIG"}],"circlet_count":0,"master_deck":["Defend_G+1","Defend_G","Survivor","Neutralize","Tactician+1","Burst+1","Heel Hook+1","Sucker Punch+1","Dash+1","Dagger Spray+1","Catalyst+1","Malaise+1","Predator+1","Tactician+1","Setup+1","PiercingWail","Backstab","Bouncing Flask+1","Terror","Acrobatics","Acrobatics","Deadly Poison","Corpse Explosion","Bane","Deflect+1","Die Die Die"],"relics":["Ring of the Snake","Old Coin","StrikeDummy","Torii","Ornamental Fan","Astrolabe","Darkstone Periapt","Snake Skull","War Paint","Shovel","WristBlade","Membership Card","Ginger","MawBank","Dead Branch"],"acts_visited":["Exordium","TheCity","TheBeyond"],"potions_floor_usage":[37,37,45,46],"damage_taken":[{"damage":1.0,"enemies":"Cultist","floor":1.0,"turns":6.0},{"damage":0.0,"enemies":"Small Slimes","floor":3.0,"turns":4.0},{"damage":0.0,"enemies":"Jaw Worm","floor":4.0,"turns":3.0},{"damage":2.0,"enemies":"Looter","floor":5.0,"turns":4.0},{"damage":23.0,"enemies":"Lagavulin","floor":7.0,"turns":7.0},{"damage":2.0,"enemies":"3 Sentries","floor":12.0,"turns":5.0},{"damage":12.0,"enemies":"Slime Boss","floor":16.0,"turns":11.0},{"damage":7.0,"enemies":"2 Thieves","floor":18.0,"turns":4.0},{"damage":0.0,"enemies":"Shell Parasite","floor":22.0,"turns":5.0},{"damage":0.0,"enemies":"Gremlin Leader","floor":24.0,"turns":7.0},{"damage":0.0,"enemies":"Snecko","floor":25.0,"turns":3.0},{"damage":1,"enemies":"Chosen and Byrds","floor":27,"turns":6},{"damage":0,"enemies":"Sentry and Sphere","floor":29,"turns":3},{"damage":2,"enemies":"Book of Stabbing","floor":31,"turns":3},{"damage":47,"enemies":"Automaton","floor":33,"turns":7},{"damage":19,"enemies":"Orb Walker","floor":35,"turns":4},{"damage":9,"enemies":"Mind Bloom Boss Battle","floor":37,"turns":8},{"damage":1,"enemies":"3 Shapes","floor":39,"turns":3},{"damage":1,"enemies":"Maw","floor":41,"turns":3},{"damage":17,"enemies":"Writhing Mass","floor":44,"turns":4},{"damage":15,"enemies":"Reptomancer","floor":45,"turns":5},{"damage":1,"enemies":"Jaw Worm Horde","floor":46,"turns":2}],"seed_played":"-1883601322379731459","potions_obtained":[{"floor":4.0,"key":"DistilledChaos"},{"floor":7.0,"key":"CunningPotion"},{"floor":12.0,"key":"CunningPotion"},{"floor":24.0,"key":"DistilledChaos"},{"floor":25,"key":"CultistPotion"},{"floor":27,"key":"Dexterity Potion"},{"floor":31,"key":"Swift Potion"},{"floor":35,"key":"DistilledChaos"},{"floor":44,"key":"BlessingOfTheForge"},{"floor":45,"key":"ColorlessPotion"}],"is_trial":false,"path_per_floor":["M","?","M","M","M","R","E","R","T","$","R","E","$","?","R","B",null,"M","?","$","?","M","R","E","M","T","M","R","M","$","E","R","B",null,"M","$","?","?","M","R","M","R","T","M","E","M"],"character_chosen":"THE_SILENT","items_purchased":["Torii","Dagger Spray","Catalyst","War Paint","Membership Card"],"campfire_rested":0,"item_purchase_floors":[10,10,13,30,36],"current_hp_per_floor":[62,62,62,62,60,60,37,37,37,37,37,35,35,35,35,23,63,56,56,56,56,56,56,56,56,56,55,55,55,55,53,53,6,63,44,44,35,35,34,34,33,33,33,16,1,0,0],"gold":216,"neow_bonus":"TRANSFORM_TWO_CARDS","is_daily":false,"chose_seed":false,"campfire_upgraded":7,"win_rate":0.0,"timestamp":1613601975,"path_taken":["M","?","?","M","M","R","E","R","T","$","R","E","?","?","R","BOSS","M","?","$","?","M","R","E","M","T","M","R","M","?","E","R","BOSS","M","$","?","?","M","R","M","R","T","M","E","M"],"items_purchased_type":["Relic","Card","Card","Relic","Relic"],"build_version":"2020-12-22","purchased_purges":1,"victory":false,"max_hp_per_floor":[63,63,63,63,63,63,63,63,63,63,63,63,63,63,63,63,63,63,63,63,63,63,63,63,63,63,63,63,63,63,63,63,63,63,63,63,63,60,60,60,60,60,60,60,60,60,60],"relic_stats":{"Darkstone Periapt":0,"Torii":28,"counters":[22,107],"Astrolabe":["Predator","Tactician","Setup"],"Dead Branch":[5],"Snake Skull":[81],"Ginger":[3],"War Paint":["Defend_G","Tactician"],"MawBank":48,"Shovel":1,"Ornamental Fan":[88],"obtain_stats":[{"Darkstone Periapt":24,"Torii":10,"Astrolabe":17,"Dead Branch":45,"Snake Skull":26,"Ginger":37,"War Paint":30,"MawBank":42,"Old Coin":7,"Shovel":31,"WristBlade":34,"Ornamental Fan":12,"Membership Card":36,"StrikeDummy":9,"Ring of the Snake":0},{"Darkstone Periapt":10,"Torii":5,"Astrolabe":7,"Dead Branch":21,"Snake Skull":11,"Ginger":17,"War Paint":13,"MawBank":19,"Old Coin":5,"Shovel":14,"WristBlade":15,"Ornamental Fan":6,"Membership Card":16,"StrikeDummy":5,"Ring of the Snake":0},{"Darkstone Periapt":56,"Torii":24,"Astrolabe":40,"Dead Branch":105,"Snake Skull":59,"Ginger":90,"War Paint":68,"MawBank":96,"Old Coin":24,"Shovel":71,"WristBlade":78,"Ornamental Fan":29,"Membership Card":82,"StrikeDummy":24,"Ring of the Snake":0}],"Ring of the Snake":[44]},"card_choices":[{"not_picked":["Underhanded Strike","Backflip"],"picked":"Heel Hook","floor":1.0},{"not_picked":["Eviscerate","Footwork"],"picked":"Sucker Punch","floor":3.0},{"not_picked":["Slice","Outmaneuver","Blade Dance"],"picked":"SKIP","floor":4.0},{"not_picked":["Skewer","Acrobatics"],"picked":"Dash","floor":5.0},{"not_picked":["Distraction","Dodge and Roll","Dagger Throw"],"picked":"SKIP","floor":7.0},{"not_picked":["Expertise","Dodge and Roll","Endless Agony"],"picked":"SKIP","floor":12.0},{"not_picked":["Doppelganger","Venomology"],"picked":"Malaise","floor":16.0},{"not_picked":["Slice+1","Sucker Punch+1"],"picked":"PiercingWail","floor":18.0},{"not_picked":["Dagger Spray","Escape Plan"],"picked":"Bouncing Flask","floor":22.0},{"not_picked":["Leg Sweep","Flying Knee+1"],"picked":"Terror","floor":24.0},{"not_picked":["Escape Plan+1","Flechettes+1"],"picked":"Acrobatics","floor":25},{"not_picked":["Well Laid Plans","Outmaneuver"],"picked":"Acrobatics","floor":27},{"not_picked":["Acrobatics","Cloak And Dagger"],"picked":"Deadly Poison","floor":29},{"not_picked":["Poisoned Stab","Envenom","Quick Slash"],"picked":"SKIP","floor":31},{"not_picked":["Wraith Form v2","Glass Knife"],"picked":"Corpse Explosion","floor":33},{"not_picked":["Flying Knee","Blade Dance"],"picked":"Bane","floor":35},{"not_picked":["Prepared+1","Flying Knee"],"picked":"Deflect+1","floor":37},{"not_picked":["Poisoned Stab+1","Bane","Underhanded Strike+1"],"picked":"SKIP","floor":39},{"not_picked":["Backstab","Cloak And Dagger","Leg Sweep"],"picked":"SKIP","floor":41},{"not_picked":["Flechettes","Deadly Poison+1","Outmaneuver"],"picked":"SKIP","floor":44},{"not_picked":["Choke","Outmaneuver+1"],"picked":"Die Die Die","floor":45}],"player_experience":1823877,"relics_obtained":[{"floor":7.0,"key":"Old Coin"},{"floor":9.0,"key":"StrikeDummy"},{"floor":12.0,"key":"Ornamental Fan"},{"floor":24.0,"key":"Darkstone Periapt"},{"floor":26,"key":"Snake Skull"},{"floor":31,"key":"Shovel"},{"floor":37,"key":"Ginger"},{"floor":42,"key":"MawBank"},{"floor":45,"key":"Dead Branch"}],"event_choices":[{"cards_removed":["Defend_G"],"damage_healed":0.0,"max_hp_gain":0.0,"max_hp_loss":0.0,"gold_gain":0.0,"event_name":"Purifier","player_choice":"Purged","floor":2.0,"gold_loss":0.0,"damage_taken":0.0},{"damage_healed":0.0,"max_hp_gain":0.0,"max_hp_loss":0.0,"gold_gain":0.0,"event_name":"Living Wall","player_choice":"Grow","floor":14.0,"gold_loss":0.0,"damage_taken":0.0,"cards_upgraded":["Dash"]},{"damage_healed":0.0,"max_hp_gain":0.0,"max_hp_loss":0.0,"gold_gain":0.0,"event_name":"The Library","player_choice":"Read","floor":19.0,"gold_loss":0.0,"damage_taken":0.0,"cards_obtained":["Backstab"]},{"cards_removed":["Strike_G"],"damage_healed":0.0,"max_hp_gain":0.0,"max_hp_loss":0.0,"gold_gain":0.0,"event_name":"Beggar","player_choice":"Gave Gold","floor":21.0,"gold_loss":75.0,"damage_taken":0.0},{"damage_healed":0,"gold_gain":0,"player_choice":"Fight","damage_taken":0,"max_hp_gain":0,"max_hp_loss":0,"event_name":"MindBloom","floor":37,"gold_loss":0},{"damage_healed":0,"gold_gain":0,"player_choice":"Max HP","damage_taken":0,"max_hp_gain":0,"max_hp_loss":3,"event_name":"Winding Halls","floor":38,"gold_loss":0}],"is_beta":false,"boss_relics":[{"not_picked":["Fusion Hammer","Empty Cage"],"picked":"Astrolabe"},{"not_picked":["Runic Dome","Pandora\u0027s Box"],"picked":"WristBlade"}],"items_purged_floors":[10],"is_endless":false,"potions_floor_spawned":[4,7,12,24,25,27,31,35,44,45],"killed_by":"Jaw Worm Horde","ascension_level":1}}