{"host":"xr2w6q7a088fu8w2","time":1613535512,"event":{"mods":["AchievementEnabler","BaseMod","Colored Powertips","Mimic Mod","Minty Spire (QoL Compilation)","MostiFishMod","Relic Filter Mod","Reliquary","StSLib","UnlockEverythingMod"],"gold_per_floor":[115,15,15,34,34,34,45,45,45,45,60,60,80,106,106,207,207,223,239,257,356,367,367,384,384,463,463,213,213,227,227,227,325,325,345,345,77,88,88,88,104,118,118,118,128,160,175,186,186,186,186,186,36,69,69,69],"floor_reached":55,"language":"ZHS","playtime":1066,"items_purged":["Defend_G","Strike_G","Strike_G","Defend_G"],"score":826,"play_id":"596beff5-04c3-48b6-84a4-5c97a83e33f4","local_time":"20210217121832","is_ascension_mode":false,"campfire_choices":[{"floor":6,"key":"RECALL"},{"data":"MostiFishMod:GrandStart","floor":8,"key":"SMITH"},{"data":"Sucker Punch","floor":10,"key":"SMITH"},{"floor":15,"key":"REST"},{"data":"Backstab","floor":23,"key":"SMITH"},{"data":"Poisoned Stab","floor":25,"key":"SMITH"},{"data":"Bane","floor":27,"key":"SMITH"},{"data":"Skewer","floor":29,"key":"SMITH"},{"data":"Glass Knife","floor":32,"key":"SMITH"},{"data":"Survivor","floor":40,"key":"SMITH"},{"data":"Deflect","floor":44,"key":"SMITH"},{"data":"Defend_G","floor":49,"key":"SMITH"},{"data":"Defend_G","floor":52,"key":"SMITH"}],"circlet_count":0,"master_deck":["Strike_G","Strike_G","Strike_G","Defend_G+1","Defend_G+1","Survivor+1","Neutralize+1","Bane+1","Sucker Punch+1","MostiFishMod:GrandStart+1","Poisoned Stab+1","Backstab+1","Glass Knife+1","Skewer+1","Deflect+1"],"relics":["Ring of the Snake","DaveBox","HaiYi:Twilight","Ginger","SynthV:TestCard","ArrowTower","ExusiaiGun","reliquary:PurpleTingedLeaf","Bag of Marbles","Enchiridion","GuanYuAspect","Vajra","Meat on the Bone","reliquary:FerryPass","HornCleat"],"acts_visited":["Exordium","TheCity","TheBeyond","TheEnding"],"potions_floor_usage":[16,16,55,55,55],"damage_taken":[{"damage":0,"enemies":"2 Louse","floor":1,"turns":4},{"damage":0,"enemies":"Jaw Worm","floor":4,"turns":4},{"damage":0,"enemies":"Small Slimes","floor":7,"turns":2},{"damage":0,"enemies":"Looter","floor":11,"turns":1},{"damage":0,"enemies":"Large Slime","floor":13,"turns":1},{"damage":0,"enemies":"Gremlin Nob","floor":14,"turns":2},{"damage":39,"enemies":"The Guardian","floor":16,"turns":6},{"damage":0,"enemies":"Spheric Guardian","floor":18,"turns":1},{"damage":0,"enemies":"Chosen","floor":19,"turns":1},{"damage":0,"enemies":"3 Cultists","floor":20,"turns":1},{"damage":0,"enemies":"Sentry and Sphere","floor":22,"turns":1},{"damage":0,"enemies":"Snake Plant","floor":24,"turns":1},{"damage":0,"enemies":"Shelled Parasite and Fungi","floor":30,"turns":1},{"damage":0,"enemies":"Champ","floor":33,"turns":1},{"damage":0,"enemies":"3 Darklings","floor":35,"turns":1},{"damage":0,"enemies":"Orb Walker","floor":38,"turns":1},{"damage":0,"enemies":"3 Darklings","floor":41,"turns":1},{"damage":0,"enemies":"Spire Growth","floor":42,"turns":1},{"damage":3,"enemies":"4 Shapes","floor":45,"turns":1},{"damage":0,"enemies":"Nemesis","floor":46,"turns":1},{"damage":0,"enemies":"Maw","floor":47,"turns":1},{"damage":3,"enemies":"Sphere and 2 Shapes","floor":48,"turns":1},{"damage":0,"enemies":"Time Eater","floor":50,"turns":1},{"damage":0,"enemies":"Shield and Spear","floor":54,"turns":1},{"damage":41,"enemies":"The Heart","floor":55,"turns":2}],"seed_played":"-1254127723330994057","potions_obtained":[{"floor":7,"key":"BlessingOfTheForge"},{"floor":13,"key":"LiquidMemories"},{"floor":16,"key":"ColorlessPotion"},{"floor":20,"key":"SneckoOil"},{"floor":24,"key":"EssenceOfSteel"},{"floor":33,"key":"Ancient Potion"},{"floor":38,"key":"Dexterity Potion"},{"floor":42,"key":"GamblersBrew"},{"floor":45,"key":"Poison Potion"},{"floor":46,"key":"ColorlessPotion"},{"floor":48,"key":"SpeedPotion"}],"is_trial":false,"path_per_floor":["M","$","?","M","?","R","M","R","T","R","M","?","M","E","R","B",null,"M","M","M","?","M","R","M","R","T","R","$","R","M","?","R","B",null,"M","?","$","M","?","R","M","M","T","R","M","E","M","M","R","B",null,"R","$","E","B"],"character_chosen":"THE_SILENT","items_purchased":["Sucker Punch","Bag of Marbles","Vajra"],"campfire_rested":1,"item_purchase_floors":[2,28,37],"current_hp_per_floor":[63,63,63,63,63,63,63,63,63,63,63,56,56,56,63,24,63,63,63,63,63,63,63,63,63,63,63,63,63,63,47,47,50,32,32,30,30,30,30,30,30,30,30,30,30,30,30,30,30,30,30,30,30,30,0,0],"gold":69,"neow_bonus":"ONE_RARE_RELIC","is_daily":false,"chose_seed":false,"campfire_upgraded":11,"win_rate":0.0,"timestamp":1613535512,"path_taken":["M","$","?","M","?","R","M","R","T","R","M","?","M","E","R","BOSS","M","M","M","?","M","R","M","R","T","R","$","R","M","?","R","BOSS","M","?","$","M","?","R","?","M","T","R","M","E","M","M","R","BOSS","R","$","E","BOSS"],"items_purchased_type":["Card","Relic","Relic"],"build_version":"2020-12-22","purchased_purges":4,"victory":false,"max_hp_per_floor":[63,63,63,63,63,63,63,63,63,63,63,63,63,63,63,63,63,63,63,63,63,63,63,63,63,63,63,63,63,63,63,63,63,32,32,30,30,30,30,30,30,30,30,30,30,30,30,30,30,30,30,30,30,30,30,30],"card_choices":[{"not_picked":["Dagger Throw","Terror"],"picked":"Bane","floor":1},{"not_picked":["Prepared","Dodge and Roll","Setup","Bane","Escape Plan"],"picked":"SKIP","floor":4},{"not_picked":["MostiFishMod:PerfectParry","Infinite Blades","Dagger Spray","Deadly Poison"],"picked":"MostiFishMod:GrandStart","floor":7},{"not_picked":["PiercingWail","Blade Dance","Deflect","Dash"],"picked":"Poisoned Stab","floor":11},{"not_picked":["Deadly Poison","MostiFishMod:VineMother","Calculated Gamble","Underhanded Strike","All Out Attack"],"picked":"SKIP","floor":13},{"not_picked":["Eviscerate","Well Laid Plans","Flying Knee","Tools of the Trade"],"picked":"Backstab","floor":14},{"not_picked":["MostiFishMod:LethalBlade","MostiFishMod:FullyArmed","MostiFishMod:Dislodge","Unload"],"picked":"Glass Knife","floor":16},{"not_picked":["Well Laid Plans","Dagger Throw","PiercingWail","Outmaneuver","MostiFishMod:FrostNova"],"picked":"SKIP","floor":18},{"not_picked":["Sucker Punch","Well Laid Plans","Blade Dance","MostiFishMod:FrostNova","Deadly Poison+1"],"picked":"SKIP","floor":19},{"not_picked":["Acrobatics","Underhanded Strike+1","Backflip+1","Dagger Spray","Choke"],"picked":"SKIP","floor":20},{"not_picked":["Acrobatics","Dodge and Roll","Poisoned Stab","Quick Slash","Dagger Throw+1"],"picked":"SKIP","floor":22},{"not_picked":["Cloak And Dagger","Prepared+1","Bane","Sucker Punch"],"picked":"Skewer","floor":24},{"not_picked":["Caltrops","Wraith Form v2","Flechettes","MostiFishMod:FrostNova","MostiFishMod:PreservedThorns"],"picked":"SKIP","floor":30},{"not_picked":["Sucker Punch","Dodge and Roll+1","Tactician","Acrobatics","MostiFishMod:PerfectParry"],"picked":"SKIP","floor":35},{"not_picked":["Finisher+1","Underhanded Strike","Bane","Blade Dance","Slice"],"picked":"SKIP","floor":38},{"not_picked":["MostiFishMod:PoisonShield","Quick Slash+1","Deadly Poison+1","Blade Dance"],"picked":"Deflect","floor":41},{"not_picked":["Distraction+1","Dodge and Roll+1","Poisoned Stab","Bouncing Flask+1","Terror"],"picked":"SKIP","floor":42},{"not_picked":["PiercingWail+1","MostiFishMod:Neurotoxin","Bouncing Flask+1","Footwork+1","MostiFishMod:VineMother+1"],"picked":"SKIP","floor":45},{"not_picked":["Footwork","Escape Plan","MostiFishMod:VineMother","MostiFishMod:InvigoratingSolution","Accuracy"],"picked":"SKIP","floor":46},{"not_picked":["Prepared+1","Noxious Fumes","Caltrops","Dagger Spray+1","Setup+1"],"picked":"SKIP","floor":47},{"not_picked":["Flying Knee","Accuracy","Acrobatics+1","All Out Attack+1","Dagger Throw"],"picked":"SKIP","floor":48},{"not_picked":["MostiFishMod:Confrontation","Poisoned Stab+1","Accuracy","MostiFishMod:PerfectParry+1","Masterful Stab"],"picked":"SKIP","floor":54}],"player_experience":98253,"relics_obtained":[{"floor":1,"key":"SynthV:TestCard"},{"floor":14,"key":"ArrowTower"},{"floor":26,"key":"reliquary:PurpleTingedLeaf"},{"floor":31,"key":"Enchiridion"},{"floor":43,"key":"Meat on the Bone"},{"floor":46,"key":"reliquary:FerryPass"},{"floor":54,"key":"HornCleat"}],"event_choices":[{"damage_healed":0,"gold_gain":0,"player_choice":"Ignored","damage_taken":0,"max_hp_gain":0,"max_hp_loss":0,"event_name":"Liars Game","floor":3,"gold_loss":0},{"damage_healed":0,"gold_gain":0,"player_choice":"Ignored","damage_taken":0,"max_hp_gain":0,"max_hp_loss":0,"event_name":"Golden Idol","floor":5,"gold_loss":0},{"cards_removed":["Defend_G"],"damage_healed":0,"gold_gain":0,"player_choice":"Card Removal","damage_taken":7,"max_hp_gain":0,"max_hp_loss":0,"event_name":"Golden Wing","floor":12,"gold_loss":0},{"damage_healed":0,"gold_gain":99,"player_choice":"Stole From Cult","damage_taken":0,"max_hp_gain":0,"max_hp_loss":0,"event_name":"Nest","floor":21,"gold_loss":0},{"damage_healed":0,"gold_gain":0,"player_choice":"Obtained Book","damage_taken":16,"max_hp_gain":0,"max_hp_loss":0,"event_name":"Cursed Tome","floor":31,"gold_loss":0},{"damage_healed":0,"gold_gain":0,"player_choice":"Max HP","damage_taken":0,"max_hp_gain":0,"max_hp_loss":2,"event_name":"Winding Halls","floor":36,"gold_loss":0},{"damage_healed":0,"gold_gain":0,"player_choice":"Forge","damage_taken":0,"max_hp_gain":0,"max_hp_loss":0,"event_name":"Accursed Blacksmith","floor":39,"gold_loss":0,"cards_upgraded":["Neutralize"]}],"is_beta":false,"boss_relics":[{"not_picked":["Astrolabe","FeatherPendant"],"picked":"ExusiaiGun"},{"not_picked":["Sozu","Black Star"],"picked":"GuanYuAspect"}],"items_purged_floors":[2,28,37,53],"is_endless":false,"potions_floor_spawned":[7,13,16,20,24,33,38,42,45,46,48],"killed_by":"The Heart","ascension_level":0}}