{"host":"7ue15d6wz1o7m0ar","time":1613600379,"event":{"mods":["BaseMod","Hermit","Minty Spire (QoL Compilation)","Replay The Spire","StSLib"],"gold_per_floor":[110,121,7,7,7,22,97,97,116,151,220,249,249,262,262,42,42,145,145,160,160,259,30,48,82,82,107,107,119,119],"floor_reached":29,"language":"ENG","playtime":2114,"items_purged":["Hallucinations"],"score":377,"play_id":"f44c9277-7261-4a71-86e1-78be2d4f8685","local_time":"20210217161939","is_ascension_mode":true,"campfire_choices":[{"data":"ReplayTheSpireMod:Calculation Training","floor":8,"key":"SMITH"},{"floor":13,"key":"REST"},{"floor":17,"key":"REST"},{"data":"Double Energy","floor":26,"key":"SMITH"}],"circlet_count":0,"master_deck":["Strike_B","Strike_B","Strike_B","Strike_B","Defend_B","Defend_B+1","Defend_B","Zap","Dualcast","Hello World","Panic Button","BootSequence","Machine Learning+1","ReplayTheSpireMod:Calculation Training+1","BasicCrystalCard+1","Redo","Ball Lightning","Coolheaded","White Noise","Echo Form","Double Energy+1","Crystallizer","Auto Shields","ReplayTheSpireMod:System Scan","Conserve Battery+1","Rebound"],"relics":["Cracked Core","Mango","Cables","Blood Vial","Gremlin Food","Honey Jar","Ring of Shattering","Replay:Rubber Ducky","Torii","MawBank"],"acts_visited":["Exordium","TheCity"],"potions_floor_usage":[18,25,27,27],"damage_taken":[{"damage":5,"enemies":"Cultist","floor":1,"turns":4},{"damage":16,"enemies":"Small Slimes","floor":2,"turns":3},{"damage":2,"enemies":"Jaw Worm","floor":6,"turns":3},{"damage":6,"enemies":"Looter","floor":9,"turns":3},{"damage":11,"enemies":"Replay:BlueRogue","floor":10,"turns":7},{"damage":27,"enemies":"3 Sentries","floor":12,"turns":6},{"damage":4,"enemies":"Exordium Wildlife","floor":14,"turns":3},{"damage":23,"enemies":"Slime Boss","floor":18,"turns":9},{"damage":13,"enemies":"Shell Parasite","floor":20,"turns":6},{"damage":1,"enemies":"Chosen","floor":24,"turns":4},{"damage":18,"enemies":"Book of Stabbing","floor":25,"turns":5},{"damage":41,"enemies":"Gremlin Leader","floor":27,"turns":6},{"damage":12,"enemies":"Snecko","floor":29,"turns":3}],"seed_played":"3060072141669388908","potions_obtained":[{"floor":1,"key":"FearPotion"},{"floor":2,"key":"Milkshake"},{"floor":14,"key":"SkillPotion"},{"floor":18,"key":"ColorlessPotion"},{"floor":24,"key":"Explosive Potion"}],"is_trial":false,"path_per_floor":["M","M","$","PTL","PTL","M","?","R","M","E","T","E","R","M","?","$","R","B",null,"M","?","?","$","M","E","R","E","T","M"],"character_chosen":"DEFECT","items_purchased":["Machine Learning+1","White Noise","Gremlin Food","Crystallizer","Auto Shields"],"campfire_rested":2,"item_purchase_floors":[3,16,16,23,23],"current_hp_per_floor":[63,47,47,47,47,45,34,34,28,31,31,4,30,28,28,28,54,33,75,64,64,64,64,65,49,49,10,10,0,0],"gold":119,"neow_bonus":"TRANSFORM_CARD","is_daily":false,"chose_seed":false,"campfire_upgraded":2,"win_rate":0.0,"timestamp":1613600379,"path_taken":["M","?","$","PTL","PTL","M","?","R","M","E","T","E","R","M","?","$","R","BOSS","M","?","?","?","M","E","R","E","T","?"],"items_purchased_type":["Card","Card","Relic","Card","Card"],"build_version":"2020-12-22","purchased_purges":1,"victory":false,"max_hp_per_floor":[75,75,75,75,75,75,75,75,75,89,89,89,89,89,89,89,89,89,89,89,89,89,89,89,89,89,89,89,89,89],"card_choices":[{"not_picked":["Hello World","Scrape"],"picked":"Panic Button","floor":1},{"not_picked":["Capacitor","Turbo"],"picked":"BootSequence","floor":2},{"not_picked":["Leap","Lockon"],"picked":"ReplayTheSpireMod:Calculation Training","floor":6},{"not_picked":["Streamline","Redo"],"picked":"BasicCrystalCard","floor":9},{"not_picked":["Go for the Eyes","Double Energy"],"picked":"Redo","floor":10},{"not_picked":["Leap","Biased Cognition"],"picked":"Ball Lightning","floor":12},{"not_picked":["Go for the Eyes","Stack"],"picked":"Coolheaded","floor":14},{"not_picked":["Buffer","Creative AI"],"picked":"Echo Form","floor":18},{"not_picked":["Undo+1","Compile Driver","Leap"],"picked":"Double Energy","floor":20},{"not_picked":["Turbo+1","Rebound+1","Gash"],"picked":"ReplayTheSpireMod:System Scan","floor":24},{"not_picked":["Sweeping Beam","All For One","Panic Button+1"],"picked":"Conserve Battery+1","floor":25},{"not_picked":["Go for the Eyes","Beam Cell","Ball Lightning"],"picked":"Rebound","floor":27}],"player_experience":468638,"relics_obtained":[{"floor":10,"key":"Mango"},{"floor":11,"key":"Cables"},{"floor":12,"key":"Blood Vial"},{"floor":21,"key":"Ring of Shattering"},{"floor":25,"key":"Replay:Rubber Ducky"},{"floor":27,"key":"Torii"},{"floor":28,"key":"MawBank"}],"event_choices":[{"damage_healed":0,"gold_gain":75,"player_choice":"Gather Gold","damage_taken":11,"max_hp_gain":0,"max_hp_loss":0,"event_name":"World of Goop","floor":7,"gold_loss":0},{"damage_healed":0,"gold_gain":0,"player_choice":"Grow","damage_taken":0,"max_hp_gain":0,"max_hp_loss":0,"event_name":"Living Wall","floor":15,"gold_loss":0,"cards_upgraded":["BasicCrystalCard"]},{"damage_healed":0,"gold_gain":99,"player_choice":"Stole From Cult","damage_taken":0,"max_hp_gain":0,"max_hp_loss":0,"event_name":"Nest","floor":22,"gold_loss":0}],"is_beta":false,"boss_relics":[{"not_picked":["Empty Cage","Tiny House"],"picked":"Honey Jar"}],"items_purged_floors":[23],"is_endless":false,"potions_floor_spawned":[1,2,14,18,24],"killed_by":"Snecko","ascension_level":8}}