{"host":"vk2xyavtylxbvrfq","time":1613542824,"event":{"mods":["Bard","BaseMod","Bestiary","Better Altar","Better Match","Better Note","Better Sensory Stone","Better Skull","Better Vampires","Block Reminder","Bossed Relics","Colored Map","Curses Come First","Displayed Cursed Tome","Downfall","Fox Events","Hermit","Ironclad Rager","Marked Mod","Minty Spire (QoL Compilation)","Quick Restart","Rare Cards Sparkle","Relic Sorter","Reliquary","Robot Space Explorer","StSLib","The Hayseed","The Runesmith","TheSurvivalist","Unceasing Turn Reminder"],"gold_per_floor":[116,17,17,17,17,44,44,74,74,105,105,132,152,183,183,286,363,382,23,34,34,133,133,165,165,266,280,357,372,372,372,372,372,372],"floor_reached":33,"language":"ENG","playtime":930,"items_purged":[],"score":438,"play_id":"b1ccb681-db37-4b7b-8c23-3da37d28a9bd","local_time":"20210217012024","is_ascension_mode":true,"campfire_choices":[{"data":"hermit:Snapshot","floor":7,"key":"SMITH"},{"data":"hermit:Headshot","floor":11,"key":"SMITH"},{"floor":15,"key":"REST"},{"floor":23,"key":"REST"},{"data":"hermit:Vantage","floor":25,"key":"SMITH"},{"floor":30,"key":"REST"},{"floor":32,"key":"RECALL"}],"circlet_count":0,"master_deck":["hermit:Strike_Hermit","hermit:Strike_Hermit","hermit:Strike_Hermit","hermit:Strike_Hermit","hermit:Defend_Hermit","hermit:Defend_Hermit","hermit:Defend_Hermit","hermit:Snapshot+1","hermit:Covet","hermit:GhostlyPresence","hermit:Deadeye","hermit:Headshot+1","hermit:TrackingShot+1","hermit:GoldenBullet+1","hermit:GhostlyPresence","hermit:FromBeyond","hermit:Ricochet","hermit:Vantage+1","hermit:Deadeye","hermit:GhostlyPresence","hermit:Brawl","hermit:BigShot+1","hermit:Brawl","hermit:Quickdraw","Pain"],"relics":["hermit:Momento","NeowsBlessing","Boot","reliquary:PurpleTingedLeaf","InkBottle","Meat on the Bone","reliquary:TuningFork","Orichalcum","foxEvents:LuckyCharm","Runesmith:UraniumAnvil","hermit:Spyglass","Prayer Wheel","Whetstone","Toxic Egg 2","WarpedTongs"],"acts_visited":["Exordium","TheCity"],"potions_floor_usage":[10,10,10,10,12,16,24,24,33],"damage_taken":[{"damage":0.0,"enemies":"Small Slimes","floor":1.0,"turns":1.0},{"damage":0.0,"enemies":"Lagavulin","floor":6.0,"turns":1.0},{"damage":0,"enemies":"Gremlin Nob","floor":8,"turns":1},{"damage":20,"enemies":"Lagavulin","floor":10,"turns":3},{"damage":4,"enemies":"3 Sentries","floor":12,"turns":6},{"damage":0,"enemies":"Cultist","floor":13,"turns":3},{"damage":10,"enemies":"Colosseum Slavers","floor":14,"turns":3},{"damage":6,"enemies":"Slime Boss","floor":16,"turns":7},{"damage":5,"enemies":"Spheric Guardian","floor":18,"turns":3},{"damage":27,"enemies":"2 Thieves","floor":20,"turns":5},{"damage":13,"enemies":"Gremlin Leader","floor":24,"turns":6},{"damage":16,"enemies":"Chosen and Byrds","floor":27,"turns":8},{"damage":12,"enemies":"Snecko","floor":29,"turns":5},{"damage":81,"enemies":"Collector","floor":33,"turns":7}],"seed_played":"4704016285867321380","potions_obtained":[{"floor":8,"key":"hexamod:SoulburnPotion"},{"floor":10,"key":"ColorlessPotion"},{"floor":14,"key":"AttackPotion"},{"floor":18,"key":"hexamod:SoulburnPotion"},{"floor":20,"key":"SteroidPotion"},{"floor":29,"key":"Strength Potion"}],"is_trial":false,"path_per_floor":["M","$","?","$","T","E","R","E","T","E","R","E","M","?","R","B",null,"M","$","M","?","?","R","E","R","T","M","T","M","R","?","R","B"],"character_chosen":"HERMIT","items_purchased":["EntropicBrew","hermit:Spyglass","hermit:Vantage","hermit:Deadeye"],"campfire_rested":3,"item_purchase_floors":[2,19,19,19],"current_hp_per_floor":[68,68,68,68,68,68,68,68,68,50,50,47,47,38,60,57,71,67,67,41,41,41,63,52,52,52,38,38,40,62,62,62,0,0],"gold":372,"neow_bonus":"THREE_ENEMY_KILL","is_daily":false,"chose_seed":false,"campfire_upgraded":3,"win_rate":0.0,"timestamp":1613542824,"path_taken":["M","$","?","$","?","E","R","E","T","E","R","E","M","?","R","BOSS","M","$","M","?","?","R","E","R","T","M","?","?","R","?","R","BOSS"],"items_purchased_type":["Potion","Relic","Card","Card"],"build_version":"2020-12-22","purchased_purges":0,"victory":false,"max_hp_per_floor":[75,75,75,75,75,75,75,75,75,75,75,75,75,75,75,75,75,75,75,75,75,75,75,75,75,75,75,75,75,75,75,75,75,75],"card_choices":[{"not_picked":["hermit:Manifest","hermit:HighCaliber"],"picked":"hermit:GhostlyPresence","floor":1.0},{"not_picked":["hermit:Quickdraw","hermit:BigShot"],"picked":"hermit:Deadeye","floor":6},{"not_picked":["hermit:ItchyTrigger","hermit:Determination"],"picked":"hermit:Headshot","floor":8},{"not_picked":["hermit:HoleUp","hermit:Shortfuse"],"picked":"hermit:TrackingShot","floor":10},{"not_picked":["hermit:DeadOrAlive","hermit:Maintenance"],"picked":"hermit:GoldenBullet","floor":12},{"not_picked":["hermit:BodyArmor","hermit:Grudge"],"picked":"hermit:GhostlyPresence","floor":13},{"not_picked":["hermit:Magnum","hermit:Purgatory"],"picked":"hermit:FromBeyond","floor":16},{"not_picked":["hermit:BodyArmor","hermit:LuckOfTheDraw"],"picked":"hermit:Ricochet","floor":18},{"not_picked":["hermit:Showdown","hermit:SprayPray"],"picked":"hermit:GhostlyPresence","floor":20},{"not_picked":["hermit:LowProfile","hermit:Coalescence"],"picked":"hermit:Brawl","floor":24},{"not_picked":["hermit:Brawl+1","hermit:Maintenance"],"picked":"hermit:BigShot+1","floor":27},{"not_picked":["hermit:Showdown","hermit:NoHoldsBarred","hermit:HighCaliber+1"],"picked":"SKIP","floor":27},{"not_picked":["hermit:HoleUp+1","hermit:HighCaliber"],"picked":"hermit:Brawl","floor":29},{"not_picked":["hermit:CursedWeapon","hermit:LowProfile+1"],"picked":"hermit:Quickdraw","floor":29}],"player_experience":1402497,"relics_obtained":[{"floor":5.0,"key":"Boot"},{"floor":6,"key":"reliquary:PurpleTingedLeaf"},{"floor":8,"key":"InkBottle"},{"floor":9,"key":"Meat on the Bone"},{"floor":10,"key":"reliquary:TuningFork"},{"floor":12,"key":"Orichalcum"},{"floor":14,"key":"foxEvents:LuckyCharm"},{"floor":24,"key":"Prayer Wheel"},{"floor":26,"key":"Whetstone"},{"floor":28,"key":"Toxic Egg 2"}],"event_choices":[{"cards_removed":["hermit:Defend_Hermit"],"damage_healed":0.0,"max_hp_gain":0.0,"max_hp_loss":0.0,"gold_gain":0.0,"event_name":"Purifier","player_choice":"Purged","floor":3.0,"gold_loss":0.0,"damage_taken":0.0},{"damage_healed":0,"gold_gain":0,"player_choice":"Ignored","damage_taken":0,"max_hp_gain":0,"max_hp_loss":0,"event_name":"betterNote:BetterNote","floor":21,"gold_loss":0,"cards_obtained":["hermit:Horror"]},{"damage_healed":0,"gold_gain":99,"player_choice":"Stole From Cult","damage_taken":0,"max_hp_gain":0,"max_hp_loss":0,"event_name":"Nest","floor":22,"gold_loss":0},{"damage_healed":0,"gold_gain":0,"player_choice":"Rummage","damage_taken":0,"relics_obtained":["WarpedTongs"],"max_hp_gain":0,"max_hp_loss":0,"event_name":"Accursed Blacksmith","floor":31,"gold_loss":0,"cards_obtained":["Pain"]}],"is_beta":false,"boss_relics":[{"not_picked":["Runic Dome","Coffee Dripper"],"picked":"Runesmith:UraniumAnvil"}],"items_purged_floors":[],"is_endless":false,"potions_floor_spawned":[8,10,14,18,20,29],"killed_by":"Collector","ascension_level":6}}