{"host":"f76wcztdlwlduum6","time":1613537947,"event":{"mods":["BaseMod","BetterRewards","Colored Powertips","Minty Spire (QoL Compilation)","Quick Restart","Rare Cards Sparkle","Relic Stats","StSLib","SuperFastMode","everything is the same but u backflip on backflip"],"gold_per_floor":[114,129,129,144,163,193,193,228,253,285,360,15,62,85,97,182,194,221,245,257,281,163,163,191,241,241,261,261,51,67,77,77,154,154,167,184,233,248,248,248,283,283,331,121,71,98,112,140,140,140,140,140,140,90,117,117],"floor_reached":57,"language":"ENG","playtime":3645,"items_purged":["Strike_G","Defend_G","Strike_G","Strike_G","Strike_G","Defend_G","Defend_G","Strike_G+1","Endless Agony","Infinite Blades","Defend_G","Defend_G","Night Terror+1"],"score":3610,"play_id":"15219a13-f77b-40de-b56f-2c0469956b42","local_time":"20210216225907","is_ascension_mode":true,"campfire_choices":[{"data":"Calculated Gamble","floor":7.0,"key":"SMITH"},{"data":"Night Terror","floor":15.0,"key":"SMITH"},{"data":"Acrobatics","floor":23.0,"key":"SMITH"},{"data":"Concentrate","floor":28.0,"key":"SMITH"},{"data":"Reflex","floor":32.0,"key":"SMITH"},{"data":"Reflex","floor":40.0,"key":"SMITH"},{"floor":42.0,"key":"RECALL"},{"data":"Leg Sweep","floor":49.0,"key":"SMITH"},{"data":"Footwork","floor":53,"key":"SMITH"}],"circlet_count":0,"master_deck":["AscendersBane","Survivor","Neutralize+1","Leg Sweep+1","Venomology+1","Venomology+1","Flash of Steel","Escape Plan","Reflex+1","Calculated Gamble+1","Calculated Gamble+1","Acrobatics+1","Concentrate+1","Tactician+1","Reflex+1","Calculated Gamble+1","Footwork+1","Backflip+1","Tactician+1","Acrobatics+1","Acrobatics+1","Burst+1","Acrobatics+1","Backflip+1","Escape Plan+1","Adrenaline+1","Prepared+1","Prepared+1","Reflex+1","Venomology+1","Prepared+1"],"relics":["Ring of the Snake","Potion Belt","Bag of Preparation","Medical Kit","Tough Bandages","Prayer Wheel","Toy Ornithopter","Tingsha","Ginger","Toxic Egg 2","MawBank","Coffee Dripper","Matryoshka","Blood Vial","Bronze Scales","Philosopher\u0027s Stone","Akabeko","Vajra","Smiling Mask","ClockworkSouvenir","HornCleat","Thread and Needle","Blue Candle"],"acts_visited":["Exordium","TheCity","TheBeyond","TheEnding"],"potions_floor_usage":[55,55,55,55,56,56,56,56,56,56],"damage_taken":[{"damage":0.0,"enemies":"2 Louse","floor":1.0,"turns":2.0},{"damage":0.0,"enemies":"Cultist","floor":2.0,"turns":2.0},{"damage":0.0,"enemies":"Small Slimes","floor":4.0,"turns":2.0},{"damage":0.0,"enemies":"Exordium Thugs","floor":5.0,"turns":2.0},{"damage":0.0,"enemies":"Gremlin Nob","floor":6.0,"turns":3.0},{"damage":0.0,"enemies":"Lagavulin","floor":8.0,"turns":1.0},{"damage":0.0,"enemies":"3 Sentries","floor":10.0,"turns":4.0},{"damage":0.0,"enemies":"Red Slaver","floor":14.0,"turns":1.0},{"damage":0.0,"enemies":"Slime Boss","floor":16.0,"turns":3.0},{"damage":0.0,"enemies":"Chosen","floor":18.0,"turns":1.0},{"damage":0.0,"enemies":"Spheric Guardian","floor":19.0,"turns":1.0},{"damage":0.0,"enemies":"Snake Plant","floor":21.0,"turns":2.0},{"damage":0.0,"enemies":"Gremlin Leader","floor":24.0,"turns":3.0},{"damage":0.0,"enemies":"Centurion and Healer","floor":27.0,"turns":1.0},{"damage":0.0,"enemies":"Sentry and Sphere","floor":30.0,"turns":1.0},{"damage":0.0,"enemies":"Snake Plant","floor":31.0,"turns":1.0},{"damage":0.0,"enemies":"Collector","floor":33.0,"turns":1.0},{"damage":0.0,"enemies":"3 Shapes","floor":35.0,"turns":1.0},{"damage":0.0,"enemies":"Orb Walker","floor":36.0,"turns":1.0},{"damage":0.0,"enemies":"2 Orb Walkers","floor":37.0,"turns":1.0},{"damage":0.0,"enemies":"4 Shapes","floor":38.0,"turns":3.0},{"damage":0.0,"enemies":"Nemesis","floor":41.0,"turns":2.0},{"damage":0.0,"enemies":"Reptomancer","floor":46.0,"turns":1.0},{"damage":0.0,"enemies":"Maw","floor":47.0,"turns":2.0},{"damage":0.0,"enemies":"Nemesis","floor":48.0,"turns":1.0},{"damage":0.0,"enemies":"Time Eater","floor":50.0,"turns":5.0},{"damage":0.0,"enemies":"Donu and Deca","floor":51.0,"turns":1.0},{"damage":0,"enemies":"Shield and Spear","floor":55,"turns":1},{"damage":1,"enemies":"The Heart","floor":56,"turns":4}],"seed_played":"8167227080416548894","potions_obtained":[{"floor":2.0,"key":"BlessingOfTheForge"},{"floor":6.0,"key":"GhostInAJar"},{"floor":14.0,"key":"SmokeBomb"},{"floor":16.0,"key":"Block Potion"},{"floor":19.0,"key":"ColorlessPotion"},{"floor":27.0,"key":"Poison Potion"},{"floor":37.0,"key":"Weak Potion"},{"floor":41.0,"key":"AttackPotion"},{"floor":46.0,"key":"EssenceOfSteel"}],"is_trial":false,"path_per_floor":["M","M","?","M","M","E","R","E","T","E","?","$","T","M","R","B",null,"M","M","?","M","$","R","E","?","T","M","R","$","M","M","R","B",null,"M","M","?","M","?","R","E","R","T","$","$","E","M","E","R","B","B",null,"R","$","E","B",null],"character_chosen":"THE_SILENT","items_purchased":["Bag of Preparation","Leg Sweep","Flash of Steel","Escape Plan","Footwork","TwistedFunnel","Noxious Fumes","Medical Kit","Noxious Fumes","Tough Bandages","Prayer Wheel","Tactician+1","Acrobatics+1","Adrenaline+1","ClockworkSouvenir"],"campfire_rested":0,"item_purchase_floors":[0,0,0,0,0,0,0,0,0,0,0,12,12,22,44],"current_hp_per_floor":[53,63,63,66,66,66,66,66,66,66,55,55,55,60,60,66,66,66,66,66,66,66,66,66,66,66,66,66,66,66,66,66,66,66,66,66,66,66,66,66,66,66,66,66,66,66,66,66,66,66,66,66,66,66,66,66],"gold":117,"neow_bonus":"","is_daily":false,"chose_seed":false,"campfire_upgraded":8,"win_rate":0.0,"timestamp":1613537947,"path_taken":["M","M","?","?","M","E","R","E","T","E","?","$","?","?","R","BOSS","M","?","?","M","$","R","E","?","T","M","R","$","M","M","R","BOSS","M","M","?","M","?","R","E","R","T","?","$","E","M","E","R","BOSS","BOSS","R","$","E","BOSS"],"items_purchased_type":["Relic","Card","Card","Card","Card","Relic","Card","Relic","Card","Relic","Relic","Card","Card","Card","Relic"],"build_version":"2020-12-22","purchased_purges":13,"victory":true,"max_hp_per_floor":[66,66,66,66,66,66,66,66,66,66,66,66,66,66,66,66,66,66,66,66,66,66,66,66,66,66,66,66,66,66,66,66,66,66,66,66,66,66,66,66,66,66,66,66,66,66,66,66,66,66,66,66,66,66,66,66],"relic_stats":{"counters":[115,494],"Blue Candle":[1],"Tingsha":[4413],"Bag of Preparation":[58],"Ginger":[11],"Medical Kit":[4],"MawBank":108,"Smiling Mask":900,"Blood Vial":0,"Tough Bandages":[5292],"Bronze Scales":[227],"Prayer Wheel":15,"obtain_stats":[{"Ice Cream":44,"TwistedFunnel":0,"Calipers":4,"CeramicFish":39,"Vajra":43,"Runic Capacitor":7,"Whetstone":24,"Ginger":3,"Bottled Tornado":12,"Boot":39,"Blood Vial":53,"HornCleat":46,"Sundial":26,"DollysMirror":0,"Strawberry":53,"Philosopher\u0027s Stone":34,"MealTicket":14,"Prayer Wheel":0,"Fusion Hammer":34,"Necronomicon":20,"Kunai":30,"Toxic Egg 2":0,"Happy Flower":39,"Blue Candle":55,"Oddly Smooth Stone":13,"Tingsha":1,"Pen Nib":39,"Letter Opener":28,"War Paint":3,"Question Card":40,"Akabeko":41,"Cables":36,"Du-Vu Doll":25,"OrangePellets":0,"Bottled Flame":6,"Shuriken":46,"Bird Faced Urn":39,"Bronze Scales":43,"Molten Egg 2":0,"StrikeDummy":39,"Symbiotic Virus":0,"Pocketwatch":39,"Meat on the Bone":45,"Lantern":0,"Regal Pillow":6,"Torii":39,"Singing Bowl":43,"StoneCalendar":39,"Bag of Preparation":0,"Juzu Bracelet":0,"Incense Burner":22,"TeardropLocket":0,"Empty Cage":17,"Ancient Tea Set":42,"Smiling Mask":48,"ClockworkSouvenir":0,"Nunchaku":39,"Dream Catcher":10,"Tough Bandages":0,"Shovel":39,"Matryoshka":0,"Mummified Hand":42,"Pantograph":26,"Tiny Chest":2,"Red Mask":19,"Chemical X":0,"Cracked Core":3,"InkBottle":22,"Ring of the Snake":1,"Potion Belt":13,"Lee\u0027s Waffle":0,"Inserter":0,"Thread and Needle":48,"PreservedInsect":23,"The Courier":38,"Omamori":3,"Odd Mushroom":11,"Orichalcum":42,"Medical Kit":39,"MawBank":13,"Mercury Hourglass":0,"Nuclear Battery":34,"Anchor":6,"DataDisk":25,"Ornamental Fan":40,"Bag of Marbles":47,"Coffee Dripper":17,"Membership Card":0,"PureWater":0,"FossilizedHelix":39,"Toy Ornithopter":54,"TungstenRod":0},{"Ice Cream":20,"TwistedFunnel":86,"Calipers":2,"CeramicFish":16,"Vajra":49,"Runic Capacitor":60,"Whetstone":69,"Ginger":88,"Bottled Tornado":4,"Boot":16,"Blood Vial":23,"HornCleat":109,"Sundial":12,"DollysMirror":25,"Strawberry":23,"Philosopher\u0027s Stone":14,"MealTicket":34,"Prayer Wheel":86,"Fusion Hammer":73,"Necronomicon":8,"Kunai":13,"Toxic Egg 2":0,"Happy Flower":16,"Blue Candle":114,"Oddly Smooth Stone":33,"Tingsha":87,"Pen Nib":16,"Letter Opener":41,"War Paint":58,"Question Card":17,"Akabeko":108,"Cables":46,"Du-Vu Doll":12,"OrangePellets":0,"Bottled Flame":30,"Shuriken":21,"Bird Faced Urn":16,"Bronze Scales":19,"Molten Egg 2":0,"StrikeDummy":16,"Symbiotic Virus":57,"Pocketwatch":16,"Meat on the Bone":51,"Lantern":0,"Regal Pillow":91,"Torii":16,"Singing Bowl":77,"StoneCalendar":16,"Bag of Preparation":0,"Juzu Bracelet":0,"Incense Burner":9,"TeardropLocket":0,"Empty Cage":6,"Ancient Tea Set":19,"Smiling Mask":53,"ClockworkSouvenir":25,"Nunchaku":16,"Dream Catcher":61,"Tough Bandages":86,"Shovel":16,"Matryoshka":25,"Mummified Hand":19,"Pantograph":41,"Tiny Chest":26,"Red Mask":8,"Chemical X":57,"Cracked Core":58,"InkBottle":9,"Ring of the Snake":87,"Potion Belt":5,"Lee\u0027s Waffle":25,"Inserter":25,"Thread and Needle":111,"PreservedInsect":10,"The Courier":16,"Omamori":1,"Odd Mushroom":4,"Orichalcum":49,"Medical Kit":16,"MawBank":93,"Mercury Hourglass":25,"Nuclear Battery":45,"Anchor":3,"DataDisk":41,"Ornamental Fan":76,"Bag of Marbles":53,"Coffee Dripper":95,"Membership Card":0,"PureWater":0,"FossilizedHelix":16,"Toy Ornithopter":24,"TungstenRod":25},{"Ice Cream":66,"TwistedFunnel":440,"Calipers":8,"CeramicFish":54,"Vajra":275,"Runic Capacitor":372,"Whetstone":403,"Ginger":444,"Bottled Tornado":17,"Boot":54,"Blood Vial":79,"HornCleat":480,"Sundial":38,"DollysMirror":89,"Strawberry":79,"Philosopher\u0027s Stone":46,"MealTicket":175,"Prayer Wheel":440,"Fusion Hammer":411,"Necronomicon":29,"Kunai":42,"Toxic Egg 2":0,"Happy Flower":54,"Blue Candle":490,"Oddly Smooth Stone":168,"Tingsha":442,"Pen Nib":54,"Letter Opener":232,"War Paint":368,"Question Card":59,"Akabeko":479,"Cables":260,"Du-Vu Doll":38,"OrangePellets":0,"Bottled Flame":144,"Shuriken":72,"Bird Faced Urn":54,"Bronze Scales":65,"Molten Egg 2":0,"StrikeDummy":54,"Symbiotic Virus":364,"Pocketwatch":54,"Meat on the Bone":292,"Lantern":0,"Regal Pillow":451,"Torii":54,"Singing Bowl":416,"StoneCalendar":54,"Bag of Preparation":0,"Juzu Bracelet":0,"Incense Burner":31,"TeardropLocket":0,"Empty Cage":23,"Ancient Tea Set":65,"Smiling Mask":304,"ClockworkSouvenir":89,"Nunchaku":54,"Dream Catcher":378,"Tough Bandages":440,"Shovel":54,"Matryoshka":89,"Mummified Hand":65,"Pantograph":232,"Tiny Chest":93,"Red Mask":29,"Chemical X":364,"Cracked Core":368,"InkBottle":31,"Ring of the Snake":442,"Potion Belt":20,"Lee\u0027s Waffle":89,"Inserter":89,"Thread and Needle":483,"PreservedInsect":33,"The Courier":54,"Omamori":6,"Odd Mushroom":17,"Orichalcum":275,"Medical Kit":54,"MawBank":456,"Mercury Hourglass":89,"Nuclear Battery":255,"Anchor":14,"DataDisk":232,"Ornamental Fan":415,"Bag of Marbles":304,"Coffee Dripper":460,"Membership Card":0,"PureWater":0,"FossilizedHelix":54,"Toy Ornithopter":83,"TungstenRod":89}],"Toy Ornithopter":58,"Ring of the Snake":[58]},"card_choices":[{"not_picked":["Flying Knee","Backflip"],"picked":"Reflex","floor":1.0},{"not_picked":["Endless Agony","Eviscerate","Predator"],"picked":"SKIP","floor":1.0},{"not_picked":["Underhanded Strike","Masterful Stab"],"picked":"Calculated Gamble","floor":2.0},{"not_picked":["Skewer","Riddle With Holes","Bane"],"picked":"SKIP","floor":2.0},{"not_picked":["Deflect","Poisoned Stab"],"picked":"Acrobatics","floor":4.0},{"not_picked":["Outmaneuver","Catalyst"],"picked":"Night Terror","floor":4.0},{"not_picked":["Cloak And Dagger","Flying Knee","Outmaneuver"],"picked":"SKIP","floor":5.0},{"not_picked":["Dagger Spray","Choke","Outmaneuver"],"picked":"SKIP","floor":5.0},{"not_picked":["Skewer","Masterful Stab"],"picked":"Concentrate","floor":6.0},{"not_picked":["Backstab","Accuracy"],"picked":"Footwork","floor":8.0},{"not_picked":["Catalyst+1","Riddle With Holes"],"picked":"Backflip+1","floor":10.0},{"not_picked":["Quick Slash","Accuracy"],"picked":"Acrobatics+1","floor":14.0},{"not_picked":["Slice","Dodge and Roll+1","Blade Dance+1"],"picked":"SKIP","floor":14.0},{"not_picked":["Phantasmal Killer+1","Night Terror+1"],"picked":"Burst+1","floor":16.0},{"not_picked":["Dash","Dagger Throw"],"picked":"Acrobatics+1","floor":18.0},{"not_picked":["Sucker Punch+1","Backstab","Masterful Stab"],"picked":"SKIP","floor":18.0},{"not_picked":["Catalyst+1","Skewer"],"picked":"Backflip+1","floor":19.0},{"not_picked":["Deadly Poison+1","Bane"],"picked":"All Out Attack","floor":19.0},{"not_picked":["Backflip+1","Outmaneuver+1"],"picked":"Escape Plan+1","floor":21.0},{"not_picked":["Accuracy+1","Dagger Spray","Outmaneuver+1"],"picked":"SKIP","floor":21.0},{"not_picked":["Finisher","Sucker Punch","Leg Sweep+1"],"picked":"SKIP","floor":24.0},{"not_picked":["Cloak And Dagger+1","Acrobatics+1"],"picked":"Prepared+1","floor":27.0},{"not_picked":["Riddle With Holes+1","Deadly Poison+1","Backflip+1"],"picked":"SKIP","floor":27.0},{"not_picked":["Die Die Die","Predator","Accuracy+1"],"picked":"SKIP","floor":30.0},{"not_picked":["Poisoned Stab","Dodge and Roll+1","Infinite Blades"],"picked":"SKIP","floor":30.0},{"not_picked":["Acrobatics+1","Outmaneuver+1"],"picked":"Prepared+1","floor":31.0},{"not_picked":["Deadly Poison+1","Sucker Punch","Blade Dance+1"],"picked":"SKIP","floor":31.0},{"not_picked":["Dagger Spray","Dodge and Roll+1","Bane"],"picked":"SKIP","floor":35.0},{"not_picked":["Infinite Blades","Dagger Throw","Deflect+1"],"picked":"SKIP","floor":35.0},{"not_picked":["Cloak And Dagger+1","Slice+1","Eviscerate"],"picked":"SKIP","floor":36.0},{"not_picked":["Dagger Spray+1","Distraction+1","Deflect+1"],"picked":"SKIP","floor":36.0},{"not_picked":["Bane","Corpse Explosion+1","Skewer"],"picked":"SKIP","floor":38.0},{"not_picked":["Blade Dance+1","Bane","Deflect+1"],"picked":"SKIP","floor":38.0},{"not_picked":["Poisoned Stab","Deadly Poison+1","Deflect+1"],"picked":"SKIP","floor":41.0},{"not_picked":["Heel Hook","Well Laid Plans","Catalyst+1"],"picked":"SKIP","floor":46.0},{"not_picked":["Escape Plan+1","Setup+1"],"picked":"Reflex+1","floor":47.0},{"not_picked":["Accuracy+1","Heel Hook+1","Acrobatics+1"],"picked":"SKIP","floor":47.0},{"not_picked":["Crippling Poison+1","Finisher+1"],"picked":"Venomology+1","floor":48.0},{"not_picked":["Poisoned Stab","Acrobatics+1"],"picked":"Prepared+1","floor":55}],"player_experience":341132,"relics_obtained":[{"floor":6.0,"key":"Regal Pillow"},{"floor":8.0,"key":"Whetstone"},{"floor":10.0,"key":"Toxic Egg 2"},{"floor":13.0,"key":"MawBank"},{"floor":24.0,"key":"Matryoshka"},{"floor":26.0,"key":"Blood Vial"},{"floor":26.0,"key":"Bronze Scales"},{"floor":41.0,"key":"Akabeko"},{"floor":43.0,"key":"Vajra"},{"floor":43.0,"key":"Smiling Mask"},{"floor":46.0,"key":"HornCleat"},{"floor":48.0,"key":"Thread and Needle"},{"floor":55,"key":"Blue Candle"}],"event_choices":[{"damage_healed":0.0,"max_hp_gain":0.0,"max_hp_loss":0.0,"gold_gain":0.0,"event_name":"WeMeetAgain","player_choice":"Gave Potion","floor":3.0,"gold_loss":0.0,"damage_taken":0.0,"relics_obtained":["Ginger"]},{"damage_healed":0.0,"max_hp_gain":0.0,"max_hp_loss":0.0,"gold_gain":75.0,"event_name":"World of Goop","player_choice":"Gather Gold","floor":11.0,"gold_loss":0.0,"damage_taken":11.0},{"damage_healed":0.0,"max_hp_gain":0.0,"max_hp_loss":0.0,"gold_gain":0.0,"cards_transformed":["All Out Attack","Footwork"],"event_name":"Drug Dealer","player_choice":"Became Test Subject","floor":20.0,"gold_loss":0.0,"damage_taken":0.0,"cards_obtained":["Infinite Blades","Endless Agony"]},{"damage_healed":0.0,"max_hp_gain":0.0,"max_hp_loss":0.0,"gold_gain":50.0,"event_name":"Nest","player_choice":"Stole From Cult","floor":25.0,"gold_loss":0.0,"damage_taken":0.0},{"damage_healed":0.0,"max_hp_gain":0.0,"max_hp_loss":0.0,"gold_gain":0.0,"event_name":"Mysterious Sphere","player_choice":"Fight","floor":37.0,"gold_loss":0.0,"damage_taken":0.0},{"damage_healed":0.0,"max_hp_gain":0.0,"max_hp_loss":0.0,"gold_gain":0.0,"event_name":"Tomb of Lord Red Mask","player_choice":"Ignored","floor":39.0,"gold_loss":0.0,"damage_taken":0.0}],"is_beta":false,"boss_relics":[{"not_picked":["SlaversCollar","Empty Cage"],"picked":"Coffee Dripper"},{"not_picked":["Pandora\u0027s Box","Tiny House"],"picked":"Philosopher\u0027s Stone"}],"items_purged_floors":[0,0,0,0,0,0,0,12,22,29,44,45,54],"is_endless":false,"potions_floor_spawned":[2,6,8,14,16,18,19,27,30,37,41,46,48],"ascension_level":20}}