{"host":"jzhosqkmc1ht3q4y","time":1613576322,"event":{"mods":["100% Spire Juice","Act Like it!","BaseMod","Better Third Choice","Colored Map","Minty Spire (QoL Compilation)","Rare Cards Sparkle","StSLib","SuperFastMode"],"gold_per_floor":[114,124,136,136,150,150,180,180,180,213,226,226,226,240,240,340,340,357,374,374,389,414,414,448,448,528,62,78,78,93,26,26,127,127,141,189,189,207,36,63,63,89,112,112,132,143,162,173,173,173,173,173,5,5,5],"floor_reached":54,"language":"KOR","playtime":3378,"items_purged":["Moonworks:FullSpeedAlicianrone"],"score":1004,"play_id":"dd71c56d-d5e3-458c-8890-f83452b4e0b1","local_time":"20210218003842","is_ascension_mode":true,"campfire_choices":[{"data":"Moonworks:x16BigRocket","floor":6.0,"key":"SMITH"},{"floor":8.0,"key":"REST"},{"data":"Moonworks:NicePresent","floor":12.0,"key":"SMITH"},{"data":"Moonworks:x16BigRocket+1","floor":15.0,"key":"SMITH"},{"data":"Moonworks:x16BigRocket+2","floor":23,"key":"SMITH"},{"floor":25,"key":"REST"},{"floor":29,"key":"REST"},{"data":"Moonworks:SubspaceTunnel","floor":32,"key":"SMITH"},{"data":"Moonworks:MiracleWalker","floor":41,"key":"SMITH"},{"data":"Moonworks:SubspaceTunnel","floor":44,"key":"SMITH"},{"floor":49,"key":"RECALL"},{"data":"Moonworks:x16BigRocket+3","floor":52,"key":"SMITH"}],"circlet_count":0,"master_deck":["Moonworks:Defend","Moonworks:Defend","Moonworks:Defend","Moonworks:Defend","Moonworks:Ambush","Moonworks:LongDistanceShot","Moonworks:x16BigRocket+4","Moonworks:NicePresent+1","Moonworks:MiracleWalker+1","Moonworks:SakisCookie","Moonworks:Flamethrower","Moonworks:NicePresent","Moonworks:Encore+1","Moonworks:SealedMemories+1","Moonworks:BackdoorTrade+1","Moonworks:SubspaceTunnel+1","Moonworks:BackdoorTrade","Finesse","Moonworks:SubspaceTunnel+1","Mayhem+1"],"relics":["Moonworks:BrokenBomb","Moonworks:Homemark","Tiny Chest","Toy Ornithopter","Frozen Egg 2","Empty Cage","Vajra","HornCleat","Gremlin Horn","SacredBark","Torii","Sundial","Bottled Flame"],"acts_visited":["Exordium","TheCity","TheBeyond","TheEnding"],"potions_floor_usage":[16,16,24,40],"damage_taken":[{"damage":6.0,"enemies":"Jaw Worm","floor":1.0,"turns":4.0},{"damage":1.0,"enemies":"2 Louse","floor":2.0,"turns":2.0},{"damage":6.0,"enemies":"Cultist","floor":3.0,"turns":4.0},{"damage":10.0,"enemies":"Gremlin Gang","floor":5.0,"turns":3.0},{"damage":28.0,"enemies":"3 Sentries","floor":7.0,"turns":9.0},{"damage":20.0,"enemies":"Gremlin Nob","floor":10.0,"turns":4.0},{"damage":0.0,"enemies":"Large Slime","floor":11.0,"turns":4.0},{"damage":2.0,"enemies":"Looter","floor":14.0,"turns":2.0},{"damage":30,"enemies":"The Guardian","floor":16,"turns":12},{"damage":10,"enemies":"Chosen","floor":18,"turns":3},{"damage":0,"enemies":"Spheric Guardian","floor":19,"turns":3},{"damage":19,"enemies":"Cultist and Chosen","floor":21,"turns":4},{"damage":37,"enemies":"Gremlin Leader","floor":24,"turns":6},{"damage":7,"enemies":"Snake Plant","floor":27,"turns":3},{"damage":0,"enemies":"3 Cultists","floor":28,"turns":3},{"damage":0,"enemies":"Cultist and Chosen","floor":30,"turns":4},{"damage":18,"enemies":"Collector","floor":33,"turns":5},{"damage":8,"enemies":"Orb Walker","floor":35,"turns":2},{"damage":18,"enemies":"2 Orb Walkers","floor":36,"turns":2},{"damage":0,"enemies":"3 Darklings","floor":38,"turns":3},{"damage":0,"enemies":"Reptomancer","floor":40,"turns":2},{"damage":8,"enemies":"Giant Head","floor":42,"turns":5},{"damage":0,"enemies":"Spire Growth","floor":45,"turns":2},{"damage":1,"enemies":"Transient","floor":46,"turns":5},{"damage":4,"enemies":"Sphere and 2 Shapes","floor":47,"turns":2},{"damage":0,"enemies":"Maw","floor":48,"turns":3},{"damage":57,"enemies":"Awakened One","floor":50,"turns":5},{"damage":80,"enemies":"Shield and Spear","floor":54,"turns":3}],"seed_played":"-2932519748173961691","potions_obtained":[{"floor":3.0,"key":"Block Potion"},{"floor":13.0,"key":"Regen Potion"},{"floor":13.0,"key":"Weak Potion"},{"floor":13.0,"key":"CultistPotion"},{"floor":16,"key":"SmokeBomb"},{"floor":19,"key":"CultistPotion"},{"floor":21,"key":"Dexterity Potion"},{"floor":27,"key":"Fire Potion"},{"floor":48,"key":"SneckoOil"}],"is_trial":false,"path_per_floor":["M","M","M","?","M","R","E","R","T","E","M","R","?","M","R","B",null,"M","M","?","M","T","R","E","R","T","M","M","R","M","$","R","B",null,"M","?","?","M","$","E","R","E","T","R","M","M","M","M","R","B",null,"R","$","E"],"character_chosen":"THE_STARBREAKER","items_purchased":["Moonworks:SubspaceTunnel","Finesse","Mayhem+1"],"campfire_rested":3,"item_purchase_floors":[31,39,53],"current_hp_per_floor":[54,53,47,52,42,42,14,33,33,20,20,20,20,18,18,15,65,55,55,55,36,36,36,4,23,23,16,16,35,35,35,35,17,65,57,43,43,51,51,56,56,50,50,50,58,59,55,55,55,5,65,65,65,0,0],"gold":5,"neow_bonus":"TRANSFORM_CARD","is_daily":false,"chose_seed":false,"campfire_upgraded":8,"win_rate":0.0,"timestamp":1613576322,"path_taken":["M","M","M","?","M","R","E","R","T","E","M","R","?","M","R","BOSS","M","M","?","?","?","R","E","R","T","M","M","R","M","$","R","BOSS","M","?","?","M","$","E","R","E","T","R","M","M","M","?","R","BOSS","R","$","E"],"items_purchased_type":["Card","Card","Card"],"build_version":"2020-12-22","purchased_purges":1,"victory":false,"max_hp_per_floor":[60,60,60,65,65,65,65,65,65,65,65,65,65,65,65,65,65,65,65,65,65,65,65,65,65,65,65,65,65,65,65,65,65,65,65,65,65,65,65,65,65,65,65,65,65,65,65,65,65,65,65,65,65,65,65],"card_choices":[{"not_picked":["Moonworks:DeployBits","Moonworks:LulusLuckyEgg","Moonworks:SakisCookie"],"picked":"SKIP","floor":1.0},{"not_picked":["Moonworks:BeyondHell","Moonworks:AngelHand"],"picked":"Moonworks:NicePresent","floor":2.0},{"not_picked":["Moonworks:x16BigRocket","Moonworks:LulusLuckyEgg"],"picked":"Moonworks:MiracleWalker","floor":3.0},{"not_picked":["Moonworks:BindingChains","Moonworks:CloudOfSeagulls"],"picked":"Moonworks:SakisCookie","floor":5.0},{"not_picked":["Moonworks:SealedMemories","Moonworks:LulusLuckyEgg"],"picked":"Moonworks:Flamethrower","floor":7.0},{"not_picked":["Moonworks:EvilSpyWorkPreparation","Moonworks:SakisCookie"],"picked":"Moonworks:NicePresent","floor":10.0},{"not_picked":["Moonworks:SakisCookie","Moonworks:IndiscriminateFireSupport","Moonworks:BeyondHell"],"picked":"SKIP","floor":11.0},{"not_picked":["Moonworks:BigMagnum","Moonworks:DeployBits","Moonworks:NicePresent"],"picked":"SKIP","floor":14.0},{"not_picked":["Moonworks:Wanted","Moonworks:ReflectiveShell+1"],"picked":"Moonworks:Encore+1","floor":16},{"not_picked":["Moonworks:ImOnFire","Moonworks:IndiscriminateFireSupport"],"picked":"Moonworks:FullSpeedAlicianrone","floor":18},{"not_picked":["Moonworks:FinalSurgery","Moonworks:CloudOfSeagulls"],"picked":"Moonworks:SealedMemories+1","floor":19},{"not_picked":["Moonworks:SealedMemories","Moonworks:Assault","Moonworks:ImOnFire"],"picked":"SKIP","floor":21},{"not_picked":["Moonworks:BigMagnum","Moonworks:Dash","Moonworks:EvilSpyWorkPreparation"],"picked":"SKIP","floor":24},{"not_picked":["Moonworks:NicePresent+1","Moonworks:JonathanRush+1"],"picked":"Moonworks:BackdoorTrade+1","floor":27},{"not_picked":["Moonworks:SweetBattle","Moonworks:FullSpeedAlicianrone","Moonworks:LulusLuckyEgg"],"picked":"SKIP","floor":28},{"not_picked":["Moonworks:BigMagnum","Moonworks:CloudOfSeagulls","Moonworks:EvilSpyWorkPreparation"],"picked":"SKIP","floor":30},{"not_picked":["Moonworks:FullSpeedAlicianrone","Moonworks:CloudOfSeagulls","Moonworks:Flamethrower"],"picked":"SKIP","floor":35},{"not_picked":["Moonworks:Assault","Moonworks:DeployBits"],"picked":"Moonworks:BackdoorTrade","floor":36},{"not_picked":["Moonworks:Assault","Moonworks:MixPhenomenon+1","Moonworks:SakisCookie"],"picked":"SKIP","floor":38},{"not_picked":["Moonworks:Assault","Moonworks:MixPhenomenon+1","Moonworks:SakisCookie"],"picked":"SKIP","floor":38},{"not_picked":["Moonworks:WeAreWaruda","Moonworks:SealedMemories+1","Moonworks:EvilSpyWorkPreparation"],"picked":"SKIP","floor":40},{"not_picked":["Moonworks:AccelHyper","Moonworks:ExtendedPhotonRifle+1"],"picked":"Moonworks:SubspaceTunnel","floor":42},{"not_picked":["Moonworks:ImOnFire+1","Moonworks:MiracleWalker+1","Moonworks:Dash"],"picked":"SKIP","floor":45},{"not_picked":["Moonworks:BeyondHell+1","Moonworks:JonathanRush","Moonworks:Assault"],"picked":"SKIP","floor":46},{"not_picked":["Moonworks:DeployBits","Moonworks:UnpaidWork+1","Moonworks:ImOnFire"],"picked":"SKIP","floor":47},{"not_picked":["Moonworks:ImOnFire","Moonworks:EvilSpyWorkPreparation","Moonworks:Assault"],"picked":"SKIP","floor":48}],"player_experience":774571,"relics_obtained":[{"floor":7.0,"key":"Tiny Chest"},{"floor":9.0,"key":"Toy Ornithopter"},{"floor":10.0,"key":"Frozen Egg 2"},{"floor":22,"key":"Vajra"},{"floor":24,"key":"HornCleat"},{"floor":26,"key":"Gremlin Horn"},{"floor":36,"key":"Torii"},{"floor":40,"key":"Sundial"},{"floor":42,"key":"Bottled Flame"}],"event_choices":[{"damage_healed":0.0,"max_hp_gain":5.0,"max_hp_loss":0.0,"gold_gain":0.0,"event_name":"Big Fish","player_choice":"Donut","floor":4.0,"gold_loss":0.0,"damage_taken":0.0},{"damage_healed":0.0,"max_hp_gain":0.0,"max_hp_loss":0.0,"gold_gain":0.0,"event_name":"Lab","player_choice":"Got Potions","floor":13.0,"gold_loss":0.0,"damage_taken":0.0},{"cards_removed":["Moonworks:Strike"],"damage_healed":0,"gold_gain":0,"player_choice":"Purged","damage_taken":0,"max_hp_gain":0,"max_hp_loss":0,"event_name":"Purifier","floor":20,"gold_loss":0},{"damage_healed":0,"gold_gain":0,"player_choice":"Fight","damage_taken":0,"max_hp_gain":0,"max_hp_loss":0,"event_name":"Mysterious Sphere","floor":36,"gold_loss":0},{"damage_healed":0,"gold_gain":0,"player_choice":"Bought 0 Potions","damage_taken":0,"max_hp_gain":0,"max_hp_loss":0,"event_name":"The Woman in Blue","floor":37,"gold_loss":0}],"is_beta":false,"boss_relics":[{"not_picked":["Astrolabe","Moonworks:SBBomb"],"picked":"Empty Cage"},{"not_picked":["Philosopher\u0027s Stone","Sozu"],"picked":"SacredBark"}],"items_purged_floors":[39],"is_endless":false,"potions_floor_spawned":[3,14,16,19,21,27,33,36,38,48],"killed_by":"Shield and Spear","ascension_level":1}}