{"host":"1ooxfz79hmpvpehx","time":1613600764,"event":{"mods":["BaseMod","Better Altar","Better Match","Better Note","Better Sensory Stone","Better Skull","Better Third Choice","Infinite Spire","Marked Mod","Minty Spire (QoL Compilation)","Quick Restart","RNG Fix","Replay The Spire","StSLib","SuperFastMode"],"gold_per_floor":[363,363,379,52,68,97,97,97,97],"floor_reached":8,"language":"ENG","playtime":359,"items_purged":["Strike_G"],"score":59,"play_id":"66e0507c-9c62-4537-be19-873bbc596b67","local_time":"20210217192604","is_ascension_mode":true,"campfire_choices":[{"floor":7,"key":"REST"}],"circlet_count":0,"master_deck":["Strike_G","Strike_G","Strike_G","Strike_G","Defend_G","Defend_G","Defend_G","Defend_G","Defend_G","Survivor","Neutralize","Hidden Blade","Crow Ritual","Terror","Backstab","Pot Of Greed","Pot Of Greed"],"relics":["Ring of the Snake","Grinning Jar"],"acts_visited":["Exordium"],"potions_floor_usage":[],"damage_taken":[{"damage":2,"enemies":"Jaw Worm","floor":1,"turns":5},{"damage":0,"enemies":"Cultist","floor":3,"turns":4},{"damage":0,"enemies":"Small Slimes","floor":5,"turns":4},{"damage":54,"enemies":"Lagavulin","floor":6,"turns":12},{"damage":31,"enemies":"3 Sentries","floor":8,"turns":3}],"seed_played":"-8596976995410376529","potions_obtained":[],"is_trial":false,"path_per_floor":["M","?","M","$","M","E","R","E"],"character_chosen":"THE_SILENT","items_purchased":["Crow Ritual","Terror"],"campfire_rested":1,"item_purchase_floors":[4,4],"current_hp_per_floor":[68,61,61,61,61,7,28,0,0],"gold":97,"neow_bonus":"TWO_FIFTY_GOLD","is_daily":false,"chose_seed":false,"campfire_upgraded":0,"win_rate":0.0,"timestamp":1613600764,"path_taken":["M","?","?","$","M","E","R","E"],"items_purchased_type":["Card","Card"],"build_version":"2020-12-22","purchased_purges":1,"victory":false,"max_hp_per_floor":[70,70,70,70,70,70,70,70,70],"card_choices":[{"not_picked":["ReplayTheSpireMod:Shiv Toss","Dagger Spray","Slice"],"picked":"SKIP","floor":1},{"not_picked":["ReplayTheSpireMod:Exploit Weakness","ReplayTheSpireMod:Tripwire"],"picked":"Hidden Blade","floor":3},{"not_picked":["Poisoned Stab","ReplayTheSpireMod:Shiv Toss","Bane"],"picked":"SKIP","floor":5},{"not_picked":["Slice","PiercingWail"],"picked":"Backstab","floor":6}],"player_experience":23102,"relics_obtained":[{"floor":6,"key":"Grinning Jar"}],"event_choices":[{"cards_removed":["Regret"],"damage_healed":0,"gold_gain":0,"player_choice":"Card Removal","damage_taken":7,"max_hp_gain":0,"max_hp_loss":0,"event_name":"Golden Wing","floor":2,"gold_loss":0}],"is_beta":false,"boss_relics":[],"items_purged_floors":[4],"is_endless":false,"potions_floor_spawned":[],"killed_by":"3 Sentries","ascension_level":1}}