{"host":"znvnxllcillb3rtw","time":1613527247,"event":{"mods":["BaseMod","DeckTracker","Minty Spire (QoL Compilation)","Relic Stats","StSLib","SuperFastMode","everything is the same but u backflip on backflip"],"gold_per_floor":[369,385,97,97,107,138,157,46,93,93,104,118,268,299,299,378,378,390,390,17,29,41,41,41,41,68,99,116,116,58,73,73,148,148,166,166,166,41,52,52,80,105,129,141,152,152,152,152,152],"floor_reached":48,"language":"KOR","playtime":2117,"items_purged":["Defend_B","Strike_B","Doubt"],"score":1030,"play_id":"158a3690-c442-4561-83c9-cbcd49a2cd6c","local_time":"20210217110047","is_ascension_mode":true,"campfire_choices":[{"data":"Turbo","floor":10.0,"key":"SMITH"},{"data":"Aggregate","floor":15.0,"key":"SMITH"},{"data":"Sunder","floor":23.0,"key":"SMITH"},{"floor":25.0,"key":"REST"},{"floor":29.0,"key":"RECALL"},{"floor":32.0,"key":"REST"},{"data":"Seek","floor":40.0,"key":"SMITH"}],"circlet_count":0,"master_deck":["AscendersBane","Strike_B","Strike_B","Strike_B","Defend_B","Defend_B","Defend_B","Zap","Dualcast","Sunder+1","Streamline","Reprogram+1","FTL","Flash of Steel","Sweeping Beam","Aggregate+1","Echo Form+1","Turbo+1","Leap","Conserve Battery","Rip and Tear","Meteor Strike","Hologram+1","Beam Cell+1","Melter","BootSequence","Leap","Stack","Seek+1","Master of Strategy","Panacea","Swift Strike","Reinforced Body","Skim","Hello World","Hologram+1","Conserve Battery+1","Madness","Madness"],"relics":["Cracked Core","Meat on the Bone","Toy Ornithopter","MealTicket","Runic Pyramid","White Beast Statue","Ancient Tea Set","Regal Pillow","SacredBark","Unceasing Top"],"acts_visited":["Exordium","TheCity","TheBeyond"],"potions_floor_usage":[48],"damage_taken":[{"damage":6.0,"enemies":"2 Louse","floor":1.0,"turns":3.0},{"damage":0.0,"enemies":"Cultist","floor":2.0,"turns":2.0},{"damage":0.0,"enemies":"Small Slimes","floor":5.0,"turns":2.0},{"damage":22.0,"enemies":"Lagavulin","floor":6.0,"turns":7.0},{"damage":5.0,"enemies":"Looter","floor":7.0,"turns":3.0},{"damage":0.0,"enemies":"Red Slaver","floor":11.0,"turns":2.0},{"damage":8.0,"enemies":"3 Louse","floor":12.0,"turns":3.0},{"damage":15.0,"enemies":"3 Sentries","floor":14.0,"turns":4.0},{"damage":30.0,"enemies":"The Guardian","floor":16.0,"turns":10.0},{"damage":0.0,"enemies":"Chosen","floor":18.0,"turns":4.0},{"damage":43.0,"enemies":"3 Byrds","floor":21.0,"turns":7.0},{"damage":1.0,"enemies":"3 Cultists","floor":22.0,"turns":3.0},{"damage":18.0,"enemies":"Gremlin Leader","floor":27.0,"turns":5.0},{"damage":7.0,"enemies":"Chosen and Byrds","floor":28.0,"turns":5.0},{"damage":16.0,"enemies":"Cultist and Chosen","floor":31.0,"turns":6.0},{"damage":8.0,"enemies":"Automaton","floor":33.0,"turns":11.0},{"damage":10.0,"enemies":"Orb Walker","floor":35.0,"turns":3.0},{"damage":0.0,"enemies":"3 Shapes","floor":39.0,"turns":5.0},{"damage":3.0,"enemies":"Giant Head","floor":41.0,"turns":7.0},{"damage":0.0,"enemies":"Mind Bloom Boss Battle","floor":42.0,"turns":6.0},{"damage":0.0,"enemies":"Maw","floor":44.0,"turns":8.0},{"damage":19.0,"enemies":"3 Darklings","floor":45.0,"turns":7.0},{"damage":73,"enemies":"Reptomancer","floor":48,"turns":3}],"seed_played":"-1995341561009336921","potions_obtained":[{"floor":1.0,"key":"Explosive Potion"},{"floor":6.0,"key":"SkillPotion"},{"floor":14.0,"key":"FearPotion"},{"floor":21.0,"key":"ColorlessPotion"},{"floor":22.0,"key":"EssenceOfDarkness"},{"floor":27.0,"key":"GamblersBrew"},{"floor":28.0,"key":"Fire Potion"},{"floor":31.0,"key":"Ancient Potion"},{"floor":33.0,"key":"BlessingOfTheForge"},{"floor":41.0,"key":"Regen Potion"},{"floor":45.0,"key":"Block Potion"}],"is_trial":false,"path_per_floor":["M","M","$","?","M","E","M","$","T","R","M","M","?","E","R","B",null,"M","?","$","M","M","R","?","R","T","E","M","R","$","M","R","B",null,"M","?","?","$","M","R","E","?","T","M","M","?","$","E"],"character_chosen":"DEFECT","items_purchased":["Reprogram","FTL","Flash of Steel","Turbo","Leap","White Beast Statue","Stack"],"campfire_rested":2,"item_purchase_floors":[3,3,3,8,8,20,30],"current_hp_per_floor":[58,58,58,58,58,36,43,43,43,43,43,35,35,37,37,24,54,54,54,64,33,37,37,37,56,56,43,41,41,56,45,64,56,62,52,52,42,57,57,57,54,54,54,54,64,52,64,0,0],"gold":152,"neow_bonus":"TWO_FIFTY_GOLD","is_daily":false,"chose_seed":false,"campfire_upgraded":4,"win_rate":0.0,"timestamp":1613527247,"path_taken":["M","M","$","?","M","E","?","?","T","R","M","M","?","E","R","BOSS","M","?","$","?","M","R","?","R","T","E","M","R","?","M","R","BOSS","M","?","?","?","M","R","E","?","T","M","?","?","$","E"],"items_purchased_type":["Card","Card","Card","Card","Card","Relic","Card"],"build_version":"2020-12-22","purchased_purges":3,"victory":false,"max_hp_per_floor":[64,64,64,64,64,64,64,64,64,64,64,64,64,64,64,64,64,64,64,64,64,64,64,64,64,64,64,64,64,64,64,64,64,64,64,64,64,64,64,64,64,64,64,64,64,64,64,64,64],"relic_stats":{"Regal Pillow":0,"counters":[23,116],"MealTicket":52,"obtain_stats":[{"Regal Pillow":27,"SacredBark":34,"MealTicket":14,"Cracked Core":0,"Ancient Tea Set":26,"Toy Ornithopter":9,"White Beast Statue":20,"Unceasing Top":42,"Meat on the Bone":6,"Runic Pyramid":17},{"Regal Pillow":13,"SacredBark":16,"MealTicket":8,"Cracked Core":0,"Ancient Tea Set":12,"Toy Ornithopter":5,"White Beast Statue":10,"Unceasing Top":20,"Meat on the Bone":4,"Runic Pyramid":9},{"Regal Pillow":55,"SacredBark":77,"MealTicket":26,"Cracked Core":0,"Ancient Tea Set":50,"Toy Ornithopter":17,"White Beast Statue":40,"Unceasing Top":98,"Meat on the Bone":14,"Runic Pyramid":36}],"Toy Ornithopter":35,"Unceasing Top":[3],"Meat on the Bone":48},"card_choices":[{"not_picked":["Chaos","Leap"],"picked":"Sunder","floor":1.0},{"not_picked":["Compile Driver","Gash"],"picked":"Streamline","floor":2.0},{"not_picked":["Leap","Storm"],"picked":"Sweeping Beam","floor":5.0},{"not_picked":["Beam Cell","Blizzard"],"picked":"Aggregate","floor":6.0},{"not_picked":["Stack","Ball Lightning"],"picked":"Echo Form","floor":7.0},{"not_picked":["Doom and Gloom","Turbo","Scrape"],"picked":"SKIP","floor":11.0},{"not_picked":["Ball Lightning","Rebound"],"picked":"Conserve Battery","floor":12.0},{"not_picked":["Streamline","Coolheaded"],"picked":"Rip and Tear","floor":14.0},{"not_picked":["Biased Cognition","All For One"],"picked":"Meteor Strike","floor":16.0},{"not_picked":["Aggregate","Ball Lightning"],"picked":"Hologram","floor":18.0},{"not_picked":["Stack","Melter+1"],"picked":"Beam Cell+1","floor":21.0},{"not_picked":["Barrage","Chaos","Melter"],"picked":"SKIP","floor":22.0},{"not_picked":["Barrage","Chaos"],"picked":"Melter","floor":22.0},{"not_picked":["Ball Lightning","Beam Cell"],"picked":"BootSequence","floor":27.0},{"not_picked":["Redo","Ball Lightning+1"],"picked":"Leap","floor":28.0},{"not_picked":["Lockon","Storm","FTL"],"picked":"SKIP","floor":31.0},{"not_picked":["Biased Cognition","Meteor Strike"],"picked":"Seek","floor":33.0},{"not_picked":["Chaos","Capacitor","Melter"],"picked":"SKIP","floor":35.0},{"not_picked":["Dramatic Entrance","The Bomb"],"picked":"Master of Strategy","floor":37.0},{"not_picked":["The Bomb","Chrysalis"],"picked":"Panacea","floor":37.0},{"not_picked":["Forethought","Jack Of All Trades"],"picked":"Swift Strike","floor":37.0},{"not_picked":["Chaos","Rebound"],"picked":"Reinforced Body","floor":39.0},{"not_picked":["Static Discharge","Chaos"],"picked":"Skim","floor":41.0},{"not_picked":["Ball Lightning","Aggregate"],"picked":"Hello World","floor":42.0},{"not_picked":["Coolheaded","Beam Cell"],"picked":"Hologram+1","floor":44.0},{"not_picked":["Hello World","Streamline+1"],"picked":"Conserve Battery+1","floor":45.0}],"player_experience":2907306,"relics_obtained":[{"floor":6.0,"key":"Meat on the Bone"},{"floor":9.0,"key":"Toy Ornithopter"},{"floor":14.0,"key":"MealTicket"},{"floor":26.0,"key":"Ancient Tea Set"},{"floor":27.0,"key":"Regal Pillow"},{"floor":42.0,"key":"Unceasing Top"}],"event_choices":[{"damage_healed":0.0,"max_hp_gain":0.0,"max_hp_loss":0.0,"gold_gain":0.0,"event_name":"Upgrade Shrine","player_choice":"Upgraded","floor":4.0,"gold_loss":0.0,"damage_taken":0.0,"cards_upgraded":["Reprogram"]},{"damage_healed":0.0,"max_hp_gain":0.0,"max_hp_loss":0.0,"gold_gain":150.0,"event_name":"Liars Game","player_choice":"AGREE","floor":13.0,"gold_loss":0.0,"damage_taken":0.0,"cards_obtained":["Doubt"]},{"damage_healed":0.0,"max_hp_gain":0.0,"max_hp_loss":0.0,"gold_gain":0.0,"event_name":"Upgrade Shrine","player_choice":"Upgraded","floor":19.0,"gold_loss":0.0,"damage_taken":0.0,"cards_upgraded":["Hologram"]},{"damage_healed":0.0,"max_hp_gain":0.0,"max_hp_loss":0.0,"gold_gain":0.0,"event_name":"Accursed Blacksmith","player_choice":"Forge","floor":24.0,"gold_loss":0.0,"damage_taken":0.0,"cards_upgraded":["Echo Form"]},{"damage_healed":0.0,"max_hp_gain":0.0,"max_hp_loss":0.0,"gold_gain":0.0,"event_name":"Mysterious Sphere","player_choice":"Ignored","floor":36.0,"gold_loss":0.0,"damage_taken":0.0},{"damage_healed":0.0,"max_hp_gain":0.0,"max_hp_loss":0.0,"gold_gain":0.0,"event_name":"SensoryStone","player_choice":"Memory 3","floor":37.0,"gold_loss":0.0,"damage_taken":10.0},{"damage_healed":0.0,"max_hp_gain":0.0,"max_hp_loss":0.0,"gold_gain":0.0,"event_name":"MindBloom","player_choice":"Fight","floor":42.0,"gold_loss":0.0,"damage_taken":0.0},{"damage_healed":0.0,"max_hp_gain":0.0,"max_hp_loss":0.0,"gold_gain":0.0,"event_name":"Winding Halls","player_choice":"Embrace Madness","floor":46.0,"gold_loss":0.0,"damage_taken":12.0,"cards_obtained":["Madness","Madness"]}],"is_beta":false,"boss_relics":[{"not_picked":["Black Star","Calling Bell"],"picked":"Runic Pyramid"},{"not_picked":["SlaversCollar","Busted Crown"],"picked":"SacredBark"}],"items_purged_floors":[3,20,38],"is_endless":false,"potions_floor_spawned":[1,6,11,14,21,22,27,28,31,33,35,39,41,42,44,45],"killed_by":"Reptomancer","ascension_level":20}}