{"host":"diogo","time":1613580055,"event":{"mods":["BaseMod","Minty Spire (QoL Compilation)","StSLib","SuperFastMode"],"gold_per_floor":[115,131,142,162,162,162,162,192,218,199,199,233,251,251,251,325,325,335,35,45,64,78,78,112,0,0,27,27,62,62,13,13,13,13],"floor_reached":33,"language":"ENG","playtime":1788,"items_purged":["Strike_R"],"score":551,"play_id":"e74d8824-78b0-4b24-887d-e2f32cb073d3","local_time":"20210217174055","is_ascension_mode":true,"campfire_choices":[{"data":"Berserk","floor":6,"key":"SMITH"},{"floor":11,"key":"REST"},{"floor":15,"key":"REST"},{"data":"Flex","floor":23,"key":"SMITH"},{"data":"Flex","floor":28,"key":"SMITH"},{"data":"Shrug It Off","floor":32,"key":"SMITH"}],"circlet_count":0,"master_deck":["AscendersBane","Strike_R","Strike_R","Strike_R","Defend_R","Defend_R","Defend_R+1","Defend_R","Bash","Berserk+1","Sword Boomerang","Shrug It Off+1","Disarm","Shrug It Off","Pummel","Sword Boomerang","Flex+1","Hemokinesis","Feed","Battle Trance+1","Rupture","Clothesline","Flex+1","Shockwave","Feed"],"relics":["Burning Blood","Vajra","Regal Pillow","MealTicket","Coffee Dripper","War Paint","Art of War","PreservedInsect","Lantern","HornCleat"],"acts_visited":["Exordium","TheCity"],"potions_floor_usage":[4,10,16,24,27,27,33],"damage_taken":[{"damage":15,"enemies":"Jaw Worm","floor":1,"turns":5},{"damage":4,"enemies":"Small Slimes","floor":2,"turns":4},{"damage":5,"enemies":"Cultist","floor":3,"turns":4},{"damage":12,"enemies":"2 Fungi Beasts","floor":4,"turns":3},{"damage":41,"enemies":"Lagavulin","floor":8,"turns":7},{"damage":26,"enemies":"Exordium Thugs","floor":10,"turns":4},{"damage":32,"enemies":"3 Sentries","floor":12,"turns":9},{"damage":14,"enemies":"Looter","floor":13,"turns":3},{"damage":23,"enemies":"Hexaghost","floor":16,"turns":9},{"damage":19,"enemies":"3 Byrds","floor":18,"turns":6},{"damage":11,"enemies":"Shell Parasite","floor":20,"turns":7},{"damage":26,"enemies":"Snake Plant","floor":21,"turns":5},{"damage":5,"enemies":"Snecko","floor":22,"turns":5},{"damage":39,"enemies":"Book of Stabbing","floor":24,"turns":4},{"damage":30,"enemies":"Gremlin Leader","floor":27,"turns":5},{"damage":18,"enemies":"Book of Stabbing","floor":29,"turns":4},{"damage":22,"enemies":"Champ","floor":33,"turns":10}],"seed_played":"-901857443956305347","potions_obtained":[{"floor":1,"key":"AttackPotion"},{"floor":4,"key":"BloodPotion"},{"floor":12,"key":"BlessingOfTheForge"},{"floor":16,"key":"SteroidPotion"},{"floor":18,"key":"SpeedPotion"},{"floor":24,"key":"Regen Potion"},{"floor":29,"key":"LiquidBronze"}],"is_trial":false,"path_per_floor":["M","M","M","M","?","R","?","E","T","M","R","E","M","?","R","B",null,"M","$","M","M","M","R","E","?","T","E","R","E","?","$","R","B"],"character_chosen":"IRONCLAD","items_purchased":["Rupture","War Paint","Dexterity Potion"],"campfire_rested":2,"item_purchase_floors":[19,19,31],"current_hp_per_floor":[59,61,62,56,61,61,61,26,26,22,61,35,27,27,66,49,72,62,77,75,55,56,56,26,26,26,19,19,7,7,22,22,0,0],"gold":13,"neow_bonus":"ONE_RANDOM_RARE_CARD","is_daily":false,"chose_seed":false,"campfire_upgraded":4,"win_rate":0.0,"timestamp":1613580055,"path_taken":["M","M","M","M","?","R","?","E","T","M","R","E","M","?","R","BOSS","M","$","M","?","M","R","E","?","T","E","R","E","?","$","R","BOSS"],"items_purchased_type":["Card","Relic","Potion"],"build_version":"2020-12-18","purchased_purges":1,"victory":false,"max_hp_per_floor":[75,75,75,75,80,80,80,80,80,80,80,80,80,80,80,80,80,83,83,86,86,86,86,89,89,89,92,92,92,92,92,92,92,92],"card_choices":[{"not_picked":["Spot Weakness","Headbutt"],"picked":"Sword Boomerang","floor":1},{"not_picked":["Ghostly Armor","Evolve"],"picked":"Shrug It Off","floor":2},{"not_picked":["Dual Wield","Dropkick"],"picked":"Disarm","floor":3},{"not_picked":["Sword Boomerang","Twin Strike"],"picked":"Shrug It Off","floor":4},{"not_picked":["Power Through","Body Slam"],"picked":"Pummel","floor":8},{"not_picked":["Pommel Strike","Combust"],"picked":"Sword Boomerang","floor":10},{"not_picked":["Barricade","Juggernaut"],"picked":"Flex","floor":12},{"not_picked":["Hemokinesis","Pommel Strike","Fire Breathing"],"picked":"SKIP","floor":13},{"not_picked":["Brutality","Berserk"],"picked":"Feed","floor":16},{"not_picked":["Thunderclap","Second Wind"],"picked":"Battle Trance","floor":18},{"not_picked":["Wild Strike","Iron Wave+1"],"picked":"Clothesline","floor":20},{"not_picked":["Thunderclap","Havoc","Warcry"],"picked":"SKIP","floor":21},{"not_picked":["Pommel Strike","Feel No Pain"],"picked":"Flex","floor":22},{"not_picked":["Dark Embrace","Wild Strike","Headbutt"],"picked":"SKIP","floor":24},{"not_picked":["Combust","Anger"],"picked":"Shockwave","floor":27},{"not_picked":["Clothesline","Dark Embrace+1","Infernal Blade"],"picked":"SKIP","floor":29}],"player_experience":400345,"relics_obtained":[{"floor":8,"key":"Vajra"},{"floor":9,"key":"Regal Pillow"},{"floor":12,"key":"MealTicket"},{"floor":24,"key":"Art of War"},{"floor":26,"key":"PreservedInsect"},{"floor":27,"key":"Lantern"},{"floor":29,"key":"HornCleat"}],"event_choices":[{"damage_healed":0,"gold_gain":0,"player_choice":"Donut","damage_taken":0,"max_hp_gain":5,"max_hp_loss":0,"event_name":"Big Fish","floor":5,"gold_loss":0},{"damage_healed":0,"gold_gain":0,"player_choice":"Ignored","damage_taken":0,"max_hp_gain":0,"max_hp_loss":0,"event_name":"Liars Game","floor":7,"gold_loss":0},{"damage_healed":0,"gold_gain":0,"cards_transformed":["Strike_R"],"player_choice":"Transformed","damage_taken":0,"max_hp_gain":0,"max_hp_loss":0,"event_name":"Transmorgrifier","floor":14,"gold_loss":0,"cards_obtained":["Hemokinesis"]},{"damage_healed":0,"gold_gain":0,"player_choice":"Paid Fearfully","damage_taken":0,"max_hp_gain":0,"max_hp_loss":0,"event_name":"Masked Bandits","floor":25,"gold_loss":112},{"damage_healed":0,"gold_gain":0,"player_choice":"Copied","damage_taken":0,"max_hp_gain":0,"max_hp_loss":0,"event_name":"Duplicator","floor":30,"gold_loss":0,"cards_obtained":["Feed"]}],"is_beta":true,"boss_relics":[{"not_picked":["Mark of Pain","Snecko Eye"],"picked":"Coffee Dripper"}],"items_purged_floors":[19],"is_endless":false,"potions_floor_spawned":[1,4,12,16,18,24,29],"killed_by":"Champ","ascension_level":15}}