{"host":"sav7uxregyirlf69","time":1613544131,"event":{"mods":["AchievementEnabler","BaseMod","Colored Map","DeckTracker","Keyboard Shortcuts","Minty Spire (QoL Compilation)","READ ME - Guardian Mod","StSLib","SuperFastMode"],"gold_per_floor":[117,117,135,145,160,160,172,172,172,184,194,212,242,269,269,269,269],"floor_reached":16,"language":"KOR","playtime":293,"items_purged":[],"score":212,"play_id":"e6a876b9-f2f1-473d-ad56-382d0a9f52a1","local_time":"20210217154211","is_ascension_mode":true,"campfire_choices":[{"data":"Neutralize","floor":6,"key":"SMITH"},{"data":"Crippling Poison","floor":8,"key":"SMITH"},{"data":"Dagger Spray","floor":15,"key":"SMITH"}],"circlet_count":0,"master_deck":["AscendersBane","Strike_G","Strike_G","Strike_G","Strike_G","Defend_G","Defend_G","Defend_G","Defend_G","Survivor","Neutralize+1","Unload","Heel Hook","Dagger Spray+1","Escape Plan","Blur","Crippling Poison+1","Footwork","Well Laid Plans"],"relics":["Ring of the Snake","FaceOfCleric","InkBottle","Singing Bowl"],"acts_visited":["Exordium"],"potions_floor_usage":[12,14],"damage_taken":[{"damage":0,"enemies":"Small Slimes","floor":1,"turns":4},{"damage":1,"enemies":"Cultist","floor":3,"turns":3},{"damage":0,"enemies":"Jaw Worm","floor":4,"turns":4},{"damage":1,"enemies":"3 Louse","floor":5,"turns":4},{"damage":20,"enemies":"Large Slime","floor":7,"turns":8},{"damage":0,"enemies":"2 Fungi Beasts","floor":10,"turns":2},{"damage":6,"enemies":"Looter","floor":11,"turns":3},{"damage":0,"enemies":"Lots of Slimes","floor":12,"turns":2},{"damage":17,"enemies":"3 Sentries","floor":14,"turns":11},{"damage":22,"enemies":"Slime Boss","floor":16,"turns":6}],"seed_played":"1227650159161963599","potions_obtained":[{"floor":4,"key":"Explosive Potion"},{"floor":5,"key":"Poison Potion"},{"floor":7,"key":"DistilledChaos"}],"is_trial":false,"path_per_floor":["M","?","M","M","M","R","M","R","T","M","M","M","?","E","R","B"],"character_chosen":"THE_SILENT","items_purchased":[],"campfire_rested":0,"item_purchase_floors":[],"current_hp_per_floor":[59,59,59,60,60,60,41,41,41,42,37,38,38,22,22,0,0],"gold":269,"neow_bonus":"TRANSFORM_TWO_CARDS","is_daily":false,"chose_seed":false,"campfire_upgraded":3,"win_rate":0.0,"timestamp":1613544131,"path_taken":["M","?","M","M","?","R","M","R","T","M","M","M","?","E","R","BOSS"],"items_purchased_type":[],"build_version":"2020-12-22","purchased_purges":0,"victory":false,"max_hp_per_floor":[60,60,61,62,63,63,64,64,64,65,66,67,67,68,68,68,68],"card_choices":[{"not_picked":["Backflip","Bane"],"picked":"Dagger Spray","floor":1},{"not_picked":["Riddle With Holes","Deadly Poison"],"picked":"Escape Plan","floor":3},{"not_picked":["Slice","Wraith Form v2"],"picked":"Blur","floor":4},{"not_picked":["Dodge and Roll","Calculated Gamble","Backflip"],"picked":"SKIP","floor":5},{"not_picked":["Outmaneuver","Underhanded Strike"],"picked":"Crippling Poison","floor":7},{"not_picked":["Eviscerate","Escape Plan","Prepared"],"picked":"SKIP","floor":10},{"not_picked":["Catalyst","Deflect","Terror"],"picked":"SKIP","floor":11},{"not_picked":["Catalyst","Slice"],"picked":"Footwork","floor":12},{"not_picked":["Underhanded Strike","Dagger Spray"],"picked":"Well Laid Plans","floor":14}],"player_experience":1592998,"relics_obtained":[{"floor":9,"key":"InkBottle"},{"floor":14,"key":"Singing Bowl"}],"event_choices":[{"damage_healed":0,"gold_gain":0,"player_choice":"Trade","damage_taken":0,"relics_obtained":["FaceOfCleric"],"max_hp_gain":0,"max_hp_loss":0,"event_name":"FaceTrader","floor":2,"gold_loss":0},{"damage_healed":0,"gold_gain":30,"player_choice":"Searched \u00271\u0027 times","damage_taken":0,"max_hp_gain":0,"max_hp_loss":0,"event_name":"Dead Adventurer","floor":13,"gold_loss":0}],"is_beta":false,"boss_relics":[],"items_purged_floors":[],"is_endless":false,"potions_floor_spawned":[4,5,7,11],"killed_by":"Slime Boss","ascension_level":20}}