{"host":"d744ndivyohnro60","time":1613588135,"event":{"mods":["BaseMod","Bestiary","Colored Powertips","Minty Spire (QoL Compilation)","Relic Stats"],"gold_per_floor":[118,43,55,55,230,265,265,281,352,377,377,403,414,414,414,512,512,525,540,48,66,78,78,104,117,117,135,135,135,145,159,159,262,262,278,278,153,171,187,187,216,33,59,59,59,69,89,109,109,109],"floor_reached":51,"language":"ENG","playtime":3196,"items_purged":["Strike_B","Doubt","Defend_B"],"score":897,"play_id":"c5ef57e0-646f-4d0c-80e8-61668af8a40b","local_time":"20210217135535","is_ascension_mode":true,"campfire_choices":[{"data":"Dualcast","floor":7.0,"key":"SMITH"},{"data":"Zap","floor":15,"key":"SMITH"},{"data":"Tempest","floor":23,"key":"SMITH"},{"floor":29,"key":"REST"},{"data":"Creative AI","floor":32,"key":"SMITH"},{"data":"Buffer","floor":40,"key":"SMITH"},{"floor":44,"key":"REST"},{"data":"Ball Lightning","floor":49,"key":"SMITH"}],"circlet_count":0,"master_deck":["Strike_B+1","Defend_B+1","Defend_B+1","Zap+1","Dualcast+1","Leap+1","Undo+1","Cold Snap+1","BootSequence+1","Cold Snap+1","Melter+1","Creative AI+1","Stack+1","Tempest+1","Core Surge+1","Sweeping Beam+1","Reprogram+1","Defragment+1","Recycle+1","Buffer+1","Chill+1","Conserve Battery+1","Core Surge+1","All For One+1","Storm+1","Seek+1","Capacitor+1","Electrodynamics+1","Turbo+1","Conserve Battery+1","Barrage+1","Thunder Strike+1","Static Discharge+1","Ball Lightning+1"],"relics":["Velvet Choker","Orichalcum","White Beast Statue","Blood Vial","Ornamental Fan","Torii","Nuclear Battery","Cables","Bottled Tornado","Akabeko","Astrolabe","Vajra","Smiling Mask","Mark of the Bloom"],"acts_visited":["Exordium","TheCity","TheBeyond"],"potions_floor_usage":[12,13,16,16,19,22,22,24,24,30,31,33,33,33,39,41,41,47,48,50,50,50],"damage_taken":[{"damage":7.0,"enemies":"Jaw Worm","floor":1.0,"turns":3.0},{"damage":0.0,"enemies":"Small Slimes","floor":3.0,"turns":4.0},{"damage":10.0,"enemies":"Lagavulin","floor":6.0,"turns":10.0},{"damage":0.0,"enemies":"Cultist","floor":8.0,"turns":5.0},{"damage":26.0,"enemies":"3 Sentries","floor":10.0,"turns":12.0},{"damage":13,"enemies":"Lagavulin","floor":12,"turns":13},{"damage":2,"enemies":"Exordium Wildlife","floor":13,"turns":5},{"damage":15,"enemies":"Slime Boss","floor":16,"turns":12},{"damage":0,"enemies":"Spheric Guardian","floor":18,"turns":4},{"damage":2,"enemies":"Shell Parasite","floor":19,"turns":5},{"damage":2,"enemies":"Snake Plant","floor":21,"turns":4},{"damage":0,"enemies":"Sentry and Sphere","floor":22,"turns":3},{"damage":18,"enemies":"Gremlin Leader","floor":24,"turns":5},{"damage":8,"enemies":"Cultist and Chosen","floor":25,"turns":7},{"damage":9,"enemies":"Snake Plant","floor":27,"turns":4},{"damage":2,"enemies":"Chosen and Byrds","floor":30,"turns":4},{"damage":11,"enemies":"Cultist and Chosen","floor":31,"turns":5},{"damage":20,"enemies":"Collector","floor":33,"turns":13},{"damage":16,"enemies":"3 Darklings","floor":35,"turns":4},{"damage":7,"enemies":"Orb Walker","floor":38,"turns":4},{"damage":4,"enemies":"4 Shapes","floor":39,"turns":2},{"damage":7,"enemies":"Reptomancer","floor":41,"turns":6},{"damage":2,"enemies":"Spire Growth","floor":46,"turns":5},{"damage":11,"enemies":"3 Darklings","floor":47,"turns":3},{"damage":23,"enemies":"Maw","floor":48,"turns":5},{"damage":26,"enemies":"Time Eater","floor":50,"turns":7}],"seed_played":"-5020497067315377828","potions_obtained":[{"floor":6.0,"key":"Dexterity Potion"},{"floor":10.0,"key":"Dexterity Potion"},{"floor":12,"key":"FocusPotion"},{"floor":13,"key":"BlessingOfTheForge"},{"floor":16,"key":"AttackPotion"},{"floor":18,"key":"Weak Potion"},{"floor":19,"key":"Explosive Potion"},{"floor":21,"key":"Strength Potion"},{"floor":22,"key":"Fire Potion"},{"floor":24,"key":"AttackPotion"},{"floor":25,"key":"EssenceOfSteel"},{"floor":27,"key":"Weak Potion"},{"floor":30,"key":"EssenceOfSteel"},{"floor":31,"key":"FearPotion"},{"floor":33,"key":"Strength Potion"},{"floor":35,"key":"LiquidMemories"},{"floor":38,"key":"BlessingOfTheForge"},{"floor":39,"key":"EssenceOfSteel"},{"floor":41,"key":"Energy Potion"},{"floor":46,"key":"Explosive Potion"},{"floor":47,"key":"EssenceOfSteel"},{"floor":48,"key":"DistilledChaos"}],"is_trial":false,"path_per_floor":["M","$","M","$","?","E","R","M","T","E","?","E","M","T","R","B",null,"M","M","$","M","M","R","E","M","T","M","?","R","M","M","R","B",null,"M","?","$","M","M","R","E","$","T","R","?","M","M","M","R","B",null],"character_chosen":"DEFECT","items_purchased":["Cables","Core Surge","Thunder Strike","Static Discharge"],"campfire_rested":2,"item_purchase_floors":[20,20,42,42],"current_hp_per_floor":[61,61,61,61,61,51,51,51,51,25,85,72,72,72,72,59,79,81,81,81,81,83,83,67,61,61,54,54,79,79,70,70,52,77,63,63,63,58,56,56,51,51,51,76,76,74,63,40,40,14],"gold":109,"neow_bonus":"BOSS_RELIC","is_daily":false,"chose_seed":false,"campfire_upgraded":6,"win_rate":0.0,"timestamp":1613588135,"path_taken":["M","$","M","$","?","E","R","M","T","E","?","E","?","?","R","BOSS","M","M","$","M","?","R","E","M","T","M","?","R","M","M","R","BOSS","M","?","$","M","M","R","E","?","T","R","?","?","M","M","R","BOSS"],"items_purchased_type":["Relic","Card","Card","Card"],"build_version":"2020-12-22","purchased_purges":3,"victory":true,"max_hp_per_floor":[75,75,75,75,75,75,75,75,75,75,85,85,85,85,85,85,85,85,85,85,85,85,85,85,85,85,85,85,85,85,85,85,85,85,85,85,85,85,85,85,85,85,85,85,85,85,85,85,85,85],"relic_stats":{"Blood Vial":32,"Mark of the Bloom":8,"Torii":25,"counters":[26,154],"Ornamental Fan":[64],"Astrolabe":["All For One","Storm","Seek"],"Orichalcum":[108],"Smiling Mask":0,"obtain_stats":[{"Mark of the Bloom":45,"Torii":14,"Astrolabe":34,"Velvet Choker":0,"Vajra":41,"Orichalcum":6,"Bottled Tornado":24,"Smiling Mask":43,"White Beast Statue":9,"Akabeko":26,"Nuclear Battery":17,"Cables":20,"Blood Vial":10,"Ornamental Fan":12,"Cracked Core":0},{"Mark of the Bloom":22,"Torii":7,"Astrolabe":18,"Velvet Choker":0,"Vajra":22,"Orichalcum":3,"Bottled Tornado":13,"Smiling Mask":22,"White Beast Statue":4,"Akabeko":14,"Nuclear Battery":8,"Cables":10,"Blood Vial":5,"Ornamental Fan":6,"Cracked Core":0},{"Mark of the Bloom":134,"Torii":52,"Astrolabe":118,"Velvet Choker":0,"Vajra":134,"Orichalcum":17,"Bottled Tornado":85,"Smiling Mask":134,"White Beast Statue":22,"Akabeko":92,"Nuclear Battery":64,"Cables":73,"Blood Vial":34,"Ornamental Fan":47,"Cracked Core":0}],"Cables":[85,31,13,0,41]},"card_choices":[{"not_picked":["Compile Driver","Scrape"],"picked":"Leap","floor":1.0},{"not_picked":["Lockon","Redo"],"picked":"Undo","floor":3.0},{"not_picked":["Fusion","Leap"],"picked":"Cold Snap","floor":6.0},{"not_picked":["Conserve Battery","Redo"],"picked":"BootSequence","floor":8.0},{"not_picked":["Steam","Hologram"],"picked":"Rainbow","floor":10.0},{"not_picked":["Sweeping Beam","Barrage"],"picked":"Cold Snap","floor":12},{"not_picked":["Scrape","Hologram"],"picked":"Melter","floor":13},{"not_picked":["Echo Form","Buffer"],"picked":"Creative AI","floor":16},{"not_picked":["Melter","Steam Power"],"picked":"Stack","floor":18},{"not_picked":["Ball Lightning+1","Streamline"],"picked":"Tempest","floor":19},{"not_picked":["Rebound","Go for the Eyes"],"picked":"Sweeping Beam","floor":21},{"not_picked":["Conserve Battery+1","Gash+1"],"picked":"Reprogram","floor":22},{"not_picked":["Reinforced Body","Melter+1"],"picked":"Defragment+1","floor":24},{"not_picked":["Genetic Algorithm","Conserve Battery"],"picked":"Recycle","floor":25},{"not_picked":["Streamline","Compile Driver"],"picked":"Buffer","floor":27},{"not_picked":["Conserve Battery+1","Sweeping Beam"],"picked":"Chill","floor":30},{"not_picked":["Coolheaded","Machine Learning"],"picked":"Conserve Battery+1","floor":31},{"not_picked":["Biased Cognition","Buffer"],"picked":"Core Surge","floor":33},{"not_picked":["Coolheaded+1","Reprogram+1"],"picked":"Capacitor","floor":35},{"not_picked":["Recycle+1","Conserve Battery+1"],"picked":"Turbo+1","floor":38},{"not_picked":["Undo","Ball Lightning+1"],"picked":"Conserve Battery+1","floor":39},{"not_picked":["Hyperbeam","Conserve Battery"],"picked":"Barrage+1","floor":41},{"not_picked":["Go for the Eyes","Sweeping Beam","Steam+1"],"picked":"SKIP","floor":46},{"not_picked":["Cold Snap","Steam","Rebound+1"],"picked":"SKIP","floor":47},{"not_picked":["Auto Shields","Undo"],"picked":"Ball Lightning","floor":48}],"player_experience":235571,"relics_obtained":[{"floor":6.0,"key":"Orichalcum"},{"floor":9.0,"key":"White Beast Statue"},{"floor":10.0,"key":"Blood Vial"},{"floor":12,"key":"Ornamental Fan"},{"floor":14,"key":"Torii"},{"floor":24,"key":"Bottled Tornado"},{"floor":26,"key":"Akabeko"},{"floor":41,"key":"Vajra"},{"floor":43,"key":"Smiling Mask"}],"event_choices":[{"damage_healed":0.0,"max_hp_gain":0.0,"max_hp_loss":0.0,"gold_gain":175.0,"event_name":"Liars Game","player_choice":"AGREE","floor":5.0,"gold_loss":0.0,"damage_taken":0.0,"cards_obtained":["Doubt"]},{"cards_removed":["Rainbow"],"damage_healed":50.0,"max_hp_gain":10.0,"max_hp_loss":0.0,"gold_gain":0.0,"event_name":"Bonfire Elementals","player_choice":"Offered Rare","floor":11.0,"gold_loss":0.0,"damage_taken":0.0},{"damage_healed":0,"gold_gain":0,"player_choice":"Bought 0 Potions","damage_taken":0,"max_hp_gain":0,"max_hp_loss":0,"event_name":"The Woman in Blue","floor":28,"gold_loss":0},{"damage_healed":0,"gold_gain":0,"player_choice":"1 cards matched","damage_taken":0,"max_hp_gain":0,"max_hp_loss":0,"event_name":"Match and Keep!","floor":36,"gold_loss":0,"cards_obtained":["Electrodynamics"]},{"damage_healed":0,"gold_gain":0,"player_choice":"Upgrade","damage_taken":0,"relics_obtained":["Mark of the Bloom"],"max_hp_gain":0,"max_hp_loss":0,"event_name":"MindBloom","floor":45,"gold_loss":0,"cards_upgraded":["Strike_B","Defend_B","Defend_B","Leap","Undo","Cold Snap","BootSequence","Cold Snap","Melter","Stack","Core Surge","Sweeping Beam","Reprogram","Recycle","Chill","Core Surge","Capacitor","Electrodynamics","Thunder Strike","Static Discharge"]}],"is_beta":false,"boss_relics":[{"not_picked":["Busted Crown","Runic Pyramid"],"picked":"Nuclear Battery"},{"not_picked":["Runic Dome","Pandora\u0027s Box"],"picked":"Astrolabe"}],"items_purged_floors":[2,20,37],"is_endless":false,"potions_floor_spawned":[6,10,12,13,16,18,19,21,22,24,25,27,30,31,33,35,38,39,41,46,47,48],"ascension_level":6}}