{"host":"u2qrfxkm3wve0vp3","time":1613583239,"event":{"mods":["AchievementEnabler","BaseMod","Downfall","Hermit","Marisa£®ÏF”Í°°ƒß¿Ì…≥£©","Minty Spire (QoL Compilation)","Quick Restart","Shop Mod","StSLib","Td1madao Mod","The Cursed","The Marked","The Poker Player","The Senshi","The Servant 0.9.4"],"gold_per_floor":[99,99,99,99,99,199,251,278,278,288,363,380,415,430,448,552,552,552,552,552,552,565,565,611,627,627,662,362,78,93,93,149,290,290,290,348,273,327,172,204,204,204,263,263,313,115,135,145,165,165,165,197,10,10,10,10],"floor_reached":57,"language":"ZHS","playtime":3263,"items_purged":["downfall:Haunted","Slimebound:CorrosiveSpit","Slimebound:Defend_Slimebound","Slimebound:Tackle"],"score":1258,"play_id":"f4b9146d-739d-4d87-ab6d-758530d6709a","local_time":"20210218013359","is_ascension_mode":false,"campfire_choices":[{"data":"Slimebound:Split","floor":1,"key":"SMITH"},{"floor":9,"key":"RECALL"},{"data":"Slimebound:SlimeBarrage","floor":18,"key":"SMITH"},{"data":"Slimebound:Teamwork","floor":23,"key":"SMITH"},{"data":"Slimebound:RallyTheTroops","floor":26,"key":"SMITH"},{"data":"Slimebound:LevelUp","floor":28,"key":"SMITH"},{"data":"Slimebound:LevelUp","floor":35,"key":"SMITH"},{"data":"Slimebound:LeadByExample","floor":42,"key":"SMITH"},{"data":"Slimebound:SelfFormingGoo","floor":44,"key":"SMITH"},{"data":"Slimebound:MinionMaster","floor":54,"key":"SMITH"}],"circlet_count":0,"master_deck":["Slimebound:Defend_Slimebound","Slimebound:Defend_Slimebound","Slimebound:Split+1","Slimebound:SplitMire","Slimebound:RallyTheTroops+1","Slimebound:ForwardTackle","Slimebound:Teamwork+1","Slimebound:LivingWall","Slimebound:SlimeBarrage+1","Slimebound:SplitLeeching","Slimebound:MinionMaster+1","Slimebound:LeadByExample+1","Slimebound:PressTheAttack","Slimebound:SlimeBrawl","Slimebound:LevelUp+1","Slimebound:SelfFormingGoo+1","Slimebound:SplitMire+1","Slimebound:Repurpose+1","Slimebound:LevelUp+1","Slimebound:Teamwork+1","Slimebound:SplitAcid+1","Slimebound:SlimeBarrage+1","Slimebound:Repurpose+1","Slimebound:ProtectTheBoss","Slimebound:SplitLeeching+1","Slimebound:SplitLeeching+1","Slimebound:LevelUp+1","Slimebound:Repurpose+1"],"relics":["Slimebound:AbsorbEndCombat","downfall:HeartsMalice","Vajra","Orichalcum","Cursed Key","Centennial Puzzle","Toxic Egg 2","downfall:HeartBlessingGreen","downfall:HeartBlessingBlue","downfall:HeartBlessingRed","HandDrill","downfall:KnowingSkull","Coffee Dripper","Sundial","Oddly Smooth Stone","Calipers","Anchor","Lantern"],"acts_visited":["Exordium","TheCity","TheBeyond","TheEnding"],"potions_floor_usage":[14,16,16,27,33,37,40,45,47,50,55,56,56,56],"damage_taken":[{"damage":0,"enemies":"Jaw Worm","floor":2,"turns":1},{"damage":0,"enemies":"2 Louse","floor":3,"turns":1},{"damage":0,"enemies":"Small Slimes","floor":4,"turns":1},{"damage":16,"enemies":"3 Sentries","floor":8,"turns":7},{"damage":16,"enemies":"3 Louse","floor":10,"turns":3},{"damage":3,"enemies":"2 Fungi Beasts","floor":12,"turns":2},{"damage":35,"enemies":"Gremlin Nob","floor":13,"turns":4},{"damage":3,"enemies":"Exordium Wildlife","floor":14,"turns":3},{"damage":1,"enemies":"downfall:LooterAlt","floor":15,"turns":3},{"damage":24,"enemies":"DF_ARCHETYPE_STREAMLINE","floor":16,"turns":11},{"damage":1,"enemies":"Chosen","floor":22,"turns":5},{"damage":0,"enemies":"Spheric Guardian","floor":25,"turns":3},{"damage":32,"enemies":"Slavers","floor":27,"turns":5},{"damage":0,"enemies":"downfall:FleeingMerchant","floor":29,"turns":4},{"damage":5,"enemies":"Centurion and Healer","floor":30,"turns":4},{"damage":12,"enemies":"3 Cultists","floor":32,"turns":4},{"damage":36,"enemies":"SI_MIRROR_ARCHETYPE","floor":33,"turns":7},{"damage":16,"enemies":"3 Shapes","floor":36,"turns":3},{"damage":18,"enemies":"downfall:FleeingMerchant","floor":37,"turns":4},{"damage":6,"enemies":"Orb Walker","floor":38,"turns":4},{"damage":3,"enemies":"downfall:FleeingMerchant","floor":39,"turns":1},{"damage":16,"enemies":"Giant Head","floor":40,"turns":7},{"damage":3,"enemies":"Transient","floor":43,"turns":5},{"damage":4,"enemies":"Transient","floor":45,"turns":3},{"damage":1,"enemies":"3 Darklings","floor":47,"turns":4},{"damage":4,"enemies":"Sphere and 2 Shapes","floor":48,"turns":4},{"damage":14,"enemies":"Jaw Worm Horde","floor":49,"turns":3},{"damage":1,"enemies":"IC_BLOCK_ARCHETYPE","floor":50,"turns":6},{"damage":5,"enemies":"downfall:CharBossMerchant","floor":52,"turns":4},{"damage":15,"enemies":"downfall:NeowBoss","floor":55,"turns":12},{"damage":56,"enemies":"downfall:NeowBossFinal","floor":56,"turns":8}],"seed_played":"5668722034538959974","potions_obtained":[{"floor":10,"key":"Block Potion"},{"floor":12,"key":"FearPotion"},{"floor":13,"key":"Explosive Potion"},{"floor":16,"key":"AttackPotion"},{"floor":27,"key":"Strength Potion"},{"floor":30,"key":"PowerPotion"},{"floor":32,"key":"AttackPotion"},{"floor":38,"key":"SteroidPotion"},{"floor":40,"key":"SpeedPotion"},{"floor":45,"key":"Strength Potion"},{"floor":48,"key":"DistilledChaos"},{"floor":49,"key":"Fire Potion"}],"is_trial":false,"path_per_floor":["R","M","M","M","?","?","T","E","R","M","?","M","E","M","M","B",null,"R","?","?","?","M","R","T","M","R","E","R","$","M","?","M","B",null,"R","M","$","M","$","E","T","R","M","R","?","$","M","M","M","B",null,"E","$","R","B","B",null],"character_chosen":"SLIMEBOUND","items_purchased":["HandDrill","Slimebound:SplitMire+1","Slimebound:Repurpose+1","Slimebound:ProtectTheBoss","Sundial","Slimebound:SplitLeeching+1","Slimebound:Repurpose+1","Lantern"],"campfire_rested":0,"item_purchase_floors":[29,29,39,39,39,46,53,53],"current_hp_per_floor":[65,65,65,65,65,65,65,57,57,45,45,48,19,22,21,5,65,65,65,65,65,65,65,65,65,65,39,49,55,54,48,40,12,75,75,61,49,45,42,32,32,32,37,37,41,41,42,42,30,37,75,74,74,74,65,32],"gold":10,"neow_bonus":"THREE_ENEMY_KILL","is_daily":false,"chose_seed":false,"campfire_upgraded":9,"win_rate":0.0,"timestamp":1613583239,"path_taken":["R","M","M","M","?","?","T","E","R","M","?","M","E","M","M","BOSS","R","?","?","?","M","R","T","M","R","E","R","$","?","?","M","BOSS","R","M","?","M","?","E","T","R","M","R","?","$","?","M","M","BOSS","E","$","R","BOSS","BOSS"],"items_purchased_type":["Relic","Card","Card","Card","Relic","Card","Card","Relic"],"build_version":"2020-12-22","purchased_purges":4,"victory":true,"max_hp_per_floor":[65,65,65,65,65,65,65,65,65,65,65,65,65,65,65,65,65,65,65,65,65,65,65,65,65,65,65,75,75,75,75,75,75,75,75,75,75,75,75,75,75,75,75,75,75,75,75,75,75,75,75,75,75,75,75,75],"card_choices":[{"not_picked":["Slimebound:SamplingLick","Slimebound:SlimeSpikes"],"picked":"Slimebound:SplitMire","floor":2},{"not_picked":["Slimebound:SplitMire","Slimebound:RollThrough"],"picked":"Slimebound:RallyTheTroops","floor":3},{"not_picked":["Slimebound:LeechEnergy","Slimebound:RollThrough","Slimebound:BestDefense"],"picked":"SKIP","floor":4},{"not_picked":["Slimebound:SamplingLick","Slimebound:Dissolve"],"picked":"Slimebound:ForwardTackle","floor":8},{"not_picked":["Slimebound:LeechingTouch","Slimebound:RollThrough"],"picked":"Slimebound:Teamwork","floor":10},{"not_picked":["Slimebound:ComboTackle","Slimebound:Gluttony"],"picked":"Slimebound:LivingWall","floor":12},{"not_picked":["Slimebound:DisruptingSlam","Slimebound:HauntingLick"],"picked":"Slimebound:SlimeBarrage","floor":13},{"not_picked":["Slimebound:Dissolve","Slimebound:Schlurp"],"picked":"Slimebound:SplitLeeching","floor":14},{"not_picked":["Slimebound:LeechEnergy","Slimebound:SamplingLick","Slimebound:SplitLeeching"],"picked":"SKIP","floor":15},{"not_picked":["Slimebound:OneTwoCombo","Slimebound:LeechLife"],"picked":"Slimebound:MinionMaster","floor":16},{"not_picked":["Slimebound:TongueLash","Slimebound:LeechingTouch+1","Slimebound:FormOfPuddle"],"picked":"SKIP","floor":22},{"not_picked":["Slimebound:SplitBruiser","Slimebound:ProtectTheBoss+1"],"picked":"Slimebound:SlimeBrawl","floor":25},{"not_picked":["Slimebound:ForwardTackle","Slimebound:FormOfPuddle+1"],"picked":"Slimebound:LevelUp","floor":27},{"not_picked":["Slimebound:ComboTackle","Slimebound:SlimeSpikes+1"],"picked":"Slimebound:SelfFormingGoo","floor":29},{"not_picked":["Slimebound:Equalize+1","Slimebound:SlimeTap+1"],"picked":"Slimebound:Repurpose+1","floor":30},{"not_picked":["Slimebound:Schlurp+1","Slimebound:DisruptingSlam+1"],"picked":"Slimebound:LevelUp","floor":32},{"not_picked":["Slimebound:SelfFormingGoo","Slimebound:SlimeSlap"],"picked":"Slimebound:Teamwork+1","floor":33},{"not_picked":["Slimebound:BestDefense","Slimebound:SamplingLick+1","Slimebound:ComboTackle+1"],"picked":"SKIP","floor":36},{"not_picked":["Slimebound:LeechingTouch+1","Slimebound:GoopTackle"],"picked":"Slimebound:SplitAcid+1","floor":37},{"not_picked":["Slimebound:SlimeBarrage","Slimebound:SamplingLick+1","Slimebound:PressTheAttack+1"],"picked":"SKIP","floor":38},{"not_picked":["Slimebound:FormOfPuddle+1","Slimebound:LeechEnergy"],"picked":"Slimebound:SlimeBarrage+1","floor":39},{"not_picked":["Slimebound:SpikyOuterGoop","Slimebound:LeadByExample","Slimebound:MegaLick+1"],"picked":"SKIP","floor":40},{"not_picked":["Slimebound:ProtectTheBoss","Slimebound:LivingWall+1","Slimebound:ViciousTackle+1"],"picked":"SKIP","floor":43},{"not_picked":["Slimebound:ComboTackle","Slimebound:DouseInSlime+1"],"picked":"Slimebound:SplitLeeching+1","floor":45},{"not_picked":["Slimebound:LivingWall+1","Slimebound:RollThrough+1","Slimebound:DisruptingSlam"],"picked":"SKIP","floor":47},{"not_picked":["Slimebound:FormOfPuddle+1","Slimebound:LeadByExample","Slimebound:PressTheAttack+1"],"picked":"SKIP","floor":48},{"not_picked":["Slimebound:MegaLick+1","Slimebound:SamplingLick+1"],"picked":"Slimebound:LevelUp+1","floor":49},{"not_picked":["Slimebound:GoopTackle","Slimebound:RejuvenatingLick+1","Slimebound:SamplingLick+1"],"picked":"SKIP","floor":52}],"player_experience":341205,"relics_obtained":[{"floor":8,"key":"Vajra"},{"floor":13,"key":"Orichalcum"},{"floor":24,"key":"Centennial Puzzle"},{"floor":27,"key":"Toxic Egg 2"},{"floor":40,"key":"Oddly Smooth Stone"},{"floor":45,"key":"Calipers"},{"floor":52,"key":"Anchor"}],"event_choices":[{"cards_removed":["Slimebound:Strike_Slimebound"],"damage_healed":0,"gold_gain":0,"player_choice":"Forget","damage_taken":0,"max_hp_gain":0,"max_hp_loss":0,"event_name":"Living Wall","floor":5,"gold_loss":0},{"damage_healed":0,"gold_gain":0,"cards_transformed":["Slimebound:Strike_Slimebound","Slimebound:Strike_Slimebound"],"player_choice":"Became Test Subject","damage_taken":0,"max_hp_gain":0,"max_hp_loss":0,"event_name":"Drug Dealer","floor":19,"gold_loss":0,"cards_obtained":["Slimebound:LeadByExample","Slimebound:PressTheAttack"]}],"is_beta":false,"boss_relics":[{"not_picked":["Pandora\u0027s Box","Tiny House"],"picked":"Cursed Key"},{"not_picked":["Black Star","Philosopher\u0027s Stone"],"picked":"Coffee Dripper"}],"items_purged_floors":[29,37,39,46],"is_endless":false,"potions_floor_spawned":[10,12,13,16,27,30,32,38,40,45,48,49],"ascension_level":0}}