{"host":"at5b10nm0iti0w4x","time":1613530169,"event":{"mods":["2.2 Compatiblity","AchievementEnabler","BaseMod","Bestiary","Block Reminder","Colored Map","Colored Powertips","Highlight Path","Keyboard Shortcuts","Minty Spire (QoL Compilation)","Quick Restart","Relic Stats","Slay the Relics Exporter","StSLib","SuperFastMode","Unknown Chances"],"gold_per_floor":[119,138,164,181,181,210,210,36,36,61,80,95,270,270,270,370,370,380,380,380,364,376,376,411,411,411,427,427,439,439,450,450,553,553,572,572,572],"floor_reached":36,"language":"ENG","playtime":1010,"items_purged":[],"score":394,"play_id":"40e48047-63d0-4b8d-bd5f-0d95d1bdcd1b","local_time":"20210216214929","is_ascension_mode":false,"campfire_choices":[{"data":"Blade Dance","floor":7.0,"key":"SMITH"},{"floor":15.0,"key":"REST"},{"floor":23.0,"key":"REST"},{"floor":30.0,"key":"REST"},{"floor":32.0,"key":"REST"}],"circlet_count":0,"master_deck":["Strike_G+1","Strike_G+1","Strike_G+1","Strike_G+1","Strike_G+1","Defend_G+1","Defend_G+1","Defend_G+1","Defend_G+1","Defend_G+1","Survivor","Neutralize","Blade Dance+1","Dagger Spray","Backstab","Well Laid Plans","Doubt","After Image+1","Infinite Blades+1","Terror","Blade Dance+1","Footwork+1","Envenom+1","Infinite Blades+1","Riddle With Holes","Envenom+1"],"relics":["Philosopher\u0027s Stone","Tiny Chest","TungstenRod","Snake Skull","Shuriken","Blue Candle","Frozen Egg 2","Runic Pyramid","Toxic Egg 2","Calipers","Singing Bowl","Black Star"],"acts_visited":["Exordium","TheCity","TheBeyond"],"potions_floor_usage":[36],"damage_taken":[{"damage":0.0,"enemies":"Cultist","floor":1.0,"turns":4.0},{"damage":0.0,"enemies":"Jaw Worm","floor":2.0,"turns":3.0},{"damage":0.0,"enemies":"2 Louse","floor":4.0,"turns":2.0},{"damage":23.0,"enemies":"Gremlin Nob","floor":6.0,"turns":4.0},{"damage":18.0,"enemies":"Lagavulin","floor":10.0,"turns":5.0},{"damage":18.0,"enemies":"Large Slime","floor":11.0,"turns":4.0},{"damage":0.0,"enemies":"Red Slaver","floor":12.0,"turns":2.0},{"damage":21.0,"enemies":"Slime Boss","floor":16.0,"turns":8.0},{"damage":0.0,"enemies":"Shell Parasite","floor":18.0,"turns":5.0},{"damage":17.0,"enemies":"2 Thieves","floor":21.0,"turns":4.0},{"damage":12.0,"enemies":"Centurion and Healer","floor":22.0,"turns":6.0},{"damage":6.0,"enemies":"Gremlin Leader","floor":24.0,"turns":5.0},{"damage":6.0,"enemies":"Snecko","floor":27.0,"turns":5.0},{"damage":6.0,"enemies":"Shelled Parasite and Fungi","floor":29.0,"turns":3.0},{"damage":6.0,"enemies":"3 Cultists","floor":31.0,"turns":4.0},{"damage":13.0,"enemies":"Collector","floor":33.0,"turns":5.0},{"damage":26.0,"enemies":"3 Shapes","floor":35.0,"turns":3.0},{"damage":39,"enemies":"2 Orb Walkers","floor":36,"turns":4}],"seed_played":"7633900678332958696","potions_obtained":[{"floor":4.0,"key":"Poison Potion"},{"floor":11.0,"key":"CunningPotion"},{"floor":12.0,"key":"SteroidPotion"},{"floor":16.0,"key":"Regen Potion"},{"floor":22.0,"key":"GamblersBrew"},{"floor":31.0,"key":"FearPotion"}],"is_trial":false,"path_per_floor":["M","M","T","M","?","E","R","$","T","E","M","M","?","T","R","B",null,"M","?","?","M","M","R","E","?","T","M","T","M","R","M","R","B",null,"M","?"],"character_chosen":"THE_SILENT","items_purchased":["Well Laid Plans","GhostInAJar"],"campfire_rested":4,"item_purchase_floors":[8,8],"current_hp_per_floor":[70,70,70,70,63,40,40,40,40,22,4,4,4,4,25,4,70,70,58,58,41,29,50,44,44,44,38,38,32,53,47,68,55,70,53,14,14],"gold":572,"neow_bonus":"BOSS_RELIC","is_daily":false,"chose_seed":false,"campfire_upgraded":1,"win_rate":0.0,"timestamp":1613530169,"path_taken":["M","M","?","M","?","E","R","$","T","E","M","?","?","?","R","BOSS","M","?","?","M","M","R","E","?","T","M","?","M","R","M","R","BOSS","M","?"],"items_purchased_type":["Card","Potion"],"build_version":"2020-12-22","purchased_purges":0,"victory":false,"max_hp_per_floor":[70,70,70,70,70,70,70,70,70,70,70,70,70,70,70,70,70,70,70,70,70,70,70,70,70,70,70,70,70,70,70,70,70,70,72,72,72],"relic_stats":{"Singing Bowl":2,"counters":[18,76],"Shuriken":[54],"Blue Candle":[10],"Tiny Chest":2,"Snake Skull":[57],"Black Star":0,"obtain_stats":[{"Calipers":26,"Singing Bowl":28,"Blue Candle":10,"Snake Skull":6,"Frozen Egg 2":14,"Shuriken":9,"Philosopher\u0027s Stone":0,"Tiny Chest":3,"Black Star":34,"Toxic Egg 2":24,"TungstenRod":5,"Ring of the Snake":0,"Runic Pyramid":17},{"Calipers":12,"Singing Bowl":13,"Blue Candle":5,"Snake Skull":4,"Frozen Egg 2":7,"Shuriken":4,"Philosopher\u0027s Stone":0,"Tiny Chest":2,"Black Star":16,"Toxic Egg 2":12,"TungstenRod":3,"Ring of the Snake":0,"Runic Pyramid":8},{"Calipers":52,"Singing Bowl":57,"Blue Candle":18,"Snake Skull":13,"Frozen Egg 2":24,"Shuriken":13,"Philosopher\u0027s Stone":0,"Tiny Chest":7,"Black Star":69,"Toxic Egg 2":52,"TungstenRod":9,"Ring of the Snake":0,"Runic Pyramid":32}],"TungstenRod":42},"card_choices":[{"not_picked":["All Out Attack","Cloak And Dagger"],"picked":"Blade Dance","floor":1.0},{"not_picked":["Prepared","Flying Knee"],"picked":"Dagger Spray","floor":2.0},{"not_picked":["Dodge and Roll","Expertise","Escape Plan"],"picked":"SKIP","floor":4.0},{"not_picked":["Dagger Throw","Backflip"],"picked":"Backstab","floor":6.0},{"not_picked":["Sucker Punch","Dash","Unload"],"picked":"SKIP","floor":10.0},{"not_picked":["Riddle With Holes","Masterful Stab","Bane"],"picked":"SKIP","floor":11.0},{"not_picked":["Leg Sweep","Escape Plan","Bane"],"picked":"SKIP","floor":12.0},{"not_picked":["Tools of the Trade+1","Wraith Form v2+1"],"picked":"After Image+1","floor":16.0},{"not_picked":["Masterful Stab","Blur","Dodge and Roll"],"picked":"SKIP","floor":18.0},{"not_picked":["Endless Agony","All Out Attack+1"],"picked":"Terror","floor":21.0},{"not_picked":["Cloak And Dagger","Deadly Poison"],"picked":"Blade Dance+1","floor":22.0},{"not_picked":["Deflect+1","Concentrate+1"],"picked":"Footwork+1","floor":24.0},{"not_picked":["Eviscerate","PiercingWail+1"],"picked":"Envenom+1","floor":27.0},{"not_picked":["Riddle With Holes+1","Backflip+1"],"picked":"Infinite Blades+1","floor":29.0},{"not_picked":["Poisoned Stab","Caltrops+1"],"picked":"Riddle With Holes","floor":31.0},{"not_picked":["Die Die Die","Glass Knife"],"picked":"Envenom+1","floor":33.0},{"not_picked":["Eviscerate","Bane","Flying Knee+1"],"picked":"Singing Bowl","floor":35.0}],"player_experience":108072,"relics_obtained":[{"floor":3.0,"key":"Tiny Chest"},{"floor":6.0,"key":"Snake Skull"},{"floor":9.0,"key":"Shuriken"},{"floor":10.0,"key":"Blue Candle"},{"floor":14.0,"key":"Frozen Egg 2"},{"floor":24.0,"key":"Toxic Egg 2"},{"floor":26.0,"key":"Calipers"},{"floor":28.0,"key":"Singing Bowl"}],"event_choices":[{"damage_healed":0.0,"max_hp_gain":0.0,"max_hp_loss":0.0,"gold_gain":0.0,"event_name":"Scrap Ooze","player_choice":"Success","floor":5.0,"gold_loss":0.0,"damage_taken":7.0,"relics_obtained":["TungstenRod"]},{"damage_healed":0.0,"max_hp_gain":0.0,"max_hp_loss":0.0,"gold_gain":175.0,"event_name":"Liars Game","player_choice":"AGREE","floor":13.0,"gold_loss":0.0,"damage_taken":0.0,"cards_obtained":["Doubt"]},{"damage_healed":0.0,"max_hp_gain":0.0,"max_hp_loss":0.0,"gold_gain":0.0,"event_name":"Cursed Tome","player_choice":"Obtained Book","floor":19.0,"gold_loss":0.0,"damage_taken":16.0},{"damage_healed":0.0,"max_hp_gain":0.0,"max_hp_loss":0.0,"gold_gain":0.0,"event_name":"The Library","player_choice":"Read","floor":20.0,"gold_loss":0.0,"damage_taken":0.0,"cards_obtained":["Infinite Blades"]},{"damage_healed":0.0,"max_hp_gain":0.0,"max_hp_loss":0.0,"gold_gain":0.0,"event_name":"Back to Basics","player_choice":"Simplicity","floor":25.0,"gold_loss":0.0,"damage_taken":0.0,"cards_upgraded":["Strike_G","Strike_G","Strike_G","Strike_G","Strike_G","Defend_G","Defend_G","Defend_G","Defend_G","Defend_G"]},{"damage_healed":0,"gold_gain":0,"player_choice":"Fight","damage_taken":0,"max_hp_gain":0,"max_hp_loss":0,"event_name":"Mysterious Sphere","floor":36,"gold_loss":0}],"is_beta":false,"boss_relics":[{"not_picked":["Snecko Eye","Coffee Dripper"],"picked":"Runic Pyramid"},{"not_picked":["Pandora\u0027s Box","Astrolabe"],"picked":"Black Star"}],"items_purged_floors":[],"is_endless":false,"potions_floor_spawned":[4,11,12,16,22,24,27,31,33],"killed_by":"2 Orb Walkers","ascension_level":0}}