{"host":"pnjthw6sukprvbcr","time":1613601588,"event":{"mods":["AchievementEnabler","BaseMod","Block Reminder","Highlight Path","Minty Spire (QoL Compilation)","Relic Stats"],"gold_per_floor":[114,35,47,59,39,39,71,71,118,132,147,147,191,209,209,209,209],"floor_reached":16,"language":"ENG","playtime":2548,"items_purged":[],"score":118,"play_id":"65313232-822e-4362-8e8d-a7b165f40664","local_time":"20210217173948","is_ascension_mode":true,"campfire_choices":[{"floor":6,"key":"RECALL"},{"floor":8,"key":"REST"},{"floor":15,"key":"REST"}],"circlet_count":0,"master_deck":["Strike_G","Strike_G","Strike_G","Strike_G","Strike_G","Defend_G","Defend_G","Defend_G","Defend_G","Defend_G","Survivor","Neutralize","Acrobatics","Noxious Fumes","Expertise","Blade Dance","Quick Slash","Escape Plan","Injury","Tools of the Trade","Slice"],"relics":["Fusion Hammer","Juzu Bracelet","Nunchaku","Golden Idol","Singing Bowl"],"acts_visited":["Exordium"],"potions_floor_usage":[13],"damage_taken":[{"damage":2,"enemies":"Cultist","floor":1,"turns":5},{"damage":3,"enemies":"2 Louse","floor":3,"turns":3},{"damage":2,"enemies":"Small Slimes","floor":4,"turns":5},{"damage":15,"enemies":"Lagavulin","floor":7,"turns":8},{"damage":3,"enemies":"Exordium Thugs","floor":10,"turns":6},{"damage":3,"enemies":"Red Slaver","floor":11,"turns":3},{"damage":58,"enemies":"Gremlin Nob","floor":13,"turns":7},{"damage":0,"enemies":"Large Slime","floor":14,"turns":4},{"damage":32,"enemies":"The Guardian","floor":16,"turns":2}],"seed_played":"-6504600251714754895","potions_obtained":[{"floor":3,"key":"ColorlessPotion"},{"floor":5,"key":"Block Potion"},{"floor":10,"key":"Strength Potion"},{"floor":13,"key":"BlessingOfTheForge"},{"floor":14,"key":"Dexterity Potion"}],"is_trial":false,"path_per_floor":["M","$","M","M","?","R","E","R","T","M","M","?","E","M","R","B"],"character_chosen":"THE_SILENT","items_purchased":["Noxious Fumes"],"campfire_rested":2,"item_purchase_floors":[2],"current_hp_per_floor":[68,68,65,63,63,63,48,69,69,66,63,63,5,5,26,0,0],"gold":209,"neow_bonus":"BOSS_RELIC","is_daily":false,"chose_seed":false,"campfire_upgraded":0,"win_rate":0.0,"timestamp":1613601588,"path_taken":["M","$","M","?","?","R","E","R","T","M","M","?","E","M","R","BOSS"],"items_purchased_type":["Card"],"build_version":"2020-12-22","purchased_purges":0,"victory":false,"max_hp_per_floor":[70,70,70,70,70,70,70,70,70,70,70,70,70,70,70,70,70],"relic_stats":{"Nunchaku":[5],"Singing Bowl":0,"counters":[9,43],"Golden Idol":13,"Juzu Bracelet":1,"obtain_stats":[{"Nunchaku":9,"Singing Bowl":13,"Golden Idol":12,"Fusion Hammer":0,"Juzu Bracelet":7,"Ring of the Snake":0},{"Nunchaku":4,"Singing Bowl":7,"Golden Idol":6,"Fusion Hammer":0,"Juzu Bracelet":4,"Ring of the Snake":0},{"Nunchaku":21,"Singing Bowl":37,"Golden Idol":30,"Fusion Hammer":0,"Juzu Bracelet":21,"Ring of the Snake":0}]},"card_choices":[{"not_picked":["Bane","Dodge and Roll"],"picked":"Acrobatics","floor":1},{"not_picked":["Concentrate","Footwork"],"picked":"Expertise","floor":3},{"not_picked":["Blur","Terror"],"picked":"Blade Dance","floor":4},{"not_picked":["Masterful Stab","Outmaneuver","Expertise"],"picked":"SKIP","floor":7},{"not_picked":["Deflect","Deadly Poison"],"picked":"Quick Slash","floor":10},{"not_picked":["Endless Agony","Expertise"],"picked":"Escape Plan","floor":11},{"not_picked":["Venomology","Poisoned Stab"],"picked":"Tools of the Trade","floor":13},{"not_picked":["Masterful Stab","Escape Plan"],"picked":"Slice","floor":14}],"player_experience":200683,"relics_obtained":[{"floor":7,"key":"Juzu Bracelet"},{"floor":9,"key":"Nunchaku"},{"floor":13,"key":"Singing Bowl"}],"event_choices":[{"damage_healed":0,"gold_gain":0,"player_choice":"Bought 1 Potion","damage_taken":0,"max_hp_gain":0,"max_hp_loss":0,"event_name":"The Woman in Blue","floor":5,"gold_loss":0},{"damage_healed":0,"gold_gain":0,"player_choice":"Take Wound","damage_taken":0,"relics_obtained":["Golden Idol"],"max_hp_gain":0,"max_hp_loss":0,"event_name":"Golden Idol","floor":12,"gold_loss":0,"cards_obtained":["Injury"]}],"is_beta":false,"boss_relics":[],"items_purged_floors":[],"is_endless":false,"potions_floor_spawned":[3,10,13,14],"killed_by":"The Guardian","ascension_level":1}}