{"host":"tr0r177cvmpvg89h","time":1613565782,"event":{"mods":["BaseMod","Colored Map","DeckTracker","Minty Spire (QoL Compilation)","StSLib","SuperFastMode"],"gold_per_floor":[118,118,118,43,54,54,84,84,84,84,103,103,117,117,117,221,221,240,255,255,1,20,20,20],"floor_reached":23,"language":"KOR","playtime":1143,"items_purged":["Strike_G"],"score":214,"play_id":"05efafef-4d21-4cfc-8028-6f624be62d2a","local_time":"20210217214302","is_ascension_mode":false,"campfire_choices":[{"data":"Bane","floor":6,"key":"SMITH"},{"data":"Quick Slash","floor":8,"key":"SMITH"},{"data":"Neutralize","floor":12,"key":"SMITH"},{"data":"Survivor","floor":15,"key":"SMITH"}],"circlet_count":0,"master_deck":["Strike_G","Strike_G","Defend_G","Defend_G","Defend_G","Defend_G","Defend_G","Survivor+1","Neutralize+1","Bane+1","Quick Slash+1","Corpse Explosion","Distraction+1","Catalyst"],"relics":["Ring of the Snake","NeowsBlessing","Ornamental Fan","Darkstone Periapt","Black Star","Singing Bowl"],"acts_visited":["Exordium","TheCity"],"potions_floor_usage":[16,16,22,23],"damage_taken":[{"damage":0,"enemies":"Cultist","floor":1,"turns":1},{"damage":0,"enemies":"Jaw Worm","floor":5,"turns":1},{"damage":0,"enemies":"Lagavulin","floor":7,"turns":1},{"damage":0,"enemies":"2 Louse","floor":11,"turns":2},{"damage":5,"enemies":"2 Fungi Beasts","floor":13,"turns":3},{"damage":60,"enemies":"The Guardian","floor":16,"turns":18},{"damage":16,"enemies":"2 Thieves","floor":18,"turns":4},{"damage":25,"enemies":"Chosen","floor":19,"turns":6},{"damage":0,"enemies":"Centurion and Healer","floor":22,"turns":3},{"damage":48,"enemies":"Gremlin Leader","floor":23,"turns":7}],"seed_played":"9121612835542080257","potions_obtained":[{"floor":5,"key":"SkillPotion"},{"floor":7,"key":"EssenceOfSteel"},{"floor":18,"key":"PowerPotion"},{"floor":22,"key":"Fruit Juice"}],"is_trial":false,"path_per_floor":["M","?","?","$","M","R","E","R","T","?","M","R","M","?","R","B",null,"M","M","?","$","M","E"],"character_chosen":"THE_SILENT","items_purchased":["Singing Bowl"],"campfire_rested":0,"item_purchase_floors":[21],"current_hp_per_floor":[70,70,70,70,70,70,70,70,70,63,63,63,58,63,63,3,75,59,34,34,34,39,0,0],"gold":20,"neow_bonus":"THREE_ENEMY_KILL","is_daily":false,"chose_seed":false,"campfire_upgraded":4,"win_rate":0.0,"timestamp":1613565782,"path_taken":["M","?","?","$","M","R","E","R","T","?","M","R","M","?","R","BOSS","M","M","?","$","M","E"],"items_purchased_type":["Relic"],"build_version":"2020-12-22","purchased_purges":1,"victory":false,"max_hp_per_floor":[70,70,70,70,70,70,70,70,70,70,70,70,70,75,75,75,75,75,75,75,75,80,80,80],"card_choices":[{"not_picked":["Slice","Dagger Spray"],"picked":"Bane","floor":1},{"not_picked":["Dagger Spray","Sucker Punch","Distraction"],"picked":"SKIP","floor":5},{"not_picked":["Doppelganger","Deflect"],"picked":"Quick Slash","floor":7},{"not_picked":["Reflex","Tactician","Quick Slash"],"picked":"SKIP","floor":11},{"not_picked":["Flechettes","Acrobatics","Dash"],"picked":"SKIP","floor":13},{"not_picked":["Envenom","A Thousand Cuts"],"picked":"Corpse Explosion","floor":16},{"not_picked":["Outmaneuver","Distraction+1","Infinite Blades+1"],"picked":"SKIP","floor":18},{"not_picked":["Acrobatics","Dagger Spray"],"picked":"Distraction+1","floor":19},{"not_picked":["Quick Slash","Dodge and Roll"],"picked":"Catalyst","floor":22}],"player_experience":101594,"relics_obtained":[{"floor":7,"key":"Ornamental Fan"},{"floor":9,"key":"Darkstone Periapt"}],"event_choices":[{"damage_healed":0,"gold_gain":0,"player_choice":"Ignored","damage_taken":0,"max_hp_gain":0,"max_hp_loss":0,"event_name":"Liars Game","floor":2,"gold_loss":0},{"damage_healed":0,"gold_gain":0,"player_choice":"Ignored","damage_taken":0,"max_hp_gain":0,"max_hp_loss":0,"event_name":"Shining Light","floor":3,"gold_loss":0},{"cards_removed":["Strike_G"],"damage_healed":0,"gold_gain":0,"player_choice":"Card Removal","damage_taken":7,"max_hp_gain":0,"max_hp_loss":0,"event_name":"Golden Wing","floor":10,"gold_loss":0},{"damage_healed":0,"gold_gain":0,"player_choice":"Donut","damage_taken":0,"max_hp_gain":5,"max_hp_loss":0,"event_name":"Big Fish","floor":14,"gold_loss":0},{"cards_removed":["Strike_G"],"damage_healed":0,"gold_gain":0,"player_choice":"Elegance","damage_taken":0,"max_hp_gain":0,"max_hp_loss":0,"event_name":"Back to Basics","floor":20,"gold_loss":0}],"is_beta":false,"boss_relics":[{"not_picked":["Empty Cage","Cursed Key"],"picked":"Black Star"}],"items_purged_floors":[4],"is_endless":false,"potions_floor_spawned":[5,7,18,22],"killed_by":"Gremlin Leader","ascension_level":0}}