{"host":"121m0oxswv9tg9hk","time":1613580257,"event":{"mods":["AchievementEnabler","BaseMod","Better Third Choice","Hermit","Hubris","Minty Spire (QoL Compilation)","Replay The Spire","Shade Mod","StSLib","The Cursed","The Hierophant"],"gold_per_floor":[92,85,12,12,32,35,35,64,89,96,21,21,55,75,75,172,172,222,271,271,267,267],"floor_reached":21,"language":"ENG","playtime":1567,"items_purged":["hierophant:Defend_Hierophant"],"score":238,"play_id":"3954e1bc-0512-41f4-b260-d6b6733c447b","local_time":"20210217174417","is_ascension_mode":true,"campfire_choices":[{"floor":7,"key":"REST"},{"data":"hierophant:ChurchCoffers","floor":12,"key":"SMITH"},{"data":"hierophant:Repentance","floor":15,"key":"SMITH"}],"circlet_count":0,"master_deck":["hierophant:Strike_Hierophant","hierophant:Strike_Hierophant","hierophant:Strike_Hierophant+1","hierophant:Strike_Hierophant","hierophant:Punish","hierophant:Defend_Hierophant","hierophant:Defend_Hierophant","hierophant:Defend_Hierophant","hierophant:ChurchCoffers+1","hierophant:Purify","hierophant:ThreeLashes","hierophant:Glossolalia+1","hierophant:Repentance+1","hierophant:Kindle","hierophant:SecretStash","hierophant:Shelter","hierophant:Endure","hierophant:Cornucopia","hierophant:PristineSoul","hierophant:Doubloon","hierophant:Refuge"],"relics":["hierophant:PropheticMaskRelic","Orichalcum","Matryoshka","Pantograph","Juzu Bracelet","Ancient Tea Set","MealTicket","Omamori","hubris:Stopwatch"],"acts_visited":["Exordium","TheCity"],"potions_floor_usage":[8,14,16,19,21],"damage_taken":[{"damage":6,"enemies":"Jaw Worm","floor":1,"turns":2},{"damage":4,"enemies":"Small Slimes","floor":2,"turns":2},{"damage":0,"enemies":"Cultist","floor":5,"turns":3},{"damage":14,"enemies":"Replay:BlueRogue","floor":6,"turns":6},{"damage":18,"enemies":"Lagavulin","floor":8,"turns":6},{"damage":8,"enemies":"3 Sentries","floor":10,"turns":5},{"damage":0,"enemies":"Blue Slaver","floor":13,"turns":1},{"damage":14,"enemies":"Lagavulin","floor":14,"turns":6},{"damage":13,"enemies":"Fading Forest","floor":16,"turns":11},{"damage":20,"enemies":"Chosen","floor":18,"turns":5},{"damage":18,"enemies":"3 Byrds","floor":19,"turns":3},{"damage":27,"enemies":"Cultist and Chosen","floor":21,"turns":7}],"seed_played":"3276834751394086130","potions_obtained":[{"floor":1,"key":"Explosive Potion"},{"floor":6,"key":"ColorlessPotion"},{"floor":8,"key":"ColorlessPotion"},{"floor":13,"key":"LifebloodPotion"},{"floor":14,"key":"AttackPotion"},{"floor":16,"key":"Venom Potion"}],"is_trial":false,"path_per_floor":["M","M","$","?","M","E","R","E","T","E","$","R","M","E","R","B",null,"M","M","?","M"],"character_chosen":"HIEROPHANT","items_purchased":["hierophant:Glossolalia"],"campfire_rested":1,"item_purchase_floors":[3],"current_hp_per_floor":[69,65,65,50,50,36,58,40,40,32,47,47,47,33,33,53,75,55,37,23,0,0],"gold":267,"neow_bonus":"RANDOM_COMMON_RELIC","is_daily":false,"chose_seed":false,"campfire_upgraded":2,"win_rate":0.0,"timestamp":1613580257,"path_taken":["M","M","$","?","M","E","R","E","T","E","$","R","M","E","R","BOSS","M","M","?","M"],"items_purchased_type":["Card"],"build_version":"2020-12-22","purchased_purges":1,"victory":false,"max_hp_per_floor":[75,75,75,75,75,75,75,75,75,75,75,75,75,75,75,75,75,75,75,80,80,80],"card_choices":[{"not_picked":["hierophant:Sermon","hierophant:AuricBeam"],"picked":"hierophant:Purify","floor":1},{"not_picked":["hierophant:Doubloon","hierophant:MorningPrayer"],"picked":"hierophant:ThreeLashes","floor":2},{"not_picked":["hierophant:Racketeering","hierophant:Flagellation"],"picked":"hierophant:Repentance","floor":5},{"not_picked":["hierophant:Glossolalia","hierophant:Martyrdom","hierophant:DisplayOfPower"],"picked":"SKIP","floor":6},{"not_picked":["hierophant:Shelter","hierophant:HolyVerse"],"picked":"hierophant:Kindle","floor":8},{"not_picked":["hierophant:Smite","hierophant:DeathKnell"],"picked":"hierophant:SecretStash","floor":10},{"not_picked":["hierophant:HammerAndAnvil","hierophant:Refuge"],"picked":"hierophant:Shelter","floor":13},{"not_picked":["hierophant:Refuge","hierophant:ThreeLashes"],"picked":"hierophant:Endure","floor":14},{"not_picked":["hierophant:Levitation","hierophant:LocustPlague"],"picked":"hierophant:Cornucopia","floor":16},{"not_picked":["hierophant:HammerAndAnvil+1","hierophant:MorningPrayer"],"picked":"hierophant:PristineSoul","floor":18},{"not_picked":["hierophant:SecretStash+1","hierophant:CoinFling"],"picked":"hierophant:Refuge","floor":19}],"player_experience":2428435,"relics_obtained":[{"floor":6,"key":"Matryoshka"},{"floor":8,"key":"Pantograph"},{"floor":9,"key":"Juzu Bracelet"},{"floor":9,"key":"Ancient Tea Set"},{"floor":10,"key":"MealTicket"},{"floor":14,"key":"Omamori"}],"event_choices":[{"damage_healed":65,"gold_gain":0,"player_choice":"Upgrade","damage_taken":15,"max_hp_gain":0,"max_hp_loss":75,"event_name":"betterThird:BetterShining","floor":4,"gold_loss":0,"cards_upgraded":["hierophant:Strike_Hierophant","hierophant:Glossolalia"]},{"damage_healed":0,"gold_gain":0,"player_choice":"Shed Blood","damage_taken":19,"max_hp_gain":5,"max_hp_loss":0,"event_name":"Forgotten Altar","floor":20,"gold_loss":0}],"is_beta":false,"boss_relics":[{"not_picked":["Pandora\u0027s Box","Kintsugi"],"picked":"hubris:Stopwatch"}],"items_purged_floors":[11],"is_endless":false,"potions_floor_spawned":[1,6,8,13,14,16,18],"killed_by":"Cultist and Chosen","ascension_level":3}}