{"host":"2hea6pl5vmah38iy","time":1613575479,"event":{"mods":["AchievementEnabler","BaseMod","Colored Map","DeckTracker","Keyboard Shortcuts","Minty Spire (QoL Compilation)","Rare Cards Sparkle","StSLib","SuperFastMode","everything is the same but u backflip on backflip"],"gold_per_floor":[114,125,125,50,63,63,63,83,83,108,129,143,143,29,29,119,119,140,65,85,99,114,114,134,134,185,210,210,82,207,241,241,335,335,360,582,582,598,622,622,660,660,684,720,1053,1053,431,441,441,441,441,441,64,89,89],"floor_reached":56,"language":"KOR","playtime":8187,"items_purged":["Strike_G","Bane","Defend_G"],"score":2418,"play_id":"688362ac-a3ab-46fb-934d-3ff10dc518ea","local_time":"20210218002439","is_ascension_mode":true,"campfire_choices":[{"data":"Deadly Poison","floor":6.0,"key":"SMITH"},{"floor":13.0,"key":"REST"},{"data":"Catalyst","floor":15.0,"key":"SMITH"},{"data":"Corpse Explosion","floor":23.0,"key":"SMITH"},{"floor":28.0,"key":"REST"},{"data":"Acrobatics","floor":32.0,"key":"SMITH"},{"data":"Tactician","floor":40.0,"key":"SMITH"},{"data":"Calculated Gamble","floor":42.0,"key":"SMITH"},{"data":"Reflex","floor":46.0,"key":"SMITH"},{"floor":49.0,"key":"RECALL"},{"data":"Prepared","floor":52.0,"key":"SMITH"}],"circlet_count":0,"master_deck":["AscendersBane","Survivor","Neutralize","Footwork","Tactician+1","Deadly Poison+1","Adrenaline","Catalyst+1","Escape Plan","Corpse Explosion+1","Prepared+1","Escape Plan","Calculated Gamble+1","Reflex+1","Acrobatics+1","Night Terror","Acrobatics","Reflex","Well Laid Plans+1","Tools of the Trade","Master of Strategy"],"relics":["Ring of the Snake","Anchor","Empty Cage","Snake Skull","The Specimen","Bottled Lightning","Red Mask","SlaversCollar","InkBottle","Pen Nib","Turnip","TheAbacus","Orichalcum"],"acts_visited":["Exordium","TheCity","TheBeyond","TheEnding"],"potions_floor_usage":[],"damage_taken":[{"damage":1.0,"enemies":"2 Louse","floor":1.0,"turns":3.0},{"damage":2.0,"enemies":"Small Slimes","floor":2.0,"turns":4.0},{"damage":0.0,"enemies":"Jaw Worm","floor":5.0,"turns":5.0},{"damage":3.0,"enemies":"Red Slaver","floor":8.0,"turns":3.0},{"damage":6.0,"enemies":"Blue Slaver","floor":10.0,"turns":3.0},{"damage":23.0,"enemies":"Exordium Thugs","floor":11.0,"turns":4.0},{"damage":0.0,"enemies":"Looter","floor":12.0,"turns":2.0},{"damage":0.0,"enemies":"The Guardian","floor":16.0,"turns":8.0},{"damage":0.0,"enemies":"3 Byrds","floor":18.0,"turns":3.0},{"damage":0.0,"enemies":"2 Thieves","floor":20.0,"turns":3.0},{"damage":0.0,"enemies":"Snake Plant","floor":21.0,"turns":2.0},{"damage":13.0,"enemies":"Snecko","floor":22.0,"turns":4.0},{"damage":19.0,"enemies":"Sentry and Sphere","floor":24.0,"turns":4.0},{"damage":7.0,"enemies":"Cultist and Chosen","floor":27.0,"turns":4.0},{"damage":0.0,"enemies":"Colosseum Slavers","floor":30.0,"turns":2.0},{"damage":9.0,"enemies":"Colosseum Nobs","floor":30.0,"turns":3.0},{"damage":0.0,"enemies":"Masked Bandits","floor":31.0,"turns":2.0},{"damage":18.0,"enemies":"Collector","floor":33.0,"turns":5.0},{"damage":0.0,"enemies":"3 Shapes","floor":35.0,"turns":2.0},{"damage":0.0,"enemies":"3 Darklings","floor":38.0,"turns":2.0},{"damage":11.0,"enemies":"Sphere and 2 Shapes","floor":39.0,"turns":3.0},{"damage":0.0,"enemies":"Reptomancer","floor":41.0,"turns":4.0},{"damage":0.0,"enemies":"Giant Head","floor":44.0,"turns":2.0},{"damage":0.0,"enemies":"Jaw Worm Horde","floor":48.0,"turns":2.0},{"damage":0.0,"enemies":"Donu and Deca","floor":50.0,"turns":2.0},{"damage":0.0,"enemies":"Shield and Spear","floor":54.0,"turns":1.0},{"damage":8,"enemies":"The Heart","floor":55,"turns":4}],"seed_played":"-7231889276471187560","potions_obtained":[{"floor":1.0,"key":"FearPotion"},{"floor":5.0,"key":"LiquidBronze"},{"floor":8.0,"key":"SpeedPotion"},{"floor":16.0,"key":"EssenceOfSteel"},{"floor":20.0,"key":"Weak Potion"},{"floor":21.0,"key":"AttackPotion"},{"floor":22.0,"key":"Swift Potion"},{"floor":30.0,"key":"DistilledChaos"},{"floor":33.0,"key":"SmokeBomb"},{"floor":39.0,"key":"EssenceOfSteel"},{"floor":41.0,"key":"EntropicBrew"}],"is_trial":false,"path_per_floor":["M","M","?","?","M","R","?","M","T","M","M","M","R","$","R","B",null,"M","?","M","M","M","R","M","$","T","M","R","$","?","?","R","B",null,"M","?","?","M","M","R","E","R","T","E","?","R","$","M","R","B",null,"R","$","E","B",null],"character_chosen":"THE_SILENT","items_purchased":["Escape Plan","Reflex","Acrobatics","Turnip","Master of Strategy","TheAbacus","LiquidMemories"],"campfire_rested":2,"item_purchase_floors":[14,29,29,47,47,53,53],"current_hp_per_floor":[58,56,35,35,35,35,35,32,32,26,3,3,21,21,21,21,50,50,50,50,50,37,37,18,18,18,11,29,29,20,20,20,2,46,46,46,46,46,35,35,35,35,35,35,35,35,35,35,35,35,54,54,54,54,46],"gold":89,"neow_bonus":"TRANSFORM_TWO_CARDS","is_daily":false,"chose_seed":false,"campfire_upgraded":8,"win_rate":0.0,"timestamp":1613575479,"path_taken":["M","M","?","?","M","R","?","M","T","M","M","?","R","?","R","BOSS","M","?","M","M","M","R","M","?","T","M","R","$","?","?","R","BOSS","M","?","?","M","M","R","E","R","T","E","?","R","$","M","R","BOSS","R","$","E","BOSS"],"items_purchased_type":["Card","Card","Card","Relic","Card","Relic","Potion"],"build_version":"2020-12-22","purchased_purges":3,"victory":true,"max_hp_per_floor":[60,60,60,60,60,60,60,60,60,60,60,60,60,60,60,60,60,60,60,60,60,60,60,60,60,60,60,60,60,60,60,60,60,60,60,60,60,60,60,60,60,60,60,60,60,60,60,60,60,60,60,60,60,60,60],"card_choices":[{"not_picked":["Calculated Gamble","Outmaneuver"],"picked":"Tactician","floor":1.0},{"not_picked":["Heel Hook","Dodge and Roll","Deflect"],"picked":"SKIP","floor":2.0},{"not_picked":["Dodge and Roll","Dagger Spray"],"picked":"Deadly Poison","floor":5.0},{"not_picked":["Quick Slash","Flying Knee"],"picked":"Adrenaline","floor":8.0},{"not_picked":["Concentrate","Poisoned Stab"],"picked":"Catalyst","floor":10.0},{"not_picked":["Deflect","Finisher","Dagger Throw"],"picked":"SKIP","floor":11.0},{"not_picked":["Poisoned Stab","Deflect","Footwork"],"picked":"SKIP","floor":12.0},{"not_picked":["Storm of Steel","Phantasmal Killer"],"picked":"Corpse Explosion","floor":16.0},{"not_picked":["Sucker Punch","Cloak And Dagger","Underhanded Strike"],"picked":"SKIP","floor":18.0},{"not_picked":["Well Laid Plans","Concentrate"],"picked":"Prepared","floor":20.0},{"not_picked":["Cloak And Dagger","Backstab","Deflect"],"picked":"SKIP","floor":21.0},{"not_picked":["Quick Slash","Underhanded Strike","Poisoned Stab"],"picked":"SKIP","floor":22.0},{"not_picked":["Bouncing Flask","Flying Knee"],"picked":"Escape Plan","floor":24.0},{"not_picked":["Slice","Eviscerate"],"picked":"Calculated Gamble","floor":27.0},{"not_picked":["After Image","Unload"],"picked":"Night Terror","floor":33.0},{"not_picked":["Backflip","Bane+1"],"picked":"Acrobatics","floor":35.0},{"not_picked":["Poisoned Stab","Eviscerate+1","Dagger Spray"],"picked":"SKIP","floor":38.0},{"not_picked":["Predator","Envenom"],"picked":"Reflex","floor":39.0},{"not_picked":["Dodge and Roll","Bane+1"],"picked":"Well Laid Plans+1","floor":41.0},{"not_picked":["Tools of the Trade","Heel Hook","Prepared"],"picked":"SKIP","floor":44.0},{"not_picked":["Tools of the Trade","Heel Hook","Prepared"],"picked":"SKIP","floor":44.0},{"not_picked":["Heel Hook","Prepared"],"picked":"Tools of the Trade","floor":44.0},{"not_picked":["Flying Knee","Acrobatics","Calculated Gamble"],"picked":"SKIP","floor":48.0},{"not_picked":["Outmaneuver","Dodge and Roll","Backstab+1"],"picked":"SKIP","floor":54.0}],"player_experience":584158,"relics_obtained":[{"floor":9.0,"key":"Anchor"},{"floor":26.0,"key":"Snake Skull"},{"floor":30.0,"key":"The Specimen"},{"floor":30.0,"key":"Bottled Lightning"},{"floor":31.0,"key":"Red Mask"},{"floor":41.0,"key":"InkBottle"},{"floor":44.0,"key":"Pen Nib"},{"floor":54.0,"key":"Orichalcum"}],"event_choices":[{"damage_healed":0.0,"max_hp_gain":0.0,"max_hp_loss":0.0,"gold_gain":0.0,"event_name":"Golden Idol","player_choice":"Take Damage","floor":3.0,"gold_loss":0.0,"damage_taken":21.0,"relics_obtained":["Golden Idol"]},{"cards_removed":["Defend_G"],"damage_healed":0.0,"max_hp_gain":0.0,"max_hp_loss":0.0,"gold_gain":0.0,"event_name":"The Cleric","player_choice":"Card Removal","floor":4.0,"gold_loss":75.0,"damage_taken":0.0},{"cards_removed":["Strike_G"],"damage_healed":0.0,"max_hp_gain":0.0,"max_hp_loss":0.0,"gold_gain":0.0,"event_name":"Living Wall","player_choice":"Forget","floor":7.0,"gold_loss":0.0,"damage_taken":0.0},{"cards_removed":["Strike_G"],"damage_healed":0.0,"max_hp_gain":0.0,"max_hp_loss":0.0,"gold_gain":0.0,"event_name":"Beggar","player_choice":"Gave Gold","floor":19.0,"gold_loss":75.0,"damage_taken":0.0},{"damage_healed":0.0,"max_hp_gain":0.0,"max_hp_loss":0.0,"gold_gain":0.0,"event_name":"Colosseum","player_choice":"Fight","floor":30.0,"gold_loss":0.0,"damage_taken":0.0},{"damage_healed":0.0,"max_hp_gain":0.0,"max_hp_loss":0.0,"gold_gain":0.0,"event_name":"Colosseum","player_choice":"Fought Nobs","floor":30.0,"gold_loss":0.0,"damage_taken":0.0},{"damage_healed":0.0,"max_hp_gain":0.0,"max_hp_loss":0.0,"gold_gain":0.0,"event_name":"Masked Bandits","player_choice":"Fought Bandits","floor":31.0,"gold_loss":0.0,"damage_taken":0.0},{"damage_healed":0.0,"max_hp_gain":0.0,"max_hp_loss":0.0,"gold_gain":222.0,"event_name":"Tomb of Lord Red Mask","player_choice":"Wore Mask","floor":36.0,"gold_loss":0.0,"damage_taken":0.0},{"cards_removed":["Defend_G"],"damage_healed":0.0,"max_hp_gain":0.0,"max_hp_loss":0.0,"gold_gain":0.0,"event_name":"Falling","player_choice":"Removed Skill","floor":37.0,"gold_loss":0.0,"damage_taken":0.0},{"damage_healed":0.0,"max_hp_gain":0.0,"max_hp_loss":0.0,"gold_gain":333.0,"event_name":"The Moai Head","player_choice":"Gave Idol","floor":45.0,"relics_lost":["Golden Idol"],"gold_loss":0.0,"damage_taken":0.0}],"is_beta":false,"boss_relics":[{"not_picked":["Snecko Eye","Ring of the Serpent"],"picked":"Empty Cage"},{"not_picked":["Philosopher\u0027s Stone","Fusion Hammer"],"picked":"SlaversCollar"}],"items_purged_floors":[14,47,53],"is_endless":false,"potions_floor_spawned":[1,5,8,16,20,21,22,30,33,39,41],"ascension_level":19}}