{"host":"p7cjtxxrilhp4dw7","time":1613591339,"event":{"mods":["BaseMod","Block Reminder","Colored Map","Curses Come First","Downfall","Highlight Path","Minty Spire (QoL Compilation)","StSLib"],"gold_per_floor":[99,115,129,279,279,379,379,213,213,226,254,311,211,51,66,165,165,165,177,177,177,197,197,197,231,231,231,231],"floor_reached":26,"language":"ENG","playtime":2311,"items_purged":[],"score":233,"play_id":"0d935944-d6c7-40c1-bf4b-915311dc908a","local_time":"20210217124859","is_ascension_mode":true,"campfire_choices":[{"data":"champ:Execute","floor":1,"key":"SMITH"},{"data":"champ:Encircle","floor":9,"key":"SMITH"},{"floor":13,"key":"REST"},{"data":"champ:StanceDance","floor":18,"key":"SMITH"}],"circlet_count":0,"master_deck":["champ:Strike","champ:Strike","champ:Strike","champ:Strike","champ:Defend","champ:Defend","champ:Defend","champ:Defend","champ:Execute+1","champ:Taunt+1","champ:ViciousMockery","champ:Encircle+1","champ:Duel","champ:HeavySlash","champ:ShieldWall","champ:StanceDance+1","champ:HoldFirm","champ:MurderStrike","RitualDagger","champ:Lariat"],"relics":["champ:ChampionCrownUpgraded","Matryoshka","Pen Nib","Potion Belt","Smiling Mask","downfall:HeartBlessingGreen","Sling","MutagenicStrength","White Beast Statue","Eternal Feather","Kunai"],"acts_visited":["Exordium","TheCity"],"potions_floor_usage":[12,12,16,25],"damage_taken":[{"damage":15,"enemies":"Small Slimes","floor":2,"turns":3},{"damage":12,"enemies":"2 Louse","floor":3,"turns":3},{"damage":25,"enemies":"downfall:FleeingMerchant","floor":8,"turns":4},{"damage":6,"enemies":"Jaw Worm","floor":10,"turns":2},{"damage":17,"enemies":"Gremlin Nob","floor":11,"turns":4},{"damage":34,"enemies":"3 Sentries","floor":12,"turns":5},{"damage":19,"enemies":"downfall:FleeingMerchant","floor":14,"turns":4},{"damage":10,"enemies":"3 Louse","floor":15,"turns":3},{"damage":35,"enemies":"SI_SHIV_ARCHETYPE","floor":16,"turns":7},{"damage":2,"enemies":"downfall:LooterAlt2","floor":19,"turns":4},{"damage":20,"enemies":"Chosen","floor":22,"turns":4},{"damage":104,"enemies":"Gremlin Leader","floor":25,"turns":11},{"damage":15,"enemies":"3 Cultists","floor":26,"turns":1}],"seed_played":"6950152207062483637","potions_obtained":[{"floor":3,"key":"Regen Potion"},{"floor":10,"key":"GamblersBrew"},{"floor":11,"key":"DistilledChaos"},{"floor":15,"key":"AttackPotion"},{"floor":16,"key":"Dexterity Potion"},{"floor":19,"key":"EssenceOfSteel"},{"floor":22,"key":"GamblersBrew"},{"floor":25,"key":"PowerPotion"}],"is_trial":false,"path_per_floor":["R","M","M","?","?","?","T","$","R","M","E","?","R","$","M","B",null,"R","M","?","?","M","?","T","E","M"],"character_chosen":"THE_CHAMP","items_purchased":["Pen Nib","Sling"],"campfire_rested":1,"item_purchase_floors":[8,14],"current_hp_per_floor":[90,85,83,83,83,83,83,78,78,72,55,65,90,81,81,66,90,90,88,82,82,82,77,77,33,28,28,28],"gold":231,"neow_bonus":"UPGRADE_CARD","is_daily":false,"chose_seed":false,"campfire_upgraded":3,"win_rate":0.0,"timestamp":1613591339,"path_taken":["R","M","M","?","?","?","T","$","R","?","E","?","R","$","M","BOSS","R","M","?","?","M","?","T","E","M"],"items_purchased_type":["Relic","Relic"],"build_version":"2020-12-22","purchased_purges":0,"victory":false,"max_hp_per_floor":[90,90,90,90,90,90,90,90,90,90,90,90,90,90,90,90,90,90,90,90,90,90,90,90,90,90,90,90],"card_choices":[{"not_picked":["champ:CrownThrow","champ:HeartStrike"],"picked":"champ:ViciousMockery","floor":2},{"not_picked":["champ:FlashCut","champ:PreciseThrust"],"picked":"champ:Encircle","floor":3},{"not_picked":["champ:BladeFlurry","champ:FaceSlap","champ:Encircle"],"picked":"SKIP","floor":8},{"not_picked":["champ:FancyFootwork","champ:Endure"],"picked":"champ:Duel","floor":10},{"not_picked":["champ:ShieldSlam","champ:StanceDance"],"picked":"champ:HeavySlash","floor":11},{"not_picked":["champ:DefensiveStyle","champ:GladiatorStyle"],"picked":"champ:ShieldWall","floor":12},{"not_picked":["champ:PerfectedStrike","champ:FocusedBerserking"],"picked":"champ:StanceDance","floor":14},{"not_picked":["champ:TornadoPunch","champ:EnGarde"],"picked":"champ:HoldFirm","floor":15},{"not_picked":["champ:GladiatorForm","champ:HoldFirm"],"picked":"champ:MurderStrike","floor":16},{"not_picked":["champ:AdrenalArmor","champ:ViciousMockery","champ:Duel"],"picked":"SKIP","floor":19},{"not_picked":["champ:DefensiveShout","champ:Endure","champ:DefensiveStyle"],"picked":"SKIP","floor":22},{"not_picked":["champ:ViciousMockery+1","champ:EnGarde"],"picked":"champ:Lariat","floor":25}],"player_experience":805901,"relics_obtained":[{"floor":7,"key":"Matryoshka"},{"floor":11,"key":"Potion Belt"},{"floor":12,"key":"Smiling Mask"},{"floor":24,"key":"White Beast Statue"},{"floor":24,"key":"Eternal Feather"},{"floor":25,"key":"Kunai"}],"event_choices":[{"cards_removed":["downfall:Icky"],"damage_healed":0,"gold_gain":0,"player_choice":"Forget","damage_taken":0,"max_hp_gain":0,"max_hp_loss":0,"event_name":"Living Wall","floor":5,"gold_loss":0},{"damage_healed":0,"gold_gain":0,"player_choice":"Inject Mutagens","damage_taken":0,"relics_obtained":["MutagenicStrength"],"max_hp_gain":0,"max_hp_loss":0,"event_name":"Drug Dealer","floor":21,"gold_loss":0}],"is_beta":false,"boss_relics":[{"not_picked":["SacredBark","Cursed Key"],"picked":"champ:ChampionCrownUpgraded"}],"items_purged_floors":[],"is_endless":false,"potions_floor_spawned":[3,10,11,15,16,19,22,25],"killed_by":"3 Cultists","ascension_level":1}}