{"host":"aaist0epu260r53e","time":1613560923,"event":{"mods":["BaseMod","Colored Map","Colored Powertips","Minty Spire (QoL Compilation)","Quick Restart"],"gold_per_floor":[113,63,63,73,88,88,99,99,99,99,99,99,99,123,123,249,249,273,298,323,341,366,366,402,423,423,31,46,66,89,105,105,225,225,248,248,248,269,290,290,290,321,321,384,384,409,51,71,71,71],"floor_reached":51,"language":"ZHS","playtime":5675,"items_purged":["Strike_R","Strike_R"],"score":718,"play_id":"9de13bd1-5b34-4571-b8f6-11c0c20d0264","local_time":"20210217192203","is_ascension_mode":false,"campfire_choices":[{"data":"Whirlwind","floor":6,"key":"SMITH"},{"floor":12,"key":"REST"},{"data":"Heavy Blade","floor":15,"key":"SMITH"},{"floor":23,"key":"REST"},{"data":"Limit Break","floor":32,"key":"SMITH"},{"floor":40,"key":"REST"},{"data":"Pommel Strike","floor":45,"key":"SMITH"},{"data":"Bloodletting","floor":49,"key":"SMITH"}],"circlet_count":0,"master_deck":["Strike_R","Strike_R+1","Defend_R+1","Defend_R","Defend_R","Defend_R","Spot Weakness+1","Whirlwind+1","Heavy Blade+1","Iron Wave+1","Limit Break+1","Shrug It Off","Sword Boomerang","Pommel Strike+1","Sword Boomerang","Limit Break+1","Bloodletting+1","Flash of Steel","Sword Boomerang+1","Seeing Red+1","Sword Boomerang+1"],"relics":["Burning Blood","Ancient Tea Set","White Beast Statue","Golden Idol","Meat on the Bone","SlaversCollar","Whetstone","Centennial Puzzle","Bottled Lightning","Vajra","TheAbacus","Black Star","Prayer Wheel","War Paint","Ice Cream","TungstenRod","Eternal Feather"],"acts_visited":["Exordium","TheCity","TheBeyond"],"potions_floor_usage":[16,21,22,22,25,28,29,30,33,33,39,39,44,48],"damage_taken":[{"damage":6,"enemies":"Jaw Worm","floor":1,"turns":5},{"damage":8,"enemies":"Cultist","floor":4,"turns":5},{"damage":0,"enemies":"2 Louse","floor":5,"turns":1},{"damage":24,"enemies":"Large Slime","floor":7,"turns":6},{"damage":8,"enemies":"Red Slaver","floor":14,"turns":2},{"damage":28,"enemies":"The Guardian","floor":16,"turns":9},{"damage":0,"enemies":"Chosen","floor":18,"turns":4},{"damage":35,"enemies":"2 Thieves","floor":20,"turns":3},{"damage":46,"enemies":"Snake Plant","floor":21,"turns":6},{"damage":30,"enemies":"Shelled Parasite and Fungi","floor":22,"turns":6},{"damage":22,"enemies":"Book of Stabbing","floor":24,"turns":4},{"damage":28,"enemies":"Centurion and Healer","floor":25,"turns":7},{"damage":22,"enemies":"3 Cultists","floor":28,"turns":5},{"damage":25,"enemies":"Sentry and Sphere","floor":29,"turns":5},{"damage":2,"enemies":"Cultist and Chosen","floor":30,"turns":3},{"damage":17,"enemies":"Snecko","floor":31,"turns":4},{"damage":45,"enemies":"Champ","floor":33,"turns":5},{"damage":22,"enemies":"3 Shapes","floor":35,"turns":2},{"damage":20,"enemies":"3 Darklings","floor":38,"turns":4},{"damage":55,"enemies":"Maw","floor":39,"turns":9},{"damage":18,"enemies":"Nemesis","floor":42,"turns":5},{"damage":3,"enemies":"Mind Bloom Boss Battle","floor":44,"turns":5},{"damage":24,"enemies":"Transient","floor":46,"turns":5},{"damage":37,"enemies":"Spire Growth","floor":48,"turns":5},{"damage":27,"enemies":"Awakened One","floor":50,"turns":4}],"seed_played":"1053591372765823359","potions_obtained":[{"floor":5,"key":"Weak Potion"},{"floor":14,"key":"Ancient Potion"},{"floor":16,"key":"ColorlessPotion"},{"floor":18,"key":"Fire Potion"},{"floor":21,"key":"Fire Potion"},{"floor":22,"key":"SpeedPotion"},{"floor":24,"key":"FairyPotion"},{"floor":25,"key":"SteroidPotion"},{"floor":28,"key":"Energy Potion"},{"floor":29,"key":"BloodPotion"},{"floor":30,"key":"SkillPotion"},{"floor":31,"key":"DistilledChaos"},{"floor":33,"key":"Weak Potion"},{"floor":35,"key":"Fire Potion"},{"floor":38,"key":"AttackPotion"},{"floor":39,"key":"Energy Potion"},{"floor":42,"key":"SkillPotion"},{"floor":44,"key":"Fruit Juice"},{"floor":46,"key":"Explosive Potion"},{"floor":48,"key":"ElixirPotion"}],"is_trial":false,"path_per_floor":["M","?","?","M","M","R","M","?","T","?","?","R","T","M","R","B",null,"M","T","M","M","M","R","E","M","T","$","M","M","M","M","R","B",null,"M","?","?","M","M","R","?","E","T","?","R","M","$","M","R","B",null],"character_chosen":"IRONCLAD","items_purchased":["Vajra","Sword Boomerang","TheAbacus","Eternal Feather"],"campfire_rested":3,"item_purchase_floors":[27,27,27,47],"current_hp_per_floor":[88,88,88,86,88,88,70,70,70,58,36,62,62,60,60,50,88,88,88,59,31,19,45,41,31,31,31,27,20,53,54,54,27,88,72,72,72,58,21,47,47,47,47,67,67,61,61,42,54,45],"gold":71,"neow_bonus":"TEN_PERCENT_HP_BONUS","is_daily":false,"chose_seed":false,"campfire_upgraded":5,"win_rate":0.0,"timestamp":1613560923,"path_taken":["M","?","?","?","M","R","M","?","T","?","?","R","?","M","R","BOSS","M","?","M","?","?","R","E","?","T","$","M","M","?","M","R","BOSS","M","?","?","?","M","R","?","E","T","?","R","M","?","?","R","BOSS"],"items_purchased_type":["Relic","Card","Relic","Relic"],"build_version":"2020-12-22","purchased_purges":2,"victory":true,"max_hp_per_floor":[88,88,88,88,88,88,88,88,88,88,88,88,88,88,88,88,88,88,88,88,88,88,88,88,88,88,88,88,88,88,88,88,88,88,88,88,88,88,88,88,88,88,88,93,93,93,93,93,93,93],"card_choices":[{"not_picked":["Thunderclap","Dark Embrace"],"picked":"Spot Weakness","floor":1},{"not_picked":["Iron Wave","Thunderclap"],"picked":"Whirlwind","floor":4},{"not_picked":["True Grit","Flex"],"picked":"Heavy Blade","floor":5},{"not_picked":["Sever Soul","Body Slam"],"picked":"Iron Wave","floor":7},{"not_picked":["Infernal Blade","Disarm","Brutality"],"picked":"SKIP","floor":14},{"not_picked":["Offering","Corruption"],"picked":"Limit Break","floor":16},{"not_picked":["Anger","Armaments+1","Headbutt+1"],"picked":"SKIP","floor":18},{"not_picked":["True Grit","Perfected Strike+1"],"picked":"Shrug It Off","floor":20},{"not_picked":["Metallicize+1","Armaments"],"picked":"Sword Boomerang","floor":21},{"not_picked":["Thunderclap","Reckless Charge"],"picked":"Pommel Strike","floor":22},{"not_picked":["Feel No Pain","True Grit","Anger"],"picked":"SKIP","floor":24},{"not_picked":["Burning Pact","Twin Strike","Whirlwind"],"picked":"SKIP","floor":25},{"not_picked":["Headbutt","Clash","Twin Strike"],"picked":"SKIP","floor":28},{"not_picked":["Body Slam","Warcry","Headbutt"],"picked":"SKIP","floor":29},{"not_picked":["Clash+1","Twin Strike","Body Slam"],"picked":"SKIP","floor":30},{"not_picked":["Armaments","Infernal Blade","Thunderclap+1"],"picked":"SKIP","floor":31},{"not_picked":["Juggernaut","Impervious"],"picked":"Limit Break","floor":33},{"not_picked":["Ghostly Armor","Thunderclap+1"],"picked":"Bloodletting","floor":35},{"not_picked":["Secret Technique","PanicButton"],"picked":"Flash of Steel","floor":36},{"not_picked":["Shrug It Off","Pommel Strike"],"picked":"Sword Boomerang+1","floor":38},{"not_picked":["Perfected Strike","Rage","Battle Trance"],"picked":"SKIP","floor":39},{"not_picked":["Perfected Strike","Second Wind+1","Flex"],"picked":"SKIP","floor":42},{"not_picked":["Inflame","Hemokinesis"],"picked":"Seeing Red+1","floor":46},{"not_picked":["Anger+1","Bloodletting","Feed"],"picked":"SKIP","floor":46},{"not_picked":["Anger+1","Dropkick"],"picked":"Sword Boomerang+1","floor":48},{"not_picked":["Pommel Strike","Iron Wave+1","Warcry"],"picked":"SKIP","floor":48}],"player_experience":62694,"relics_obtained":[{"floor":9,"key":"Ancient Tea Set"},{"floor":13,"key":"Meat on the Bone"},{"floor":19,"key":"Whetstone"},{"floor":24,"key":"Centennial Puzzle"},{"floor":26,"key":"Bottled Lightning"},{"floor":42,"key":"Prayer Wheel"},{"floor":42,"key":"War Paint"},{"floor":43,"key":"Ice Cream"},{"floor":44,"key":"TungstenRod"}],"event_choices":[{"cards_removed":["Strike_R"],"damage_healed":0,"gold_gain":0,"player_choice":"Card Removal","damage_taken":0,"max_hp_gain":0,"max_hp_loss":0,"event_name":"The Cleric","floor":2,"gold_loss":50},{"damage_healed":0,"gold_gain":0,"player_choice":"Forge","damage_taken":0,"max_hp_gain":0,"max_hp_loss":0,"event_name":"Accursed Blacksmith","floor":3,"gold_loss":0,"cards_upgraded":["Spot Weakness"]},{"damage_healed":0,"gold_gain":0,"player_choice":"Ignored","damage_taken":0,"max_hp_gain":0,"max_hp_loss":0,"event_name":"Liars Game","floor":8,"gold_loss":0},{"damage_healed":0,"gold_gain":0,"player_choice":"Success","damage_taken":12,"relics_obtained":["White Beast Statue"],"max_hp_gain":0,"max_hp_loss":0,"event_name":"Scrap Ooze","floor":10,"gold_loss":0},{"damage_healed":0,"gold_gain":0,"player_choice":"Take Damage","damage_taken":22,"relics_obtained":["Golden Idol"],"max_hp_gain":0,"max_hp_loss":0,"event_name":"Golden Idol","floor":11,"gold_loss":0},{"damage_healed":0,"gold_gain":0,"player_choice":"Memory 1","damage_taken":0,"max_hp_gain":0,"max_hp_loss":0,"event_name":"SensoryStone","floor":36,"gold_loss":0},{"cards_removed":["Bash"],"damage_healed":0,"gold_gain":0,"player_choice":"Removed Attack","damage_taken":0,"max_hp_gain":0,"max_hp_loss":0,"event_name":"Falling","floor":37,"gold_loss":0},{"damage_healed":0,"gold_gain":0,"player_choice":"Ignored","damage_taken":0,"max_hp_gain":0,"max_hp_loss":0,"event_name":"Tomb of Lord Red Mask","floor":41,"gold_loss":0},{"damage_healed":0,"gold_gain":0,"player_choice":"Fight","damage_taken":0,"max_hp_gain":0,"max_hp_loss":0,"event_name":"MindBloom","floor":44,"gold_loss":0}],"is_beta":false,"boss_relics":[{"not_picked":["Empty Cage","Runic Pyramid"],"picked":"SlaversCollar"},{"not_picked":["Calling Bell","Tiny House"],"picked":"Black Star"}],"items_purged_floors":[27,47],"is_endless":false,"potions_floor_spawned":[5,14,16,18,20,21,22,24,25,28,29,30,31,33,35,38,39,42,44,46,48],"ascension_level":0}}