{"host":"fbdlh90rovbiajun","time":1613532922,"event":{"mods":["AchievementEnabler","BaseMod","Colored Map","Keyboard Shortcuts","Minty Spire (QoL Compilation)","SuperFastMode"],"gold_per_floor":[117,137,157,175,195,223,223,234,258,258,333,333,343,378,378,474,474,491,504,504,64,64,64],"floor_reached":22,"language":"KOR","playtime":790,"items_purged":["Strike_B"],"score":198,"play_id":"e1e4f96b-7f53-4452-aedc-808d86a77fad","local_time":"20210217123522","is_ascension_mode":false,"campfire_choices":[{"data":"Streamline","floor":7.0,"key":"SMITH"},{"data":"Zap","floor":12,"key":"SMITH"},{"floor":15,"key":"REST"}],"circlet_count":0,"master_deck":["Strike_B","Strike_B+1","Strike_B","Defend_B","Defend_B","Defend_B","Defend_B","Zap+1","Dualcast","Chill","Streamline+1","Stack","Compile Driver","Cold Snap+1","Go for the Eyes","Loop","Reboot","Sunder","Melter","Defragment"],"relics":["Cracked Core","NeowsBlessing","Art of War","Happy Flower","Oddly Smooth Stone","Coffee Dripper","Mango"],"acts_visited":["Exordium","TheCity"],"potions_floor_usage":[16,16,16,16,19],"damage_taken":[{"damage":0.0,"enemies":"2 Louse","floor":1.0,"turns":1.0},{"damage":0.0,"enemies":"Small Slimes","floor":2.0,"turns":1.0},{"damage":0.0,"enemies":"Cultist","floor":3.0,"turns":1.0},{"damage":6.0,"enemies":"2 Fungi Beasts","floor":4.0,"turns":3.0},{"damage":0.0,"enemies":"Lots of Slimes","floor":5.0,"turns":6.0},{"damage":46.0,"enemies":"Gremlin Nob","floor":6.0,"turns":6.0},{"damage":0.0,"enemies":"Red Slaver","floor":8.0,"turns":3.0},{"damage":7,"enemies":"2 Fungi Beasts","floor":13,"turns":3},{"damage":7,"enemies":"3 Sentries","floor":14,"turns":6},{"damage":4,"enemies":"Slime Boss","floor":16,"turns":8},{"damage":4,"enemies":"Chosen","floor":18,"turns":4},{"damage":9,"enemies":"3 Byrds","floor":19,"turns":6},{"damage":0,"enemies":"Sentry and Sphere","floor":22,"turns":1}],"seed_played":"-3326848532318429305","potions_obtained":[{"floor":1.0,"key":"EntropicBrew"},{"floor":2.0,"key":"Regen Potion"},{"floor":6.0,"key":"Swift Potion"},{"floor":13,"key":"BlessingOfTheForge"},{"floor":16,"key":"Block Potion"},{"floor":18,"key":"Regen Potion"},{"floor":19,"key":"FearPotion"}],"is_trial":false,"path_per_floor":["M","M","M","M","M","E","R","M","T","?","?","R","M","E","R","B",null,"M","M","?","$","M"],"character_chosen":"DEFECT","items_purchased":["Defragment","Mango"],"campfire_rested":1,"item_purchase_floors":[21,21],"current_hp_per_floor":[75,75,75,69,69,37,37,37,37,22,15,15,8,1,23,19,75,71,62,56,70,70,70],"gold":64,"neow_bonus":"THREE_ENEMY_KILL","is_daily":false,"chose_seed":false,"campfire_upgraded":2,"win_rate":0.0,"timestamp":1613532922,"path_taken":["M","M","M","M","M","E","R","M","T","?","?","R","?","E","R","BOSS","M","M","?","$","?"],"items_purchased_type":["Card","Relic"],"build_version":"2020-12-22","purchased_purges":1,"victory":false,"max_hp_per_floor":[75,75,75,75,75,75,75,75,75,75,75,75,75,75,75,75,75,75,75,75,89,89,89],"card_choices":[{"not_picked":["Cold Snap","Redo"],"picked":"Chill","floor":1.0},{"not_picked":["Compile Driver","Redo"],"picked":"Streamline","floor":2.0},{"not_picked":["Double Energy","Auto Shields"],"picked":"Stack","floor":3.0},{"not_picked":["Hello World","Turbo"],"picked":"Compile Driver","floor":4.0},{"not_picked":["Streamline","Beam Cell"],"picked":"Cold Snap","floor":5.0},{"not_picked":["Gash","Stack","Streamline"],"picked":"SKIP","floor":6.0},{"not_picked":["Genetic Algorithm","Stack"],"picked":"Go for the Eyes","floor":8.0},{"not_picked":["Ball Lightning","Undo","Blizzard"],"picked":"SKIP","floor":13},{"not_picked":["All For One","Ball Lightning"],"picked":"Loop","floor":14},{"not_picked":["Echo Form","Rainbow"],"picked":"Reboot","floor":16},{"not_picked":["Barrage+1","Cold Snap"],"picked":"Sunder","floor":18},{"not_picked":["Barrage+1","Tempest"],"picked":"Melter","floor":19}],"player_experience":70528,"relics_obtained":[{"floor":6.0,"key":"Art of War"},{"floor":9.0,"key":"Happy Flower"},{"floor":14,"key":"Oddly Smooth Stone"}],"event_choices":[{"damage_healed":0.0,"max_hp_gain":0.0,"max_hp_loss":0.0,"gold_gain":0.0,"event_name":"Shining Light","player_choice":"Entered Light","floor":10.0,"gold_loss":0.0,"damage_taken":15.0,"cards_upgraded":["Cold Snap","Strike_B"]},{"damage_healed":0,"gold_gain":75,"player_choice":"Touch","damage_taken":7,"max_hp_gain":0,"max_hp_loss":0,"event_name":"FaceTrader","floor":11,"gold_loss":0},{"damage_healed":0,"gold_gain":0,"player_choice":"","damage_taken":6,"max_hp_gain":0,"max_hp_loss":0,"event_name":"Knowing Skull","floor":20,"potions_obtained":[],"gold_loss":0,"cards_obtained":[]}],"is_beta":false,"boss_relics":[{"not_picked":["Cursed Key","Philosopher\u0027s Stone"],"picked":"Coffee Dripper"}],"items_purged_floors":[21],"is_endless":false,"potions_floor_spawned":[1,2,6,13,16,18,19],"killed_by":"Sentry and Sphere","ascension_level":0}}