{"host":"m9osufisr3agwk96","time":1613532682,"event":{"mods":["AchievementEnabler","Aspiration","BaseMod","Colored Map","Colored Powertips","Downfall","Duelist Mod","Friendly Minions","GifTheSpireLib","Gremlin Mod","Hermit","Hero for Fun","Highlight Path","Hubris","Minty Spire (QoL Compilation)","Rare Cards Sparkle","Reliquary","Replay The Spire","Shop Mod","StSLib"],"gold_per_floor":[111,111,122,142,156,156,166,166,191,191,201,221,221,221,221,316,316,327,347,347,347,347,347],"floor_reached":22,"language":"ENG","playtime":836,"items_purged":[],"score":178,"play_id":"1794fe5c-d4f0-4f5a-997e-8d781bef833b","local_time":"20210216193122","is_ascension_mode":false,"campfire_choices":[{"floor":6,"key":"REST"},{"data":"Zap","floor":8,"key":"SMITH"},{"data":"Dualcast","floor":10,"key":"SMITH"},{"data":"Hyperbeam","floor":13,"key":"SMITH"},{"data":"Conserve Battery","floor":15,"key":"SMITH"}],"circlet_count":0,"master_deck":["Strike_B","Strike_B","Strike_B","Strike_B","Defend_B","Defend_B","Defend_B","Defend_B","Zap+1","Dualcast+1","Leap","Ball Lightning","Conserve Battery+1","Leap","Beam Cell","Hyperbeam+1","Ball Lightning","Coolheaded","Steam"],"relics":["Cracked Core","hubris:Towel","Centennial Puzzle","Ring of Chaos","aspiration:Stabinomicon","Prayer Wheel"],"acts_visited":["Exordium","TheCity"],"potions_floor_usage":[4,16,16,18,22],"damage_taken":[{"damage":1,"enemies":"Small Slimes","floor":1,"turns":4},{"damage":7,"enemies":"Jaw Worm","floor":3,"turns":4},{"damage":0,"enemies":"Cultist","floor":4,"turns":3},{"damage":8,"enemies":"Red Slaver","floor":5,"turns":4},{"damage":5,"enemies":"Looter","floor":7,"turns":3},{"damage":2,"enemies":"3 Louse","floor":11,"turns":2},{"damage":0,"enemies":"Gremlin Gang","floor":12,"turns":1},{"damage":43,"enemies":"Fading Forest","floor":16,"turns":11},{"damage":15,"enemies":"Spheric Guardian","floor":18,"turns":5},{"damage":21,"enemies":"3 Byrds","floor":19,"turns":3},{"damage":35,"enemies":"Cultist and Chosen","floor":22,"turns":4}],"seed_played":"-8328154279912569138","potions_obtained":[{"floor":1,"key":"PotionOfCapacity"},{"floor":7,"key":"LifebloodPotion"},{"floor":11,"key":"champ:CounterPotion"},{"floor":16,"key":"hexamod:SoulburnPotion"},{"floor":19,"key":"Toxic Potion"}],"is_trial":false,"path_per_floor":["M","?","M","M","M","R","M","R","T","R","M","M","R","?","R","B",null,"M","M","?","?","M"],"character_chosen":"DEFECT","items_purchased":[],"campfire_rested":1,"item_purchase_floors":[],"current_hp_per_floor":[81,81,74,74,66,82,77,77,77,77,75,75,75,75,75,32,82,67,46,46,30,0,0],"gold":347,"neow_bonus":"TEN_PERCENT_HP_BONUS","is_daily":false,"chose_seed":false,"campfire_upgraded":4,"win_rate":0.0,"timestamp":1613532682,"path_taken":["M","?","M","M","M","R","M","R","T","R","M","M","R","?","R","BOSS","M","M","?","?","M"],"items_purchased_type":[],"build_version":"2020-12-22","purchased_purges":0,"victory":false,"max_hp_per_floor":[82,82,82,82,82,82,82,82,82,82,82,82,82,82,82,82,82,82,82,82,82,82,82],"card_choices":[{"not_picked":["ReplayTheSpireMod:System Scan","Undo"],"picked":"Leap","floor":1},{"not_picked":["Compile Driver","Static Discharge"],"picked":"Ball Lightning","floor":3},{"not_picked":["Redo","Beam Cell"],"picked":"Conserve Battery","floor":4},{"not_picked":["Barrage","Go for the Eyes"],"picked":"Leap","floor":5},{"not_picked":["Streamline","Creative AI"],"picked":"Beam Cell","floor":7},{"not_picked":["Aggregate","Leap"],"picked":"Hyperbeam","floor":11},{"not_picked":["Hologram","Go for the Eyes"],"picked":"Ball Lightning","floor":12},{"not_picked":["Multi-Cast","Fission"],"picked":"ReplayTheSpireMod:Fabricate Wheel","floor":16},{"not_picked":["Fusion+1","Rebound"],"picked":"Coolheaded","floor":18},{"not_picked":["Undo+1","Consume"],"picked":"Steam","floor":19}],"player_experience":496444,"relics_obtained":[{"floor":9,"key":"Centennial Puzzle"},{"floor":21,"key":"aspiration:Stabinomicon"}],"event_choices":[{"damage_healed":0,"gold_gain":0,"player_choice":"Obtained Book","damage_taken":16,"max_hp_gain":0,"max_hp_loss":0,"event_name":"Cursed Tome","floor":21,"gold_loss":0}],"is_beta":false,"boss_relics":[{"not_picked":["aspiration:IroncladSkillbook","aspiration:PoetsPen_weak"],"picked":"Ring of Chaos"}],"items_purged_floors":[],"is_endless":false,"potions_floor_spawned":[1,7,11,16,19],"killed_by":"Cultist and Chosen","ascension_level":0}}