{"host":"qjv9b7mze4c73keh","time":1613565286,"event":{"mods":["BaseMod","Colored Map","Colored Powertips","DeckTracker","Highlight Path","Minty Spire (QoL Compilation)","Rare Cards Sparkle","Synergy Search","Unceasing Turn Reminder"],"gold_per_floor":[109,109,125,136,136,152,152,171,196,208,232,263,275,298,310,420,482,507,519,549,561,573,573],"floor_reached":22,"language":"RUS","playtime":3258,"items_purged":[],"score":180,"play_id":"15c6e020-c955-4361-8ccc-d19ccbb70b07","local_time":"20210217173446","is_ascension_mode":false,"campfire_choices":[{"floor":10,"key":"REST"},{"floor":13,"key":"REST"},{"floor":15,"key":"REST"}],"circlet_count":0,"master_deck":["Strike_G","Strike_G","Strike_G","Defend_G","Defend_G","Defend_G","Defend_G+1","Defend_G","Survivor","Neutralize","Acrobatics","Bouncing Flask","Deadly Poison","J.A.X."],"relics":["Ring of the Snake","MawBank","Nloth\u0027s Gift"],"acts_visited":["Exordium","TheCity"],"potions_floor_usage":[6,11,16,22],"damage_taken":[{"damage":0,"enemies":"2 Louse","floor":1,"turns":4},{"damage":0,"enemies":"Small Slimes","floor":3,"turns":7},{"damage":0,"enemies":"Jaw Worm","floor":4,"turns":7},{"damage":15,"enemies":"Exordium Wildlife","floor":6,"turns":13},{"damage":10,"enemies":"Large Slime","floor":8,"turns":7},{"damage":4,"enemies":"Lots of Slimes","floor":11,"turns":7},{"damage":0,"enemies":"Looter","floor":12,"turns":4},{"damage":11,"enemies":"3 Louse","floor":14,"turns":4},{"damage":29,"enemies":"The Guardian","floor":16,"turns":10},{"damage":14,"enemies":"Shell Parasite","floor":18,"turns":5},{"damage":60,"enemies":"3 Byrds","floor":20,"turns":7},{"damage":15,"enemies":"Snecko","floor":22,"turns":2}],"seed_played":"-6194971470566937509","potions_obtained":[{"floor":1,"key":"AttackPotion"},{"floor":3,"key":"DuplicationPotion"},{"floor":4,"key":"PowerPotion"},{"floor":11,"key":"PowerPotion"},{"floor":12,"key":"DuplicationPotion"},{"floor":17,"key":"Poison Potion"}],"is_trial":false,"path_per_floor":["M","?","M","M","?","M","?","M","T","R","M","M","R","M","R","B",null,"M","?","M","?","M"],"character_chosen":"THE_SILENT","items_purchased":[],"campfire_rested":3,"item_purchase_floors":[],"current_hp_per_floor":[77,70,70,70,70,55,55,45,45,68,64,64,77,66,77,48,82,68,68,8,8,0,0],"gold":573,"neow_bonus":"TEN_PERCENT_HP_BONUS","is_daily":false,"chose_seed":false,"campfire_upgraded":0,"win_rate":0.0,"timestamp":1613565286,"path_taken":["M","?","M","M","?","M","?","?","T","R","M","M","R","M","R","BOSS","M","?","M","?","M"],"items_purchased_type":[],"build_version":"2020-12-22","purchased_purges":0,"victory":false,"max_hp_per_floor":[77,77,77,77,77,77,77,77,77,77,77,77,77,77,77,77,82,82,82,82,82,82,82],"card_choices":[{"not_picked":["Riddle With Holes","Sucker Punch","Blade Dance"],"picked":"SKIP","floor":1},{"not_picked":["Crippling Poison","Quick Slash"],"picked":"Acrobatics","floor":3},{"not_picked":["PiercingWail","Masterful Stab","Expertise"],"picked":"SKIP","floor":4},{"not_picked":["Deflect","Dagger Spray"],"picked":"Bouncing Flask","floor":6},{"not_picked":["Cloak And Dagger","Blade Dance","Deflect"],"picked":"SKIP","floor":8},{"not_picked":["Prepared","Blade Dance","Choke"],"picked":"SKIP","floor":11},{"not_picked":["Phantasmal Killer","Bane"],"picked":"Deadly Poison","floor":12},{"not_picked":["Calculated Gamble","Prepared","Deflect"],"picked":"SKIP","floor":14},{"not_picked":["Quick Slash+1","Blur+1","Prepared"],"picked":"SKIP","floor":18},{"not_picked":["Flechettes+1","Bane","Dodge and Roll"],"picked":"SKIP","floor":20}],"player_experience":113970,"relics_obtained":[{"floor":9,"key":"MawBank"}],"event_choices":[{"cards_removed":["Strike_G"],"damage_healed":0,"gold_gain":0,"player_choice":"Card Removal","damage_taken":7,"max_hp_gain":0,"max_hp_loss":0,"event_name":"Golden Wing","floor":2,"gold_loss":0},{"damage_healed":0,"gold_gain":0,"player_choice":"Ignored","damage_taken":0,"max_hp_gain":0,"max_hp_loss":0,"event_name":"Liars Game","floor":5,"gold_loss":0},{"cards_removed":["Strike_G"],"damage_healed":0,"gold_gain":0,"player_choice":"Forget","damage_taken":0,"max_hp_gain":0,"max_hp_loss":0,"event_name":"Living Wall","floor":7,"gold_loss":0},{"damage_healed":0,"gold_gain":0,"player_choice":"Obtain J.A.X.","damage_taken":0,"max_hp_gain":0,"max_hp_loss":0,"event_name":"Drug Dealer","floor":19,"gold_loss":0,"cards_obtained":["J.A.X."]},{"damage_healed":0,"gold_gain":0,"player_choice":"Traded Relic","damage_taken":0,"relics_obtained":["Nloth\u0027s Gift"],"max_hp_gain":0,"max_hp_loss":0,"event_name":"N\u0027loth","floor":21,"relics_lost":["Tiny House"],"gold_loss":0}],"is_beta":false,"boss_relics":[{"not_picked":["Coffee Dripper","Ectoplasm"],"picked":"Tiny House"}],"items_purged_floors":[],"is_endless":false,"potions_floor_spawned":[1,3,4,11,12,20],"killed_by":"Snecko","ascension_level":0}}