{"host":"91blwi3hgehj6ch9","time":1613568763,"event":{"mods":["2.2 Compatiblity","AchievementEnabler","BaseMod","Colored Map","DeckTracker","Keyboard Shortcuts","Minty Spire (QoL Compilation)","Permanent Neow","StSLib","SuperFastMode","everything is the same but u backflip on backflip"],"gold_per_floor":[359,376,396,114,124,152,152,186,209,209,209,41,52,79,79,166,166,190,65,65,79,107,107,107,107,107,58,73,73,86,112,112,112,112],"floor_reached":33,"language":"KOR","playtime":1396,"items_purged":["Strike_G","Defend_G","Strike_G"],"score":568,"play_id":"d9ca416e-9555-440e-b2cb-6794881ca9bc","local_time":"20210217223243","is_ascension_mode":true,"campfire_choices":[{"floor":10.0,"key":"REST"},{"floor":15.0,"key":"REST"},{"floor":23,"key":"REST"},{"floor":25,"key":"REST"},{"floor":32,"key":"REST"}],"circlet_count":0,"master_deck":["AscendersBane","Strike_G+1","Strike_G","Strike_G+1","Defend_G","Defend_G","Defend_G","Defend_G","Survivor","Neutralize","Dagger Throw","Underhanded Strike","Masterful Stab","Acrobatics","Underhanded Strike","Well Laid Plans","Predator+1","Footwork","Prepared","Adrenaline","PiercingWail","Tactician","Acrobatics","Blur"],"relics":["Ring of the Snake","Medical Kit","Nunchaku","CeramicFish","Ancient Tea Set","Philosopher\u0027s Stone","Whetstone"],"acts_visited":["Exordium","TheCity"],"potions_floor_usage":[16,21,31,33],"damage_taken":[{"damage":21.0,"enemies":"Cultist","floor":1.0,"turns":6.0},{"damage":0.0,"enemies":"2 Louse","floor":2.0,"turns":3.0},{"damage":4.0,"enemies":"Small Slimes","floor":3.0,"turns":4.0},{"damage":9.0,"enemies":"Exordium Wildlife","floor":5.0,"turns":6.0},{"damage":0.0,"enemies":"Gremlin Nob","floor":6.0,"turns":3.0},{"damage":17.0,"enemies":"Lagavulin","floor":8.0,"turns":6.0},{"damage":8.0,"enemies":"Lots of Slimes","floor":13.0,"turns":3.0},{"damage":1.0,"enemies":"Large Slime","floor":14.0,"turns":6.0},{"damage":14,"enemies":"The Guardian","floor":16,"turns":10},{"damage":22,"enemies":"Chosen","floor":18,"turns":5},{"damage":12,"enemies":"Spheric Guardian","floor":21,"turns":4},{"damage":10,"enemies":"Centurion and Healer","floor":22,"turns":4},{"damage":12,"enemies":"Sentry and Sphere","floor":28,"turns":4},{"damage":33,"enemies":"Chosen and Byrds","floor":30,"turns":7},{"damage":1,"enemies":"Cultist and Chosen","floor":31,"turns":6},{"damage":39,"enemies":"Champ","floor":33,"turns":17}],"seed_played":"2111900943248342705","potions_obtained":[{"floor":8.0,"key":"PowerPotion"},{"floor":13.0,"key":"PowerPotion"},{"floor":16,"key":"FairyPotion"},{"floor":18,"key":"AttackPotion"},{"floor":28,"key":"GhostInAJar"},{"floor":31,"key":"SneckoOil"}],"is_trial":false,"path_per_floor":["M","M","M","$","M","E","?","E","T","R","?","$","M","M","R","B",null,"M","$","?","M","M","R","?","R","T","$","M","$","M","M","R","B"],"character_chosen":"THE_SILENT","items_purchased":["Medical Kit","Acrobatics","Footwork","Acrobatics"],"campfire_rested":5,"item_purchase_floors":[4,4,12,27],"current_hp_per_floor":[38,38,34,34,25,25,25,8,8,26,26,26,18,17,35,21,50,28,28,28,16,6,24,8,27,27,27,15,15,19,18,37,0,0],"gold":112,"neow_bonus":"TWO_FIFTY_GOLD","is_daily":false,"chose_seed":false,"campfire_upgraded":0,"win_rate":0.0,"timestamp":1613568763,"path_taken":["M","M","M","$","M","E","?","E","T","R","?","$","M","?","R","BOSS","M","$","?","M","M","R","?","R","T","$","M","?","?","M","R","BOSS"],"items_purchased_type":["Relic","Card","Card","Card"],"build_version":"2020-12-22","purchased_purges":3,"victory":false,"max_hp_per_floor":[60,60,60,60,60,60,60,60,60,60,60,60,60,60,60,60,60,60,60,60,60,60,60,65,65,65,65,65,65,65,65,65,65,65],"card_choices":[{"not_picked":["Bane","Poisoned Stab"],"picked":"Dagger Throw","floor":1.0},{"not_picked":["Expertise","Poisoned Stab"],"picked":"Underhanded Strike","floor":2.0},{"not_picked":["Outmaneuver","Deflect"],"picked":"Masterful Stab","floor":3.0},{"not_picked":["Poisoned Stab","All Out Attack"],"picked":"Underhanded Strike","floor":5.0},{"not_picked":["Crippling Poison","Quick Slash"],"picked":"Well Laid Plans","floor":6.0},{"not_picked":["All Out Attack","Dodge and Roll"],"picked":"Predator","floor":8.0},{"not_picked":["Expertise","Dagger Spray","Caltrops"],"picked":"SKIP","floor":13.0},{"not_picked":["Unload","Dodge and Roll"],"picked":"Prepared","floor":14.0},{"not_picked":["Venomology","Wraith Form v2"],"picked":"Adrenaline","floor":16},{"not_picked":["Bane+1","Dagger Throw"],"picked":"PiercingWail","floor":18},{"not_picked":["Prepared","Poisoned Stab+1","Dagger Throw"],"picked":"SKIP","floor":21},{"not_picked":["Bullet Time","Catalyst"],"picked":"Tactician","floor":22},{"not_picked":["Skewer","Sucker Punch","Acrobatics"],"picked":"SKIP","floor":28},{"not_picked":["Bane+1","Sucker Punch","Bouncing Flask"],"picked":"SKIP","floor":30},{"not_picked":["Bane","Infinite Blades"],"picked":"Blur","floor":31}],"player_experience":280862,"relics_obtained":[{"floor":6.0,"key":"Nunchaku"},{"floor":8.0,"key":"CeramicFish"},{"floor":9.0,"key":"Ancient Tea Set"},{"floor":26,"key":"Whetstone"}],"event_choices":[{"damage_healed":0.0,"max_hp_gain":0.0,"max_hp_loss":0.0,"gold_gain":0.0,"event_name":"Shining Light","player_choice":"Ignored","floor":7.0,"gold_loss":0.0,"damage_taken":0.0},{"damage_healed":0.0,"max_hp_gain":0.0,"max_hp_loss":0.0,"gold_gain":0.0,"event_name":"Upgrade Shrine","player_choice":"Upgraded","floor":11.0,"gold_loss":0.0,"damage_taken":0.0,"cards_upgraded":["Predator"]},{"damage_healed":0,"gold_gain":0,"player_choice":"Shed Blood","damage_taken":21,"max_hp_gain":5,"max_hp_loss":0,"event_name":"Forgotten Altar","floor":24,"gold_loss":0}],"is_beta":false,"boss_relics":[{"not_picked":["Ring of the Serpent","Fusion Hammer"],"picked":"Philosopher\u0027s Stone"}],"items_purged_floors":[4,12,19],"is_endless":false,"potions_floor_spawned":[8,13,16,18,28,31],"killed_by":"Champ","ascension_level":20}}