{"host":"mljkxr5b6an9e5iz","time":1613569833,"event":{"mods":["AchievementEnabler","Aspiration","BaseMod","Colored Map","Conspire","Downfall","Hubris","Minty Spire (QoL Compilation)","Permanent Neow","Reliquary","Replay The Spire","StSLib"],"gold_per_floor":[109,109,109,109,109,128,140,140,103,103,103,113,132,148,178,193,193,294,294,313,303,218,218,218,218],"floor_reached":24,"language":"ENG","playtime":2907,"items_purged":[],"score":198,"play_id":"3fd8d44e-c99d-4c1d-af4c-f681a5b5d607","local_time":"20210217145033","is_ascension_mode":false,"campfire_choices":[{"data":"Uppercut","floor":8.0,"key":"SMITH"},{"data":"Ghostly Armor","floor":10.0,"key":"SMITH"},{"data":"ReplayTheSpireMod:Limb From Limb","floor":17.0,"key":"SMITH"}],"circlet_count":0,"master_deck":["Strike_R","Strike_R","Defend_R","Defend_R","Bash","Cleave","Uppercut+1","Ghostly Armor+1","hubris:ReadiedAction+1","ReplayTheSpireMod:Limb From Limb+1","Barricade","downfall:Bewildered","Spreading Infection","hubris:Wrath"],"relics":["Mark of Pain","hubris:Towel","CultistMask","reliquary:JackalopeAntler","Replay:Bottled Steam","Kintsugi","reliquary:HotPoker","reliquary:TatteredRug"],"acts_visited":["Exordium","TheCity"],"potions_floor_usage":[20],"damage_taken":[{"damage":1.0,"enemies":"Cultist","floor":1.0,"turns":3.0},{"damage":0.0,"enemies":"conspire:RoseBush","floor":6.0,"turns":3.0},{"damage":1.0,"enemies":"2 Louse","floor":7.0,"turns":3.0},{"damage":6.0,"enemies":"2 Fungi Beasts","floor":12.0,"turns":3.0},{"damage":0.0,"enemies":"Blue Slaver","floor":13.0,"turns":2.0},{"damage":0.0,"enemies":"Lots of Slimes","floor":14.0,"turns":2.0},{"damage":3.0,"enemies":"Gremlin Nob","floor":15.0,"turns":3.0},{"damage":7.0,"enemies":"Exordium Wildlife","floor":16.0,"turns":4.0},{"damage":44.0,"enemies":"Hexaghost","floor":18.0,"turns":11.0},{"damage":22,"enemies":"Spheric Guardian","floor":20,"turns":5},{"damage":12,"enemies":"2 Thieves","floor":21,"turns":4},{"damage":52,"enemies":"Cultist and Chosen","floor":24,"turns":4}],"seed_played":"1387503622","potions_obtained":[{"floor":6.0,"key":"Dexterity Potion"},{"floor":7.0,"key":"SpeedPotion"},{"floor":12.0,"key":"Flashbang"},{"floor":15.0,"key":"AttackPotion"},{"floor":18.0,"key":"Adrenaline Potion"},{"floor":20,"key":"Weak Potion"},{"floor":21,"key":"Toxic Potion"}],"is_trial":false,"path_per_floor":["M","?","?","PTL","PTL","M","M","R","$","R","T","M","M","M","E","M","R","B",null,"M","M","?","?","M"],"character_chosen":"IRONCLAD","items_purchased":["hubris:ReadiedAction+1"],"campfire_rested":0,"item_purchase_floors":[9],"current_hp_per_floor":[79,79,79,79,79,79,78,78,78,78,78,72,72,72,69,62,62,18,80,58,46,46,46,0,0],"gold":218,"neow_bonus":"BOSS_RELIC","is_daily":false,"chose_seed":true,"campfire_upgraded":3,"win_rate":0.0,"timestamp":1613569833,"path_taken":["M","?","?","PTL","PTL","M","?","R","$","R","T","M","M","M","E","M","R","BOSS","M","M","?","?","M"],"items_purchased_type":["Card"],"build_version":"2020-12-22","purchased_purges":0,"victory":false,"max_hp_per_floor":[80,80,80,80,80,80,80,80,80,80,80,80,80,80,80,80,80,80,80,80,80,80,80,80,80],"card_choices":[{"not_picked":["Thunderclap","Sword Boomerang"],"picked":"Cleave","floor":1.0},{"not_picked":["Perfected Strike","Dark Embrace"],"picked":"Uppercut","floor":6.0},{"not_picked":["ReplayTheSpireMod:Muscle Training","Entrench"],"picked":"Ghostly Armor","floor":7.0},{"not_picked":["Entrench","conspire:Charge"],"picked":"ReplayTheSpireMod:Limb From Limb","floor":12.0},{"not_picked":["Clothesline","hubris:StunningStrike","hubris:ReadiedAction"],"picked":"SKIP","floor":13.0},{"not_picked":["Clothesline","hubris:StunningStrike","hubris:ReadiedAction"],"picked":"SKIP","floor":13.0},{"not_picked":["Thunderclap","Armaments","Warcry"],"picked":"SKIP","floor":14.0},{"not_picked":["Pommel Strike","Intimidate","Headbutt"],"picked":"SKIP","floor":15.0},{"not_picked":["Iron Wave","Rampage","Searing Blow"],"picked":"SKIP","floor":16.0},{"not_picked":["Fiend Fire","Juggernaut"],"picked":"Barricade","floor":18.0},{"not_picked":["Clothesline","Warcry","Whirlwind"],"picked":"SKIP","floor":20},{"not_picked":["hubris:ReadiedAction","Abandon","Massacre"],"picked":"SKIP","floor":21}],"player_experience":8887,"relics_obtained":[{"floor":11.0,"key":"reliquary:JackalopeAntler"},{"floor":15.0,"key":"Replay:Bottled Steam"}],"event_choices":[{"damage_healed":0.0,"max_hp_gain":0.0,"max_hp_loss":0.0,"gold_gain":0.0,"event_name":"FaceTrader","player_choice":"Trade","floor":3.0,"gold_loss":0.0,"damage_taken":0.0,"relics_obtained":["CultistMask"]},{"damage_healed":0,"gold_gain":0,"player_choice":"Obtained Relic","damage_taken":0,"relics_obtained":["reliquary:HotPoker"],"max_hp_gain":0,"max_hp_loss":0,"event_name":"Addict","floor":22,"gold_loss":85}],"is_beta":false,"boss_relics":[{"not_picked":["conspire:SpecialSausage","ReplayTheSpireMod:DimensionalGlitch"],"picked":"Kintsugi"}],"items_purged_floors":[],"is_endless":false,"potions_floor_spawned":[6,7,12,15,18,20,21],"killed_by":"Cultist and Chosen","ascension_level":0}}