{"host":"254qdhpnbonm8z0p","time":1613563261,"event":{"mods":["AchievementEnabler","BaseMod","Block Reminder","Colored Map","Colored Powertips","Minty Spire (QoL Compilation)","ojb\u0027s Better Paths Mod"],"gold_per_floor":[119,119,138,138,152,152,184,204,204,14,33,33,33,33,33,135,135,148,148,73,103,118,118,118,118,118,134,134,149,149,167,167,265,265,277,377,393,393,393,393,407,423,469,56,67,67,67],"floor_reached":46,"language":"ENG","playtime":4125,"items_purged":["Defend_B","Defend_B"],"score":489,"play_id":"5465fe0d-0c04-4bef-bea2-74ff48947f8c","local_time":"20210217040101","is_ascension_mode":true,"campfire_choices":[{"data":"Streamline","floor":6,"key":"SMITH"},{"data":"Genetic Algorithm","floor":12,"key":"SMITH"},{"floor":15,"key":"REST"},{"data":"Defragment","floor":23,"key":"SMITH"},{"floor":25,"key":"REST"},{"data":"Static Discharge","floor":30,"key":"SMITH"},{"floor":32,"key":"REST"},{"data":"Creative AI","floor":40,"key":"SMITH"}],"circlet_count":0,"master_deck":["Strike_B","Defend_B","Zap","Dualcast","Streamline+1","Loop","Rebound","Genetic Algorithm+1","Darkness","Static Discharge+1","Seek","Machine Learning+1","Sunder+1","Consume+1","Defragment+1","Barrage+1","Defragment+1","Creative AI+1","Beam Cell+1","Conserve Battery+1","Madness","Defragment","Conserve Battery"],"relics":["Cracked Core","Orichalcum","Meat on the Bone","Odd Mushroom","Bottled Flame","Potion Belt","Astrolabe","Red Mask","Mummified Hand","Inserter","Juzu Bracelet","StoneCalendar"],"acts_visited":["Exordium","TheCity","TheBeyond"],"potions_floor_usage":[12,21,33,46],"damage_taken":[{"damage":0,"enemies":"2 Louse","floor":1,"turns":2},{"damage":6,"enemies":"Jaw Worm","floor":3,"turns":3},{"damage":1,"enemies":"Cultist","floor":5,"turns":3},{"damage":20,"enemies":"Gremlin Nob","floor":7,"turns":4},{"damage":10,"enemies":"The Mushroom Lair","floor":8,"turns":4},{"damage":17,"enemies":"Lots of Slimes","floor":11,"turns":4},{"damage":42,"enemies":"Hexaghost","floor":16,"turns":8},{"damage":16,"enemies":"Spheric Guardian","floor":18,"turns":4},{"damage":22,"enemies":"Masked Bandits","floor":21,"turns":4},{"damage":20,"enemies":"2 Thieves","floor":22,"turns":4},{"damage":19,"enemies":"3 Cultists","floor":27,"turns":5},{"damage":10,"enemies":"Snake Plant","floor":29,"turns":3},{"damage":17,"enemies":"Centurion and Healer","floor":31,"turns":3},{"damage":48,"enemies":"Collector","floor":33,"turns":6},{"damage":6,"enemies":"3 Shapes","floor":35,"turns":4},{"damage":5,"enemies":"Orb Walker","floor":37,"turns":3},{"damage":27,"enemies":"Maw","floor":41,"turns":6},{"damage":19,"enemies":"3 Darklings","floor":42,"turns":4},{"damage":32,"enemies":"Jaw Worm Horde","floor":45,"turns":5},{"damage":30,"enemies":"Transient","floor":46,"turns":3}],"seed_played":"-5746119886454907357","potions_obtained":[{"floor":1,"key":"ColorlessPotion"},{"floor":3,"key":"Ancient Potion"},{"floor":5,"key":"FocusPotion"},{"floor":11,"key":"Fruit Juice"},{"floor":16,"key":"LiquidBronze"},{"floor":22,"key":"Dexterity Potion"},{"floor":27,"key":"Ancient Potion"},{"floor":31,"key":"Explosive Potion"},{"floor":37,"key":"LiquidBronze"},{"floor":42,"key":"Energy Potion"}],"is_trial":false,"path_per_floor":["M","?","M","?","M","R","E","?","T","$","M","R","$","?","R","B",null,"M","?","$","?","M","R","?","R","T","M","?","M","R","M","R","B",null,"M","?","M","?","?","R","M","M","T","$","M","M"],"character_chosen":"DEFECT","items_purchased":["Static Discharge","Potion Belt","StoneCalendar","Conserve Battery"],"campfire_rested":3,"item_purchase_floors":[10,10,44,44],"current_hp_per_floor":[75,80,74,74,73,73,53,43,43,43,38,43,43,36,61,31,85,69,69,69,47,39,39,23,50,50,43,73,63,63,46,73,37,90,84,84,79,79,79,79,52,45,45,45,25,0,0],"gold":67,"neow_bonus":"RANDOM_COMMON_RELIC","is_daily":false,"chose_seed":false,"campfire_upgraded":5,"win_rate":0.0,"timestamp":1613563261,"path_taken":["M","?","M","?","M","R","E","?","T","?","?","R","?","?","R","BOSS","M","?","?","?","M","R","?","R","T","M","?","M","R","M","R","BOSS","M","?","?","?","?","R","M","M","T","$","M","M"],"items_purchased_type":["Card","Relic","Relic","Card"],"build_version":"2020-12-22","purchased_purges":2,"victory":false,"max_hp_per_floor":[75,80,80,80,80,80,80,80,80,80,80,85,85,85,85,85,85,85,85,85,85,85,85,90,90,90,90,90,90,90,90,90,90,90,90,90,90,90,90,90,90,90,90,90,90,90,90],"card_choices":[{"not_picked":["Reinforced Body","Cold Snap"],"picked":"Streamline","floor":1},{"not_picked":["Hologram","Sweeping Beam"],"picked":"Loop","floor":3},{"not_picked":["Compile Driver","Steam"],"picked":"Rebound","floor":5},{"not_picked":["Beam Cell","Rebound"],"picked":"Genetic Algorithm","floor":7},{"not_picked":["Chill","Steam"],"picked":"Darkness","floor":8},{"not_picked":["Barrage","Sweeping Beam"],"picked":"Seek","floor":11},{"not_picked":["Ball Lightning","Auto Shields"],"picked":"Defragment","floor":18},{"not_picked":["Reinforced Body","Cold Snap"],"picked":"Barrage+1","floor":22},{"not_picked":["Sweeping Beam","Scrape","Leap+1"],"picked":"SKIP","floor":27},{"not_picked":["Darkness","Hello World"],"picked":"Defragment+1","floor":29},{"not_picked":["Force Field","Hologram"],"picked":"Creative AI","floor":31},{"not_picked":["Coolheaded+1","Turbo+1"],"picked":"Beam Cell+1","floor":35},{"not_picked":["Cold Snap","Scrape+1"],"picked":"Conserve Battery+1","floor":37},{"not_picked":["Discovery","Mind Blast"],"picked":"Madness","floor":38},{"not_picked":["Conserve Battery","Gash+1"],"picked":"Defragment","floor":41},{"not_picked":["All For One","Beam Cell","Rip and Tear"],"picked":"SKIP","floor":42},{"not_picked":["Rip and Tear","Sunder","Tempest+1"],"picked":"SKIP","floor":45}],"player_experience":122405,"relics_obtained":[{"floor":7,"key":"Meat on the Bone"},{"floor":8,"key":"Odd Mushroom"},{"floor":9,"key":"Bottled Flame"},{"floor":21,"key":"Red Mask"},{"floor":26,"key":"Mummified Hand"},{"floor":43,"key":"Juzu Bracelet"}],"event_choices":[{"damage_healed":0,"gold_gain":0,"player_choice":"Donut","damage_taken":0,"max_hp_gain":5,"max_hp_loss":0,"event_name":"Big Fish","floor":2,"gold_loss":0},{"damage_healed":0,"gold_gain":0,"player_choice":"Ignored","damage_taken":0,"max_hp_gain":0,"max_hp_loss":0,"event_name":"Liars Game","floor":4,"gold_loss":0},{"damage_healed":0,"gold_gain":0,"player_choice":"Fought Mushrooms","damage_taken":0,"max_hp_gain":0,"max_hp_loss":0,"event_name":"Mushrooms","floor":8,"gold_loss":0},{"cards_removed":["Strike_B"],"damage_healed":0,"gold_gain":0,"player_choice":"Card Removal","damage_taken":7,"max_hp_gain":0,"max_hp_loss":0,"event_name":"Golden Wing","floor":14,"gold_loss":0},{"damage_healed":0,"gold_gain":0,"player_choice":"Bought 0 Potions","damage_taken":0,"max_hp_gain":0,"max_hp_loss":0,"event_name":"The Woman in Blue","floor":19,"gold_loss":0},{"damage_healed":0,"gold_gain":0,"player_choice":"Fought Bandits","damage_taken":0,"max_hp_gain":0,"max_hp_loss":0,"event_name":"Masked Bandits","floor":21,"gold_loss":0},{"damage_healed":0,"gold_gain":0,"player_choice":"Shed Blood","damage_taken":21,"max_hp_gain":5,"max_hp_loss":0,"event_name":"Forgotten Altar","floor":24,"gold_loss":0},{"damage_healed":30,"gold_gain":0,"player_choice":"Heal","damage_taken":0,"max_hp_gain":0,"max_hp_loss":0,"event_name":"The Library","floor":28,"gold_loss":0},{"damage_healed":0,"gold_gain":100,"player_choice":"Pray","damage_taken":0,"max_hp_gain":0,"max_hp_loss":0,"event_name":"Golden Shrine","floor":36,"gold_loss":0},{"damage_healed":0,"gold_gain":0,"player_choice":"Memory 1","damage_taken":0,"max_hp_gain":0,"max_hp_loss":0,"event_name":"SensoryStone","floor":38,"gold_loss":0},{"damage_healed":0,"gold_gain":0,"player_choice":"Ignored","damage_taken":0,"max_hp_gain":0,"max_hp_loss":0,"event_name":"Mysterious Sphere","floor":39,"gold_loss":0}],"is_beta":false,"boss_relics":[{"not_picked":["Ectoplasm","Nuclear Battery"],"picked":"Astrolabe"},{"not_picked":["Empty Cage","FrozenCore"],"picked":"Inserter"}],"items_purged_floors":[20,44],"is_endless":false,"potions_floor_spawned":[1,3,5,11,16,22,27,31,37,42],"killed_by":"Transient","ascension_level":1}}