{"host":"4tf6m7aukoo0nksr","time":1613578670,"event":{"mods":["AchievementEnabler","BaseMod","Better Vampires","Colored Map","Colored Powertips","Minty Spire (QoL Compilation)","Permanent Neow","StSLib","SuperFastMode","The Marked","Waifu the Spire"],"gold_per_floor":[115,115,130,193,213,213,38,38,38,53,81,97,109,159,159,259,259,269,146,160,229,279,279,63,96,96,131,131,181,195,271,271,271,271],"floor_reached":33,"language":"ZHS","playtime":1483,"items_purged":["Defend_P","Strike_P","Defend_P"],"score":341,"play_id":"8ee336e5-de1b-4fe2-a682-07faca5eaf50","local_time":"20210218001750","is_ascension_mode":true,"campfire_choices":[{"data":"ClearTheMind","floor":6.0,"key":"SMITH"},{"data":"Eruption","floor":8.0,"key":"SMITH"},{"floor":15.0,"key":"RECALL"},{"data":"MentalFortress","floor":23.0,"key":"SMITH"},{"data":"Dramatic Entrance","floor":28.0,"key":"SMITH"},{"floor":32,"key":"REST"}],"circlet_count":0,"master_deck":["Strike_P","Defend_P","Eruption+1","Vigilance","MentalFortress+1","ClearTheMind+1","Protect+1","ForeignInfluence+1","Crescendo+1","Scrawl+1","WaveOfTheHand+1","EmptyBody+1","Prostrate+1","DeusExMachina+1","Evaluate+1","Dramatic Entrance+1","Evaluate+1","Prostrate+1","Wish+1"],"relics":["PureWater","SsserpentHead","Bag of Preparation","Toxic Egg 2","Lizard Tail","Philosopher\u0027s Stone","Toy Ornithopter","Singing Bowl","The Courier"],"acts_visited":["Exordium","TheCity"],"potions_floor_usage":[],"damage_taken":[{"damage":0.0,"enemies":"Jaw Worm","floor":1.0,"turns":6.0},{"damage":0.0,"enemies":"Cultist","floor":3.0,"turns":2.0},{"damage":2.0,"enemies":"Small Slimes","floor":4.0,"turns":4.0},{"damage":3.0,"enemies":"Exordium Thugs","floor":10.0,"turns":7.0},{"damage":8.0,"enemies":"Gremlin Nob","floor":11.0,"turns":5.0},{"damage":1.0,"enemies":"Looter","floor":12.0,"turns":3.0},{"damage":0.0,"enemies":"Gremlin Gang","floor":13.0,"turns":4.0},{"damage":38.0,"enemies":"Slime Boss","floor":16.0,"turns":12.0},{"damage":2.0,"enemies":"Shell Parasite","floor":18.0,"turns":3.0},{"damage":8.0,"enemies":"Chosen","floor":20.0,"turns":5.0},{"damage":18.0,"enemies":"Snecko","floor":21.0,"turns":12.0},{"damage":0.0,"enemies":"Gremlin Leader","floor":25.0,"turns":6.0},{"damage":13.0,"enemies":"Book of Stabbing","floor":27.0,"turns":7.0},{"damage":15,"enemies":"Cultist and Chosen","floor":30,"turns":16},{"damage":0,"enemies":"Champ","floor":33,"turns":2}],"seed_played":"2509616585912554031","potions_obtained":[{"floor":1.0,"key":"PowerPotion"},{"floor":5.0,"key":"CultistPotion"},{"floor":5.0,"key":"Block Potion"},{"floor":10.0,"key":"ColorlessPotion"},{"floor":11.0,"key":"Explosive Potion"},{"floor":16.0,"key":"BlessingOfTheForge"},{"floor":18.0,"key":"Energy Potion"},{"floor":25.0,"key":"FairyPotion"},{"floor":27.0,"key":"LiquidMemories"}],"is_trial":false,"path_per_floor":["M","?","M","M","?","R","$","R","T","M","E","M","M","?","R","B",null,"M","$","M","M","?","R","$","E","T","E","R","?","M","T","R","B"],"character_chosen":"WATCHER","items_purchased":["Bag of Preparation","EmptyBody+1","Dramatic Entrance","Evaluate+1"],"campfire_rested":1,"item_purchase_floors":[7,19,24,24],"current_hp_per_floor":[65,65,65,63,63,63,63,63,63,60,52,51,51,51,51,13,65,63,63,55,37,37,37,37,37,37,24,24,24,11,11,31,31,31],"gold":271,"neow_bonus":"REMOVE_TWO","is_daily":false,"chose_seed":false,"campfire_upgraded":4,"win_rate":0.0,"timestamp":1613578670,"path_taken":["M","?","M","?","?","R","?","R","T","M","E","M","M","?","R","BOSS","M","$","M","?","?","R","?","E","T","E","R","?","M","?","R","BOSS"],"items_purchased_type":["Relic","Card","Card","Card"],"build_version":"2020-12-22","purchased_purges":3,"victory":false,"max_hp_per_floor":[65,65,65,65,65,65,65,65,65,65,65,65,65,65,65,65,65,65,65,65,65,65,65,65,65,65,65,65,65,67,67,67,67,67],"card_choices":[{"not_picked":["EmptyFist","LikeWater","CrushJoints"],"picked":"SKIP","floor":1.0},{"not_picked":["FollowUp","EmptyBody"],"picked":"MentalFortress","floor":3.0},{"not_picked":["PathToVictory","CutThroughFate"],"picked":"ClearTheMind","floor":4.0},{"not_picked":["ThirdEye+1","EmptyMind+1"],"picked":"Protect+1","floor":10.0},{"not_picked":["BowlingBash","Study"],"picked":"ForeignInfluence+1","floor":11.0},{"not_picked":["Wireheading","Study","FollowUp"],"picked":"SKIP","floor":12.0},{"not_picked":["ClearTheMind+1","SignatureMove"],"picked":"Crescendo+1","floor":13.0},{"not_picked":["Devotion","DeusExMachina+1"],"picked":"Scrawl+1","floor":16.0},{"not_picked":["Halt+1","CutThroughFate"],"picked":"WaveOfTheHand+1","floor":18.0},{"not_picked":["FollowUp","InnerPeace+1"],"picked":"Prostrate+1","floor":20.0},{"not_picked":["Crescendo+1","Consecrate"],"picked":"DeusExMachina+1","floor":21.0},{"not_picked":["Consecrate","SashWhip"],"picked":"Prostrate+1","floor":25.0},{"not_picked":["Swivel+1","WaveOfTheHand+1"],"picked":"Wish+1","floor":27.0},{"not_picked":["PathToVictory+1","Prostrate+1","WreathOfFlame+1"],"picked":"Singing Bowl","floor":30}],"player_experience":111105,"relics_obtained":[{"floor":9.0,"key":"Toxic Egg 2"},{"floor":11.0,"key":"Lizard Tail"},{"floor":25.0,"key":"Toy Ornithopter"},{"floor":26.0,"key":"Singing Bowl"},{"floor":27.0,"key":"The Courier"}],"event_choices":[{"damage_healed":0.0,"max_hp_gain":0.0,"max_hp_loss":0.0,"gold_gain":0.0,"event_name":"FaceTrader","player_choice":"Trade","floor":2.0,"gold_loss":0.0,"damage_taken":0.0,"relics_obtained":["SsserpentHead"]},{"damage_healed":0.0,"max_hp_gain":0.0,"max_hp_loss":0.0,"gold_gain":0.0,"event_name":"The Woman in Blue","player_choice":"Bought 2 Potions","floor":5.0,"gold_loss":0.0,"damage_taken":0.0},{"cards_removed":["Defend_P"],"damage_healed":0.0,"max_hp_gain":0.0,"max_hp_loss":0.0,"gold_gain":0.0,"event_name":"Bonfire Elementals","player_choice":"Offered Basic","floor":14.0,"gold_loss":0.0,"damage_taken":0.0},{"damage_healed":0.0,"max_hp_gain":0.0,"max_hp_loss":0.0,"gold_gain":0.0,"event_name":"Match and Keep!","player_choice":"1 cards matched","floor":22.0,"gold_loss":0.0,"damage_taken":0.0,"cards_obtained":["Evaluate"]},{"damage_healed":0.0,"max_hp_gain":0.0,"max_hp_loss":0.0,"gold_gain":0.0,"event_name":"Ghosts","player_choice":"Ignored","floor":29.0,"gold_loss":0.0,"damage_taken":0.0}],"is_beta":false,"boss_relics":[{"not_picked":["Empty Cage","Ectoplasm"],"picked":"Philosopher\u0027s Stone"}],"items_purged_floors":[7,19,24],"is_endless":false,"potions_floor_spawned":[1,10,11,16,18,25,27],"killed_by":"Champ","ascension_level":2}}