{"host":"ia9e4s524g7bamk7","time":1613555470,"event":{"mods":["AchievementEnabler","BaseMod","Colored Map","Minty Spire (QoL Compilation)","Permanent Neow","Slay-I","slay the spire mod where everything is the same but ironclad has a cowboy hat"],"gold_per_floor":[117,129,140,155,166,166,179,204,204,204,204,239,35,61,61,166,166,176,191,191,191,191,225,225,251,277,297,297,297,325,336,336,434,434,447,497,208,208,228,256,268,268,318,343,343,362,362,140,140,140,140,140,15,45,45,45],"floor_reached":55,"language":"ENG","playtime":5034,"items_purged":["Strike_R","Strike_R"],"score":1044,"play_id":"426d5703-1558-49fc-9897-493590e9704e","local_time":"20210217105110","is_ascension_mode":true,"campfire_choices":[{"data":"Infernal Blade","floor":6.0,"key":"SMITH"},{"data":"Iron Wave","floor":10.0,"key":"SMITH"},{"floor":15.0,"key":"REST"},{"floor":24,"key":"RECALL"},{"floor":28,"key":"REST"},{"floor":32,"key":"REST"},{"floor":42,"key":"REST"},{"floor":45,"key":"REST"},{"floor":47,"key":"REST"},{"floor":49,"key":"REST"},{"floor":52,"key":"REST"}],"circlet_count":0,"master_deck":["Strike_R","Strike_R","Strike_R","Defend_R","Defend_R","Defend_R","Defend_R","Bash","Purity","Iron Wave+1","Twin Strike","Metallicize","Infernal Blade+1","Shockwave","Inflame","Disarm","Reaper","Flex","Metallicize+1","Iron Wave","Reaper","Metallicize+1","Iron Wave","Intimidate+1","Whirlwind+1","J.A.X.","Berserk+1","Headbutt+1","Demon Form+1","Disarm","Flex+1","Apotheosis","Pommel Strike+1","Berserk+1","Pommel Strike+1","Pummel+1","True Grit+1","Exhume","Bludgeon+1"],"relics":["Burning Blood","Nunchaku","Frozen Egg 2","Mummified Hand","HornCleat","Fusion Hammer","Oddly Smooth Stone","Molten Egg 2","Boot","Toy Ornithopter","Snecko Eye","Charon\u0027s Ashes","Bag of Marbles","Singing Bowl","Bottled Flame"],"acts_visited":["Exordium","TheCity","TheBeyond","TheEnding"],"potions_floor_usage":[23,25,33,33,40,41,50,55,55,55,55],"damage_taken":[{"damage":8.0,"enemies":"Jaw Worm","floor":1.0,"turns":5.0},{"damage":10.0,"enemies":"2 Louse","floor":2.0,"turns":3.0},{"damage":7.0,"enemies":"Small Slimes","floor":3.0,"turns":3.0},{"damage":18.0,"enemies":"3 Louse","floor":4.0,"turns":3.0},{"damage":6.0,"enemies":"2 Fungi Beasts","floor":5.0,"turns":5.0},{"damage":11.0,"enemies":"Red Slaver","floor":7.0,"turns":3.0},{"damage":27.0,"enemies":"Lagavulin","floor":8.0,"turns":6.0},{"damage":20.0,"enemies":"3 Louse","floor":11.0,"turns":4.0},{"damage":24.0,"enemies":"3 Sentries","floor":12.0,"turns":9.0},{"damage":6.0,"enemies":"Gremlin Nob","floor":14.0,"turns":4.0},{"damage":19.0,"enemies":"The Guardian","floor":16.0,"turns":11.0},{"damage":16,"enemies":"Chosen","floor":18,"turns":6},{"damage":8,"enemies":"3 Byrds","floor":19,"turns":7},{"damage":46,"enemies":"Slavers","floor":23,"turns":8},{"damage":34,"enemies":"Gremlin Leader","floor":25,"turns":8},{"damage":24,"enemies":"Snecko","floor":27,"turns":6},{"damage":18,"enemies":"Book of Stabbing","floor":30,"turns":6},{"damage":9,"enemies":"Cultist and Chosen","floor":31,"turns":8},{"damage":44,"enemies":"Collector","floor":33,"turns":10},{"damage":22,"enemies":"3 Shapes","floor":35,"turns":6},{"damage":3,"enemies":"Mind Bloom Boss Battle","floor":36,"turns":5},{"damage":3,"enemies":"Orb Walker","floor":39,"turns":5},{"damage":24,"enemies":"Giant Head","floor":40,"turns":6},{"damage":47,"enemies":"4 Shapes","floor":41,"turns":2},{"damage":21,"enemies":"Reptomancer","floor":44,"turns":4},{"damage":12,"enemies":"Maw","floor":46,"turns":7},{"damage":57,"enemies":"Awakened One","floor":50,"turns":11},{"damage":35,"enemies":"Shield and Spear","floor":54,"turns":4},{"damage":173,"enemies":"The Heart","floor":55,"turns":9}],"seed_played":"76482833030916006","potions_obtained":[{"floor":1.0,"key":"Energy Potion"},{"floor":2.0,"key":"FearPotion"},{"floor":7.0,"key":"Block Potion"},{"floor":14.0,"key":"FearPotion"},{"floor":23,"key":"Fire Potion"},{"floor":27,"key":"EssenceOfSteel"},{"floor":31,"key":"LiquidBronze"},{"floor":35,"key":"ColorlessPotion"},{"floor":38,"key":"ColorlessPotion"},{"floor":38,"key":"HeartOfIron"}],"is_trial":false,"path_per_floor":["M","M","M","M","M","R","M","E","T","R","M","E","$","E","R","B",null,"M","M","?","?","?","E","R","E","T","M","R","?","E","M","R","B",null,"M","?","$","?","M","E","M","R","T","E","R","M","R","$","R","B",null,"R","$","E","B"],"character_chosen":"IRONCLAD","items_purchased":["SkillPotion","Metallicize+1","Apotheosis","Exhume","EntropicBrew","SkillPotion","Bludgeon+1","Energy Potion"],"campfire_rested":8,"item_purchase_floors":[13,13,37,48,48,48,53,53],"current_hp_per_floor":[70,66,65,53,53,53,48,27,27,27,13,9,9,18,42,33,68,70,80,80,65,65,49,49,51,51,39,64,64,64,84,85,85,85,76,85,85,85,85,72,85,85,85,81,85,85,85,85,85,67,81,85,85,79,0,0],"gold":45,"neow_bonus":"RANDOM_COLORLESS","is_daily":false,"chose_seed":false,"campfire_upgraded":2,"win_rate":0.0,"timestamp":1613555470,"path_taken":["M","M","M","M","M","R","M","E","T","R","M","E","$","E","R","BOSS","M","M","?","?","?","E","R","E","T","M","R","?","E","M","R","BOSS","M","?","$","?","M","E","?","R","T","E","R","M","R","$","R","BOSS","R","$","E","BOSS"],"items_purchased_type":["Potion","Card","Card","Card","Potion","Potion","Card","Potion"],"build_version":"2020-12-22","purchased_purges":2,"victory":false,"max_hp_per_floor":[80,80,80,80,80,80,80,80,80,80,80,80,80,80,80,80,80,80,80,80,85,85,85,85,85,85,85,85,85,85,85,85,85,85,85,85,85,85,85,85,85,85,85,85,85,85,85,85,85,85,85,85,85,87,87,87],"card_choices":[{"not_picked":["Madness","Finesse"],"picked":"Purity","floor":0.0},{"not_picked":["Body Slam","Battle Trance"],"picked":"Iron Wave","floor":1.0},{"not_picked":["Clash","Havoc"],"picked":"Twin Strike","floor":2.0},{"not_picked":["Pommel Strike","Havoc"],"picked":"Metallicize","floor":3.0},{"not_picked":["Combust","True Grit"],"picked":"Infernal Blade","floor":4.0},{"not_picked":["Body Slam","Rupture"],"picked":"Shockwave","floor":5.0},{"not_picked":["Clash","True Grit"],"picked":"Inflame","floor":7.0},{"not_picked":["Fire Breathing","Cleave"],"picked":"Disarm","floor":8.0},{"not_picked":["Armaments","Sword Boomerang"],"picked":"Reaper","floor":11.0},{"not_picked":["Blood for Blood","Dual Wield"],"picked":"Flex","floor":12.0},{"not_picked":["Shrug It Off","Perfected Strike"],"picked":"Iron Wave","floor":14.0},{"not_picked":["Juggernaut+1","Double Tap"],"picked":"Reaper","floor":16.0},{"not_picked":["Battle Trance","Perfected Strike"],"picked":"Metallicize+1","floor":18},{"not_picked":["Pommel Strike","Heavy Blade","Rage"],"picked":"SKIP","floor":19},{"not_picked":["Flex","Burning Pact"],"picked":"Iron Wave","floor":23},{"not_picked":["Sword Boomerang+1","True Grit"],"picked":"Intimidate+1","floor":25},{"not_picked":["Perfected Strike+1","Combust+1"],"picked":"Whirlwind+1","floor":27},{"not_picked":["Clash+1","Clothesline+1"],"picked":"Berserk+1","floor":30},{"not_picked":["Heavy Blade+1","Clothesline+1"],"picked":"Headbutt+1","floor":31},{"not_picked":["Offering","Reaper+1"],"picked":"Demon Form+1","floor":33},{"not_picked":["Cleave+1","Dropkick+1"],"picked":"Disarm","floor":35},{"not_picked":["Clash+1","Shrug It Off"],"picked":"Flex+1","floor":36},{"not_picked":["Flex","Reckless Charge+1"],"picked":"Pommel Strike+1","floor":39},{"not_picked":["Hemokinesis+1","Flame Barrier"],"picked":"Berserk+1","floor":40},{"not_picked":["Pummel+1","Havoc"],"picked":"Pommel Strike+1","floor":41},{"not_picked":["Havoc+1","Iron Wave+1"],"picked":"Pummel+1","floor":44},{"not_picked":["Havoc","Heavy Blade+1"],"picked":"True Grit+1","floor":46},{"not_picked":["Anger+1","Shrug It Off+1","Clothesline+1"],"picked":"Singing Bowl","floor":54}],"player_experience":373218,"relics_obtained":[{"floor":8.0,"key":"Nunchaku"},{"floor":9.0,"key":"Frozen Egg 2"},{"floor":12.0,"key":"Mummified Hand"},{"floor":14.0,"key":"HornCleat"},{"floor":23,"key":"Oddly Smooth Stone"},{"floor":25,"key":"Molten Egg 2"},{"floor":26,"key":"Boot"},{"floor":30,"key":"Toy Ornithopter"},{"floor":36,"key":"Charon\u0027s Ashes"},{"floor":40,"key":"Bag of Marbles"},{"floor":44,"key":"Singing Bowl"},{"floor":54,"key":"Bottled Flame"}],"event_choices":[{"damage_healed":0,"gold_gain":0,"player_choice":"Ignored","damage_taken":0,"max_hp_gain":0,"max_hp_loss":0,"event_name":"Vampires","floor":20,"gold_loss":0},{"damage_healed":0,"gold_gain":0,"player_choice":"Shed Blood","damage_taken":20,"max_hp_gain":5,"max_hp_loss":0,"event_name":"Forgotten Altar","floor":21,"gold_loss":0},{"damage_healed":0,"gold_gain":0,"player_choice":"Ignored","damage_taken":0,"max_hp_gain":0,"max_hp_loss":0,"event_name":"Ghosts","floor":22,"gold_loss":0},{"damage_healed":0,"gold_gain":0,"player_choice":"Obtain J.A.X.","damage_taken":0,"max_hp_gain":0,"max_hp_loss":0,"event_name":"Drug Dealer","floor":29,"gold_loss":0,"cards_obtained":["J.A.X."]},{"damage_healed":0,"gold_gain":0,"player_choice":"Fight","damage_taken":0,"max_hp_gain":0,"max_hp_loss":0,"event_name":"MindBloom","floor":36,"gold_loss":0},{"damage_healed":0,"gold_gain":0,"player_choice":"Got Potions","damage_taken":0,"max_hp_gain":0,"max_hp_loss":0,"event_name":"Lab","floor":38,"gold_loss":0}],"is_beta":false,"boss_relics":[{"not_picked":["SlaversCollar","Black Blood"],"picked":"Fusion Hammer"},{"not_picked":["Mark of Pain","Coffee Dripper"],"picked":"Snecko Eye"}],"items_purged_floors":[13,37],"is_endless":false,"potions_floor_spawned":[1,2,7,14,23,27,31,35,39,54],"killed_by":"The Heart","ascension_level":7}}