{"host":"nzc89rt2v0ulh15o","time":1613598309,"event":{"mods":["2.2 Compatiblity","BaseMod","Downfall","Hermit","Hubris","Jorbs\u0027s Wanderer Trilogy","Minty Spire (QoL Compilation)","Replay The Spire","Shade Mod","Shop Mod","StSLib","The Bug Knight","The Construct","The Cursed","The Disciple","The Hierophant","The Runesmith","The Servant 0.9.4"],"gold_per_floor":[99,110,128,153,153,165,217,217,227,127,138,138,154,79,95,195,195,145,163,179,9,22,22,22,122,72,57,7,22,22,32,47,47,47,47],"floor_reached":33,"language":"SPA","playtime":2214,"items_purged":[],"score":278,"play_id":"1a9c9c47-35fa-4895-ae57-c215597eeaa7","local_time":"20210217154509","is_ascension_mode":true,"campfire_choices":[{"data":"Slimebound:Split","floor":1,"key":"SMITH"},{"floor":8,"key":"RECALL"},{"data":"Slimebound:SlimeSpikes","floor":10,"key":"SMITH"},{"data":"Slimebound:MinionMaster","floor":18,"key":"SMITH"},{"data":"Slimebound:AcidTongue","floor":23,"key":"SMITH"},{"data":"Slimebound:ServeAndProtect","floor":26,"key":"SMITH"},{"data":"Slimebound:LivingWall","floor":28,"key":"SMITH"}],"circlet_count":0,"master_deck":["Slimebound:Strike_Slimebound","Slimebound:Strike_Slimebound","Slimebound:Tackle","Slimebound:Defend_Slimebound","Slimebound:Defend_Slimebound","Slimebound:Split+1","Slimebound:CorrosiveSpit","Slimebound:SlimeTap","Slimebound:SplitMire+1","Slimebound:ViciousTackle","Slimebound:SlimeSpikes+1","Slimebound:LivingWall+1","Slimebound:MinionMaster+1","Slimebound:ServeAndProtect+1","Slimebound:AcidTongue+1","Slimebound:FormOfPuddle+1","Slimebound:Repurpose+1","Slimebound:SplitBruiser+1","downfall:Bewildered","Slimebound:HauntingLick+1","Slimebound:Equalize"],"relics":["Slimebound:AbsorbEndCombat","Strawberry","Regal Pillow","downfall:HeartBlessingRed","Slimebound:GreedOozeRelic","Lee\u0027s Waffle","Toxic Egg 2","construct:BoolHorns","Gremlin Horn"],"acts_visited":["Exordium","TheCity"],"potions_floor_usage":[22,31,32,33],"damage_taken":[{"damage":0,"enemies":"Cultist","floor":2,"turns":4},{"damage":3,"enemies":"Small Slimes","floor":3,"turns":2},{"damage":1,"enemies":"2 Louse","floor":6,"turns":2},{"damage":3,"enemies":"Large Slime","floor":9,"turns":3},{"damage":35,"enemies":"Gremlin Gang","floor":11,"turns":5},{"damage":0,"enemies":"Blue Slaver","floor":13,"turns":3},{"damage":12,"enemies":"Exordium Wildlife","floor":15,"turns":3},{"damage":6,"enemies":"SI_SHIV_ARCHETYPE","floor":16,"turns":5},{"damage":44,"enemies":"downfall:LooterAlt2","floor":19,"turns":5},{"damage":21,"enemies":"Shell Parasite","floor":20,"turns":5},{"damage":6,"enemies":"downfall:FleeingMerchant","floor":21,"turns":4},{"damage":17,"enemies":"Chosen and Byrds","floor":22,"turns":5},{"damage":22,"enemies":"IC_STATUS_ARCHETYPE","floor":25,"turns":9},{"damage":9,"enemies":"downfall:FleeingMerchant","floor":27,"turns":4},{"damage":16,"enemies":"Sentry and Sphere","floor":29,"turns":8},{"damage":20,"enemies":"Cultist and Chosen","floor":31,"turns":6},{"damage":16,"enemies":"Centurion and Healer","floor":32,"turns":6},{"damage":35,"enemies":"DF_ARCHETYPE_CLAW","floor":33,"turns":8}],"seed_played":"9179897098876377043","potions_obtained":[{"floor":2,"key":"SteroidPotion"},{"floor":3,"key":"Elixir"},{"floor":9,"key":"Dexterity Potion"},{"floor":20,"key":"Weak Potion"},{"floor":25,"key":"Doom Potion"}],"is_trial":false,"path_per_floor":["R","M","M","T","?","M","T","R","M","R","M","?","M","?","M","B",null,"R","M","M","$","M","R","T","?","R","$","R","M","?","M","M","B"],"character_chosen":"SLIMEBOUND","items_purchased":["Lee\u0027s Waffle"],"campfire_rested":0,"item_purchase_floors":[21],"current_hp_per_floor":[71,71,70,77,77,78,78,78,77,77,46,46,50,50,46,42,78,78,38,23,85,72,72,72,56,56,51,51,41,41,27,17,0,0,0],"gold":47,"neow_bonus":"TEN_PERCENT_HP_BONUS","is_daily":false,"chose_seed":false,"campfire_upgraded":6,"win_rate":0.0,"timestamp":1613598309,"path_taken":["R","M","M","?","?","?","T","R","M","R","M","?","M","?","M","BOSS","R","M","M","$","M","R","T","?","R","$","R","M","?","?","M","BOSS"],"items_purchased_type":["Relic"],"build_version":"2020-12-22","purchased_purges":0,"victory":false,"max_hp_per_floor":[71,71,71,78,78,78,78,78,78,78,78,78,78,78,78,78,78,78,78,78,85,85,85,85,85,85,85,85,85,85,85,85,85,85,85],"card_choices":[{"not_picked":["Slimebound:Replication","Slimebound:Dissolve"],"picked":"Slimebound:SlimeTap","floor":2},{"not_picked":["Slimebound:Grow","Slimebound:SlimeSpikes"],"picked":"Slimebound:SplitMire","floor":3},{"not_picked":["Slimebound:SplitLeeching","Slimebound:LeechEnergy"],"picked":"Slimebound:ViciousTackle","floor":6},{"not_picked":["Slimebound:RainOfGoop","Slimebound:BestDefense"],"picked":"Slimebound:SlimeSpikes","floor":9},{"not_picked":["Slimebound:Prepare","Slimebound:DouseInSlime"],"picked":"Slimebound:LivingWall","floor":11},{"not_picked":["Slimebound:SplitMire","Slimebound:GoopTackle","Slimebound:GoopSpray"],"picked":"SKIP","floor":13},{"not_picked":["Slimebound:RollThrough","Slimebound:SlimeSpikes","Slimebound:DisruptingSlam"],"picked":"SKIP","floor":15},{"not_picked":["Slimebound:OozeBath","Slimebound:SlimeSlap"],"picked":"Slimebound:MinionMaster","floor":16},{"not_picked":["Slimebound:GoopSpray","Slimebound:Schlurp","Slimebound:SlimeBrawl+1"],"picked":"SKIP","floor":19},{"not_picked":["Slimebound:DivideAndConquer+1","Slimebound:RollThrough+1"],"picked":"Slimebound:ServeAndProtect","floor":20},{"not_picked":["Slimebound:LivingWall","Slimebound:LeechingTouch"],"picked":"Slimebound:AcidTongue","floor":21},{"not_picked":["Slimebound:SamplingLick","Slimebound:RollThrough","Slimebound:SplitLeeching"],"picked":"SKIP","floor":22},{"not_picked":["Slimebound:SplitLeeching+1","Slimebound:ComboTackle"],"picked":"Slimebound:FormOfPuddle+1","floor":25},{"not_picked":["Slimebound:HauntingLick+1","Slimebound:SplitMire+1"],"picked":"Slimebound:Repurpose+1","floor":27},{"not_picked":["Slimebound:HauntingLick+1","Slimebound:GoopSpray+1"],"picked":"Slimebound:SplitBruiser+1","floor":29},{"not_picked":["Slimebound:SamplingLick+1","Slimebound:GoopTackle"],"picked":"Slimebound:HauntingLick+1","floor":31},{"not_picked":["Slimebound:SlimeTap+1","Slimebound:MassFeed"],"picked":"Slimebound:Equalize","floor":32}],"player_experience":488346,"relics_obtained":[{"floor":4,"key":"Strawberry"},{"floor":7,"key":"Regal Pillow"},{"floor":24,"key":"Toxic Egg 2"},{"floor":25,"key":"construct:BoolHorns"},{"floor":25,"key":"Gremlin Horn"}],"event_choices":[],"is_beta":false,"boss_relics":[{"not_picked":["Snecko Eye","construct:WeddingRing","Ring of Chaos"]}],"items_purged_floors":[],"is_endless":false,"potions_floor_spawned":[2,3,9,20,25],"killed_by":"DF_ARCHETYPE_CLAW","ascension_level":1}}