{"host":"92108ef2q9tm8rod","time":1613575108,"event":{"mods":["BaseMod","Defuse TimeMaze Blight","Minty Spire (QoL Compilation)","StSLib","The Jungle"],"gold_per_floor":[112,112,125,141,154,180,180,180,180,196,196,196,206,248,248,343,343,363,363,363,378,119,119,133,133,133,165,190,218,218,234,234,335,335,345,358,373,391,95,95,113,144,190,215,242,242,268,61,61,61],"floor_reached":51,"language":"ENG","playtime":2462,"items_purged":["Beam Cell"],"score":1005,"play_id":"182ddafb-7148-4e39-8f5b-9b759b7576bc","local_time":"20210217151828","daily_mods":["SealedDeck","Colorless Cards","Heirloom","Flight"],"is_ascension_mode":false,"campfire_choices":[{"data":"White Noise","floor":7,"key":"SMITH"},{"data":"Trip","floor":8,"key":"SMITH"},{"data":"Melter","floor":12,"key":"SMITH"},{"data":"Melter","floor":15,"key":"SMITH"},{"data":"Panacea","floor":23,"key":"SMITH"},{"data":"Go for the Eyes","floor":25,"key":"SMITH"},{"data":"Coolheaded","floor":30,"key":"SMITH"},{"data":"Coolheaded","floor":32,"key":"SMITH"},{"data":"Coolheaded","floor":40,"key":"SMITH"},{"data":"Madness","floor":46,"key":"SMITH"},{"floor":49,"key":"REST"}],"circlet_count":0,"master_deck":["Melter+1","Conserve Battery","Coolheaded+1","Trip+1","White Noise+1","Coolheaded+1","Coolheaded+1","Melter+1","Go for the Eyes+1","Panacea+1","Bandage Up","Madness+1","Madness","Blind+1"],"relics":["Cracked Core","Lizard Tail","Smiling Mask","CeramicFish","Pantograph","Busted Crown","Cables","Mercury Hourglass","Singing Bowl","White Beast Statue","TungstenRod","Inserter","Bag of Marbles","Strawberry","Thread and Needle","Lantern","Peace Pipe","Gremlin Horn","DataDisk"],"acts_visited":["Exordium","Exordium","TheBeyond"],"potions_floor_usage":[16,29,33,37,38,44,50,50,50],"damage_taken":[{"damage":0,"enemies":"Cultist","floor":1,"turns":2},{"damage":2,"enemies":"Jaw Worm","floor":3,"turns":2},{"damage":1,"enemies":"2 Louse","floor":4,"turns":2},{"damage":7,"enemies":"Looter","floor":5,"turns":2},{"damage":4,"enemies":"3 Sentries","floor":6,"turns":7},{"damage":0,"enemies":"Large Slime","floor":10,"turns":4},{"damage":0,"enemies":"Red Slaver","floor":13,"turns":2},{"damage":5,"enemies":"Gremlin Nob","floor":14,"turns":4},{"damage":6,"enemies":"The Guardian","floor":16,"turns":8},{"damage":1,"enemies":"theJungle:GiantWrat","floor":18,"turns":3},{"damage":9,"enemies":"theJungle:Flameango_and_Byrd","floor":21,"turns":6},{"damage":1,"enemies":"theJungle:Lyon","floor":24,"turns":4},{"damage":0,"enemies":"theJungle:2_Phrogs","floor":27,"turns":6},{"damage":12,"enemies":"theJungle:Cassacara","floor":28,"turns":5},{"damage":0,"enemies":"theJungle:2_Phrogs","floor":29,"turns":5},{"damage":5,"enemies":"Snake Plant","floor":31,"turns":3},{"damage":3,"enemies":"theJungle:FunGuy","floor":33,"turns":8},{"damage":0,"enemies":"3 Shapes","floor":35,"turns":5},{"damage":0,"enemies":"Orb Walker","floor":36,"turns":3},{"damage":7,"enemies":"3 Darklings","floor":37,"turns":3},{"damage":7,"enemies":"Writhing Mass","floor":38,"turns":4},{"damage":41,"enemies":"Nemesis","floor":42,"turns":9},{"damage":2,"enemies":"Giant Head","floor":44,"turns":3},{"damage":0,"enemies":"Sphere and 2 Shapes","floor":45,"turns":3},{"damage":0,"enemies":"Nemesis","floor":47,"turns":5},{"damage":7,"enemies":"Awakened One","floor":50,"turns":12}],"seed_played":"847932408374041006","potions_obtained":[{"floor":3,"key":"PowerPotion"},{"floor":4,"key":"SteroidPotion"},{"floor":5,"key":"EssenceOfSteel"},{"floor":13,"key":"Dexterity Potion"},{"floor":16,"key":"Strength Potion"},{"floor":24,"key":"Explosive Potion"},{"floor":29,"key":"Weak Potion"},{"floor":33,"key":"DistilledChaos"},{"floor":37,"key":"DistilledChaos"},{"floor":38,"key":"Dexterity Potion"},{"floor":44,"key":"Explosive Potion"}],"is_trial":true,"path_per_floor":["M","$","M","M","M","E","R","R","T","M","?","R","M","E","R","B",null,"M","?","$","M","$","R","M","R","T","E","E","E","R","M","R","B",null,"M","M","M","M","$","R","?","E","T","E","M","R","E","$","R","B",null],"character_chosen":"DEFECT","items_purchased":["Cables","Bag of Marbles","Strawberry","DataDisk"],"campfire_rested":1,"item_purchase_floors":[22,39,39,48],"current_hp_per_floor":[75,75,73,72,65,61,61,61,61,61,61,61,61,56,56,73,75,75,75,75,70,70,70,73,73,73,77,71,73,73,78,78,82,85,87,89,88,87,94,94,82,47,47,51,55,55,61,61,92,103],"gold":61,"neow_bonus":"","is_daily":false,"chose_seed":false,"campfire_upgraded":10,"win_rate":0.0,"timestamp":1613575108,"path_taken":["M","$","M","M","M","E","R","R","T","M","?","R","M","E","R","BOSS","M","?","$","M","$","R","M","R","T","E","E","E","R","M","R","BOSS","M","?","M","M","$","R","?","E","T","E","M","R","E","$","R","BOSS"],"items_purchased_type":["Relic","Relic","Relic","Relic"],"build_version":"2020-12-22","purchased_purges":1,"victory":true,"max_hp_per_floor":[75,75,75,75,75,75,75,75,75,75,75,75,75,75,75,75,75,75,75,75,75,75,75,75,75,75,77,79,81,81,83,83,85,85,87,89,91,93,100,100,100,102,102,104,104,104,106,106,106,106],"card_choices":[{"not_picked":["Rip and Tear","Hello World","Compile Driver"],"picked":"SKIP","floor":1},{"not_picked":["Streamline","Turbo","PanicButton"],"picked":"SKIP","floor":3},{"not_picked":["Genetic Algorithm","Chaos","Heatsinks"],"picked":"SKIP","floor":4},{"not_picked":["Purity","Turbo","Streamline"],"picked":"SKIP","floor":5},{"not_picked":["Gash","Capacitor"],"picked":"Panacea","floor":6},{"not_picked":["Hello World","Steam","Hologram"],"picked":"SKIP","floor":10},{"not_picked":["Streamline","Turbo","Beam Cell"],"picked":"SKIP","floor":13},{"not_picked":["Secret Weapon","Compile Driver"],"picked":"Bandage Up","floor":14},{"not_picked":["Streamline"],"picked":"SKIP","floor":18},{"not_picked":["Melter"],"picked":"SKIP","floor":21},{"not_picked":["Chaos"],"picked":"SKIP","floor":24},{"not_picked":["Fusion+1"],"picked":"Singing Bowl","floor":27},{"not_picked":["Sunder"],"picked":"Singing Bowl","floor":28},{"not_picked":["Storm"],"picked":"Singing Bowl","floor":29},{"not_picked":["Dark Shackles"],"picked":"Singing Bowl","floor":31},{"not_picked":["Core Surge"],"picked":"Singing Bowl","floor":33},{"not_picked":["Rebound"],"picked":"Singing Bowl","floor":35},{"not_picked":["Gash+1"],"picked":"Singing Bowl","floor":36},{"not_picked":["Redo"],"picked":"Singing Bowl","floor":37},{"not_picked":["Redo+1"],"picked":"Singing Bowl","floor":38},{"not_picked":["Panacea"],"picked":"Singing Bowl","floor":42},{"not_picked":["Enlightenment"],"picked":"Singing Bowl","floor":44},{"not_picked":[],"picked":"Blind+1","floor":45},{"not_picked":["Ball Lightning+1"],"picked":"Singing Bowl","floor":47}],"player_experience":3430126,"relics_obtained":[{"floor":6,"key":"Smiling Mask"},{"floor":9,"key":"CeramicFish"},{"floor":14,"key":"Pantograph"},{"floor":26,"key":"Mercury Hourglass"},{"floor":27,"key":"Singing Bowl"},{"floor":28,"key":"White Beast Statue"},{"floor":29,"key":"TungstenRod"},{"floor":42,"key":"Thread and Needle"},{"floor":43,"key":"Lantern"},{"floor":44,"key":"Peace Pipe"},{"floor":47,"key":"Gremlin Horn"}],"event_choices":[{"damage_healed":0,"gold_gain":0,"player_choice":"Ignored","damage_taken":0,"max_hp_gain":0,"max_hp_loss":0,"event_name":"Liars Game","floor":11,"gold_loss":0},{"damage_healed":0,"gold_gain":0,"player_choice":"Ignored","damage_taken":0,"max_hp_gain":0,"max_hp_loss":0,"event_name":"NoteForYourself","floor":19,"gold_loss":0},{"damage_healed":0,"gold_gain":0,"player_choice":"Embrace Madness","damage_taken":13,"max_hp_gain":0,"max_hp_loss":0,"event_name":"Winding Halls","floor":41,"gold_loss":0,"cards_obtained":["Madness","Madness"]}],"is_beta":false,"boss_relics":[{"not_picked":["Tiny House","Cursed Key"],"picked":"Busted Crown"},{"not_picked":["Runic Dome","Calling Bell"],"picked":"Inserter"}],"items_purged_floors":[48],"is_endless":false,"potions_floor_spawned":[3,4,5,13,16,24,29,31,33,35,36,37,38,42,44,45,47],"ascension_level":0}}