{"host":"tr0r177cvmpvg89h","time":1613538230,"event":{"mods":["BaseMod","Colored Map","DeckTracker","Minty Spire (QoL Compilation)","StSLib","SuperFastMode"],"gold_per_floor":[109,128,142,142,152,162,162,192,192,192,367,392,392,404,404,499,499,512,512,121,132,97,97,97,111,135,149,49,62,80,80,80,180,180,191,66,66,84,434,482,482,45,68,96,96,116,116,129,129,129],"floor_reached":51,"language":"KOR","playtime":2608,"items_purged":["Strike_R","Shame","Defend_R","Defend_R"],"score":887,"play_id":"71581817-1eea-40ee-890f-c8439c7fe59f","local_time":"20210217140350","is_ascension_mode":false,"campfire_choices":[{"data":"Fire Breathing","floor":7,"key":"SMITH"},{"data":"Inflame","floor":10,"key":"SMITH"},{"data":"Power Through","floor":13,"key":"SMITH"},{"data":"Second Wind","floor":15,"key":"SMITH"},{"data":"Evolve","floor":23,"key":"SMITH"},{"floor":32,"key":"REST"},{"data":"Reckless Charge","floor":41,"key":"SMITH"},{"data":"Fire Breathing","floor":47,"key":"SMITH"},{"data":"Bash","floor":49,"key":"SMITH"}],"circlet_count":0,"master_deck":["Strike_R+1","Defend_R","Defend_R","Bash+1","Power Through+1","Inflame+1","Fire Breathing+1","Second Wind+1","Reckless Charge+1","Bandage Up+1","Evolve+1","Power Through+1","Fire Breathing+1","Writhe"],"relics":["Burning Blood","Singing Bowl","Whetstone","Toxic Egg 2","Lizard Tail","Mark of Pain","Red Skull","Vajra","Boot","Bronze Scales","MutagenicStrength","Empty Cage","Old Coin","Ginger","Brimstone","Regal Pillow","Anchor","Ancient Tea Set"],"acts_visited":["Exordium","TheCity","TheBeyond"],"potions_floor_usage":[5,8,29,33],"damage_taken":[{"damage":13,"enemies":"2 Louse","floor":1,"turns":2},{"damage":2,"enemies":"Small Slimes","floor":2,"turns":5},{"damage":5,"enemies":"Jaw Worm","floor":3,"turns":5},{"damage":33,"enemies":"Exordium Thugs","floor":5,"turns":6},{"damage":4,"enemies":"2 Fungi Beasts","floor":6,"turns":4},{"damage":28,"enemies":"Gremlin Nob","floor":8,"turns":4},{"damage":4,"enemies":"3 Sentries","floor":12,"turns":4},{"damage":0,"enemies":"Exordium Wildlife","floor":14,"turns":4},{"damage":0,"enemies":"Slime Boss","floor":16,"turns":6},{"damage":10,"enemies":"Spheric Guardian","floor":18,"turns":4},{"damage":28,"enemies":"3 Byrds","floor":21,"turns":4},{"damage":25,"enemies":"Shelled Parasite and Fungi","floor":25,"turns":6},{"damage":17,"enemies":"Centurion and Healer","floor":27,"turns":6},{"damage":37,"enemies":"Snake Plant","floor":29,"turns":3},{"damage":34,"enemies":"Sentry and Sphere","floor":30,"turns":5},{"damage":12,"enemies":"Automaton","floor":33,"turns":7},{"damage":3,"enemies":"Orb Walker","floor":35,"turns":4},{"damage":13,"enemies":"3 Shapes","floor":38,"turns":3},{"damage":20,"enemies":"Mind Bloom Boss Battle","floor":39,"turns":7},{"damage":18,"enemies":"2 Orb Walkers","floor":40,"turns":5},{"damage":0,"enemies":"Nemesis","floor":44,"turns":5},{"damage":7,"enemies":"Maw","floor":46,"turns":6},{"damage":0,"enemies":"Transient","floor":48,"turns":5},{"damage":9,"enemies":"Donu and Deca","floor":50,"turns":5}],"seed_played":"-1388643935916001379","potions_obtained":[{"floor":2,"key":"GamblersBrew"},{"floor":5,"key":"Fruit Juice"},{"floor":6,"key":"Strength Potion"},{"floor":8,"key":"BloodPotion"},{"floor":16,"key":"Energy Potion"},{"floor":27,"key":"DuplicationPotion"},{"floor":39,"key":"Ancient Potion"},{"floor":40,"key":"DuplicationPotion"}],"is_trial":false,"path_per_floor":["M","M","M","?","M","M","R","E","T","R","?","E","R","M","R","B",null,"M","?","$","M","$","R","?","M","T","M","$","M","M","?","R","B",null,"M","$","?","M","?","?","R","$","T","E","?","M","R","M","R","B",null],"character_chosen":"IRONCLAD","items_purchased":["Reckless Charge","Bandage Up+1","Vajra","Evolve","Brimstone","Regal Pillow"],"campfire_rested":1,"item_purchase_floors":[20,20,20,22,42,42],"current_hp_per_floor":[73,77,78,66,44,48,48,43,43,43,43,47,47,55,55,63,93,91,91,91,77,77,77,77,66,66,63,63,34,12,12,42,44,105,107,107,107,102,96,92,92,92,92,104,113,114,114,117,117,114],"gold":129,"neow_bonus":"TRANSFORM_CARD","is_daily":false,"chose_seed":false,"campfire_upgraded":8,"win_rate":0.0,"timestamp":1613538230,"path_taken":["M","M","M","?","M","M","R","E","T","R","?","E","R","M","R","BOSS","M","?","$","M","?","R","?","M","T","M","$","M","?","?","R","BOSS","M","$","?","M","?","?","R","$","T","E","?","M","R","M","R","BOSS"],"items_purchased_type":["Card","Card","Relic","Card","Relic","Relic"],"build_version":"2020-12-22","purchased_purges":4,"victory":true,"max_hp_per_floor":[80,80,80,80,85,87,87,87,87,87,87,89,89,91,91,93,93,95,95,95,97,97,97,97,99,99,101,101,103,103,103,103,105,105,107,107,107,109,111,113,113,113,113,113,113,115,115,117,117,117],"card_choices":[{"not_picked":["Body Slam","Wild Strike","Armaments"],"picked":"SKIP","floor":1},{"not_picked":["Headbutt","Anger"],"picked":"Inflame","floor":2},{"not_picked":["Shrug It Off","Seeing Red","Sentinel"],"picked":"SKIP","floor":3},{"not_picked":["Flex","Sentinel"],"picked":"Fire Breathing","floor":5},{"not_picked":["Clash","Armaments","Metallicize"],"picked":"Singing Bowl","floor":6},{"not_picked":["Burning Pact","Immolate"],"picked":"Second Wind","floor":8},{"not_picked":["Feel No Pain","Clash","Shrug It Off+1"],"picked":"Singing Bowl","floor":12},{"not_picked":["Shockwave+1","Sword Boomerang","Clash"],"picked":"Singing Bowl","floor":14},{"not_picked":["Bludgeon","Demon Form","Juggernaut"],"picked":"Singing Bowl","floor":16},{"not_picked":["Havoc+1","Warcry+1","Dropkick"],"picked":"Singing Bowl","floor":18},{"not_picked":["Spot Weakness+1","Headbutt","Searing Blow"],"picked":"Singing Bowl","floor":21},{"not_picked":["Perfected Strike","Heavy Blade","Anger"],"picked":"Singing Bowl","floor":25},{"not_picked":["Anger","Entrench+1","Twin Strike+1"],"picked":"Singing Bowl","floor":27},{"not_picked":["Double Tap+1","Perfected Strike","Seeing Red+1"],"picked":"Singing Bowl","floor":29},{"not_picked":["Dropkick","Shrug It Off+1"],"picked":"Power Through+1","floor":30},{"not_picked":["Juggernaut","Immolate","Double Tap+1"],"picked":"Singing Bowl","floor":33},{"not_picked":["Thunderclap","Dark Embrace","Armaments+1"],"picked":"Singing Bowl","floor":35},{"not_picked":["Havoc+1","Dark Embrace+1","Cleave"],"picked":"Singing Bowl","floor":38},{"not_picked":["Clothesline","Anger+1","Metallicize"],"picked":"Singing Bowl","floor":39},{"not_picked":["Wild Strike+1","Fiend Fire","Warcry+1"],"picked":"Singing Bowl","floor":40},{"not_picked":["Searing Blow+1","Reckless Charge"],"picked":"Fire Breathing","floor":44},{"not_picked":["Shrug It Off+1","Heavy Blade+1","Perfected Strike"],"picked":"Singing Bowl","floor":46},{"not_picked":["Anger","Thunderclap","Clothesline"],"picked":"Singing Bowl","floor":48}],"player_experience":87415,"relics_obtained":[{"floor":8,"key":"Whetstone"},{"floor":9,"key":"Toxic Egg 2"},{"floor":12,"key":"Lizard Tail"},{"floor":26,"key":"Bronze Scales"},{"floor":39,"key":"Old Coin"},{"floor":40,"key":"Ginger"},{"floor":43,"key":"Anchor"},{"floor":44,"key":"Ancient Tea Set"}],"event_choices":[{"damage_healed":0,"gold_gain":0,"player_choice":"Success","damage_taken":12,"relics_obtained":["Singing Bowl"],"max_hp_gain":0,"max_hp_loss":0,"event_name":"Scrap Ooze","floor":4,"gold_loss":0},{"damage_healed":0,"gold_gain":175,"player_choice":"AGREE","damage_taken":0,"max_hp_gain":0,"max_hp_loss":0,"event_name":"Liars Game","floor":11,"gold_loss":0,"cards_obtained":["Doubt"]},{"damage_healed":0,"gold_gain":0,"player_choice":"Gave Potion","damage_taken":0,"relics_obtained":["Red Skull"],"max_hp_gain":0,"max_hp_loss":0,"event_name":"WeMeetAgain","floor":19,"gold_loss":0},{"damage_healed":0,"gold_gain":0,"player_choice":"Stole Relic","damage_taken":0,"relics_obtained":["Boot"],"max_hp_gain":0,"max_hp_loss":0,"event_name":"Addict","floor":24,"gold_loss":0,"cards_obtained":["Shame"]},{"damage_healed":0,"gold_gain":0,"player_choice":"Inject Mutagens","damage_taken":0,"relics_obtained":["MutagenicStrength"],"max_hp_gain":0,"max_hp_loss":0,"event_name":"Drug Dealer","floor":31,"gold_loss":0},{"cards_removed":["Strike_R"],"damage_healed":0,"gold_gain":0,"player_choice":"Removed Attack","damage_taken":0,"max_hp_gain":0,"max_hp_loss":0,"event_name":"Falling","floor":37,"gold_loss":0},{"damage_healed":0,"gold_gain":0,"player_choice":"Fight","damage_taken":0,"max_hp_gain":0,"max_hp_loss":0,"event_name":"MindBloom","floor":39,"gold_loss":0},{"damage_healed":0,"gold_gain":0,"player_choice":"Fight","damage_taken":0,"max_hp_gain":0,"max_hp_loss":0,"event_name":"Mysterious Sphere","floor":40,"gold_loss":0},{"damage_healed":28,"gold_gain":0,"player_choice":"Writhe","damage_taken":0,"max_hp_gain":0,"max_hp_loss":0,"event_name":"Winding Halls","floor":45,"gold_loss":0,"cards_obtained":["Writhe"]}],"is_beta":false,"boss_relics":[{"not_picked":["Black Blood","Cursed Key"],"picked":"Mark of Pain"},{"not_picked":["Runic Cube","Black Star"],"picked":"Empty Cage"}],"items_purged_floors":[20,28,36,42],"is_endless":false,"potions_floor_spawned":[2,5,6,8,16,18,27,39,40,48],"ascension_level":0}}