{"host":"lstr3pesnbx2qpzo","time":1613595194,"event":{"mods":["Aspiration","BaseMod","Conspire","Downfall","Hubris","Infinite Spire","Minty Spire (QoL Compilation)","Replay The Spire","StSLib"],"gold_per_floor":[99,109,121,121,121,121,121,141,175,9,23,8,8,38,56,156,156,156,169,169,169,183,196,249,260,280,299,313,591,625,625,638,638,638,638],"floor_reached":33,"language":"ENG","playtime":1520,"items_purged":[],"score":329,"play_id":"75f76434-d3f6-4c46-8dc2-2a35a348a800","local_time":"20210217135314","is_ascension_mode":false,"campfire_choices":[{"data":"bronze:Goto","floor":1,"key":"SMITH"},{"data":"bronze:Separator","floor":6,"key":"SMITH"},{"data":"bronze:ClassDefault","floor":18,"key":"SMITH"}],"circlet_count":0,"master_deck":["bronze:Strike","bronze:Strike","bronze:Strike","bronze:Strike","bronze:Defend","bronze:Defend","bronze:Defend","bronze:Defend","bronze:Replicate+1","bronze:Goto+1","bronze:Separator+1","bronze:Branch+1","bronze:RecursiveStrike+1","bronze:WhirlingStrike+1","bronze:ChosenStrike+1","bronze:ClassDefault+1","bronze:DelayedGuard","bronze:Iterate+1"],"relics":["bronze:BronzeCore","Molten Egg 2","Singing Bowl","Odd Mushroom","infinitespire:Broken Mirror","Bag of Marbles","conspire:DeflatedDodgeball","infinitespire:Cupcake","Vajra","Potion Belt","ReplayTheSpireMod:Ring of Exchange"],"acts_visited":["Exordium","TheCity"],"potions_floor_usage":[9,33,33,33,33,33,33],"damage_taken":[{"damage":1,"enemies":"Cultist","floor":2,"turns":3},{"damage":0,"enemies":"Small Slimes","floor":3,"turns":3},{"damage":6,"enemies":"The Mushroom Lair","floor":8,"turns":4},{"damage":12,"enemies":"3 Sentries","floor":9,"turns":4},{"damage":0,"enemies":"downfall:FleeingMerchant","floor":10,"turns":4},{"damage":0,"enemies":"Jaw Worm","floor":11,"turns":1},{"damage":10,"enemies":"downfall:FleeingMerchant","floor":12,"turns":4},{"damage":0,"enemies":"Lagavulin","floor":14,"turns":3},{"damage":4,"enemies":"Gremlin Gang","floor":15,"turns":3},{"damage":28,"enemies":"WA_ARCHETYPE_RETAIN","floor":16,"turns":5},{"damage":10,"enemies":"downfall:LooterAlt2","floor":19,"turns":2},{"damage":0,"enemies":"Spheric Guardian","floor":22,"turns":1},{"damage":11,"enemies":"Snake Plant","floor":23,"turns":3},{"damage":10,"enemies":"Centurion and Healer","floor":25,"turns":3},{"damage":0,"enemies":"Snecko","floor":26,"turns":2},{"damage":0,"enemies":"Cultist and Chosen","floor":27,"turns":3},{"damage":4,"enemies":"Snake Plant","floor":28,"turns":2},{"damage":0,"enemies":"downfall:FleeingMerchant","floor":29,"turns":4},{"damage":11,"enemies":"Book of Stabbing","floor":30,"turns":3},{"damage":0,"enemies":"3 Cultists","floor":32,"turns":2},{"damage":49,"enemies":"DF_ARCHETYPE_CLAW","floor":33,"turns":6}],"seed_played":"7809412297317548068","potions_obtained":[{"floor":8,"key":"LiquidMemories"},{"floor":11,"key":"Fire Potion"},{"floor":16,"key":"Explosive Potion"},{"floor":19,"key":"EntropicBrew"}],"is_trial":false,"path_per_floor":["R","M","M","?","?","R","T","?","E","$","M","$","?","E","M","B",null,"R","M","?","?","M","M","T","M","M","M","M","$","E","?","M","B"],"character_chosen":"THE_AUTOMATON","items_purchased":["Bag of Marbles","bronze:Iterate+1"],"campfire_rested":0,"item_purchase_floors":[10,29],"current_hp_per_floor":[70,69,69,69,69,69,69,63,51,51,53,43,43,43,41,15,76,76,68,68,68,70,61,61,53,55,55,53,55,46,46,48,0,0,0],"gold":638,"neow_bonus":"UPGRADE_CARD","is_daily":false,"chose_seed":false,"campfire_upgraded":3,"win_rate":0.0,"timestamp":1613595194,"path_taken":["R","M","M","?","?","R","T","?","E","$","M","$","?","E","M","BOSS","R","M","?","?","?","M","T","M","M","?","M","$","E","?","M","BOSS"],"items_purchased_type":["Relic","Card"],"build_version":"2020-12-22","purchased_purges":0,"victory":false,"max_hp_per_floor":[70,70,70,70,70,70,70,70,70,70,72,72,72,72,74,76,76,76,78,78,78,80,82,82,84,86,86,88,90,92,92,94,94,94,94],"card_choices":[{"not_picked":["bronze:Philosophize","bronze:ItsAFeature"],"picked":"bronze:Separator","floor":2},{"not_picked":["bronze:NullPointer","bronze:Backtrace","bronze:Return"],"picked":"SKIP","floor":3},{"not_picked":["bronze:BuggyMess","bronze:CutThrough+1"],"picked":"bronze:Branch+1","floor":8},{"not_picked":["bronze:OilSpill+1","bronze:Branch+1"],"picked":"bronze:RecursiveStrike+1","floor":9},{"not_picked":["bronze:CloningBeam+1","bronze:CutThrough+1"],"picked":"bronze:WhirlingStrike+1","floor":10},{"not_picked":["bronze:ForLoop","bronze:Separator+1","bronze:DelayedSlice+1"],"picked":"Singing Bowl","floor":11},{"not_picked":["bronze:Iterate+1","bronze:BitShift"],"picked":"bronze:ChosenStrike+1","floor":12},{"not_picked":["bronze:Separator+1","bronze:BronzeArmor"],"picked":"bronze:ClassDefault","floor":14},{"not_picked":["bronze:Backtrace+1","bronze:DelayedGuard","bronze:BuggyMess"],"picked":"Singing Bowl","floor":15},{"not_picked":["bronze:BurnOut+1","bronze:CleanCode","bronze:Break+1"],"picked":"Singing Bowl","floor":16},{"not_picked":["bronze:WhirlingStrike+1","bronze:Philosophize","bronze:Separator+1"],"picked":"Singing Bowl","floor":19},{"not_picked":["bronze:FollowUp+1","bronze:ChildClass","bronze:DelayedSlice+1"],"picked":"Singing Bowl","floor":22},{"not_picked":["bronze:FollowUp+1","bronze:ShipIt+1","bronze:MaxOutput"],"picked":"Singing Bowl","floor":23},{"not_picked":["bronze:Fortify+1","bronze:Constructor","bronze:OilSpill+1"],"picked":"Singing Bowl","floor":25},{"not_picked":["bronze:OilSpill+1","bronze:FollowUp+1","bronze:Allocate+1"],"picked":"Singing Bowl","floor":26},{"not_picked":["bronze:Deprecate","bronze:BugBarrage+1"],"picked":"bronze:DelayedGuard","floor":27},{"not_picked":["bronze:Overheat+1","bronze:Boost","bronze:Fortify+1"],"picked":"Singing Bowl","floor":28},{"not_picked":["bronze:Philosophize","bronze:Return","bronze:Overheat+1"],"picked":"Singing Bowl","floor":29},{"not_picked":["bronze:Return+1","bronze:BronzeArmor","bronze:Allocate"],"picked":"Singing Bowl","floor":30},{"not_picked":["bronze:Overheat+1","bronze:DigitalCarnage+1","bronze:DelayedSlice+1"],"picked":"Singing Bowl","floor":32}],"player_experience":257923,"relics_obtained":[{"floor":7,"key":"Singing Bowl"},{"floor":8,"key":"Odd Mushroom"},{"floor":9,"key":"infinitespire:Broken Mirror"},{"floor":14,"key":"conspire:DeflatedDodgeball"},{"floor":24,"key":"Vajra"},{"floor":30,"key":"Potion Belt"},{"floor":31,"key":"ReplayTheSpireMod:Ring of Exchange"}],"event_choices":[{"cards_removed":["Injury"],"damage_healed":0,"gold_gain":0,"player_choice":"Card Removal","damage_taken":0,"max_hp_gain":0,"max_hp_loss":0,"event_name":"The Cleric","floor":5,"gold_loss":0},{"damage_healed":0,"gold_gain":0,"player_choice":"Fought Mushrooms","damage_taken":0,"max_hp_gain":0,"max_hp_loss":0,"event_name":"Mushrooms","floor":8,"gold_loss":0},{"damage_healed":0,"gold_gain":0,"player_choice":"Ignored","damage_taken":0,"max_hp_gain":0,"max_hp_loss":0,"event_name":"NoteForYourself","floor":13,"gold_loss":0}],"is_beta":false,"boss_relics":[{"not_picked":["aspiration:SilentSkillbook","Replay:Drink Me"],"picked":"infinitespire:Cupcake"}],"items_purged_floors":[],"is_endless":false,"potions_floor_spawned":[8,11,16,19,23,27,28],"killed_by":"DF_ARCHETYPE_CLAW","ascension_level":0}}