{"host":"gdo3pwpqmgk4cf6b","time":1613535505,"event":{"mods":["Act Like it!","BaseMod","Better Match","Better Note","Hubris","Minty Spire (QoL Compilation)","Replay The Spire","StSLib","Swap Starting Deck Mod"],"gold_per_floor":[111,111,36,36,51,51,83,83,133,133,143,93,105,158,158,263,263,278,238,238,155,219,219,236,236,259,119,130,165,175,190,190,285,285,299,314,364,364,379,379,392,392,392],"floor_reached":42,"language":"ENG","playtime":4895,"items_purged":[],"score":485,"play_id":"cbba44e6-5681-447f-bb17-2335fa8c9226","local_time":"20210216201825","is_ascension_mode":true,"campfire_choices":[{"data":"Carnage","floor":6,"key":"SMITH"},{"data":"Fire Breathing","floor":10,"key":"SMITH"},{"data":"Shrug It Off","floor":15,"key":"SMITH"},{"data":"hubris:Compulsion","floor":23,"key":"PURGE"},{"data":"Enlightenment","floor":40,"key":"SMITH"},{"data":"Immolate","floor":40,"key":"SMITH"}],"circlet_count":0,"master_deck":["Strike_R+1","Strike_R+1","Strike_R","Defend_R","Defend_R","Pommel Strike+1","Carnage+1","Shrug It Off+1","Fire Breathing+1","Perfected Strike+1","Perfected Strike","Shrug It Off+1","Impervious","hubris:DuctTapeCard","CurseOfTheBell","ReplayTheSpireMod:Faulty Equipment","Wild Strike","Perfected Strike+1","Enlightenment+1","Warcry+1","Wild Strike","Fire Breathing+1","Wild Strike","ReplayTheSpireMod:Stacked+1","Immolate+1","Warcry+1","Shrug It Off+1"],"relics":["Burning Blood","Pen Nib","Blue Doll","Centennial Puzzle","Replay:Ancient Bell","hubris:ChampionShield","hubris:DuctTape","Replay:Multitool","MawBank","DollysMirror","Regal Pillow","Coffee Dripper","Replay:Arrowhead"],"acts_visited":["Exordium","TheCity","TheBeyond"],"potions_floor_usage":[33,33,33,35],"damage_taken":[{"damage":4,"enemies":"2 Louse","floor":1,"turns":4},{"damage":1,"enemies":"Cultist","floor":5,"turns":3},{"damage":0,"enemies":"Gremlin Nob","floor":7,"turns":3},{"damage":1,"enemies":"Small Slimes","floor":11,"turns":2},{"damage":1,"enemies":"2 Fungi Beasts","floor":13,"turns":3},{"damage":49,"enemies":"The Guardian","floor":16,"turns":12},{"damage":11,"enemies":"2 Thieves","floor":18,"turns":4},{"damage":4,"enemies":"Chosen","floor":24,"turns":3},{"damage":24,"enemies":"Snake Plant","floor":28,"turns":3},{"damage":28,"enemies":"Slavers","floor":29,"turns":4},{"damage":1,"enemies":"Cultist and Chosen","floor":30,"turns":3},{"damage":21,"enemies":"3 Cultists","floor":31,"turns":4},{"damage":66,"enemies":"hubris:MusketHawk","floor":33,"turns":8},{"damage":16,"enemies":"3 Darklings","floor":35,"turns":3},{"damage":12,"enemies":"Orb Walker","floor":36,"turns":3},{"damage":41,"enemies":"Mind Bloom Boss Battle","floor":37,"turns":6},{"damage":11,"enemies":"Sphere and 2 Shapes","floor":39,"turns":3},{"damage":0,"enemies":"Maw","floor":41,"turns":6},{"damage":38,"enemies":"Writhing Mass","floor":42,"turns":1}],"seed_played":"-766769842410459908","potions_obtained":[{"floor":1,"key":"Weak Potion"},{"floor":4,"key":"LifebloodPotion"},{"floor":4,"key":"HeartOfIron"},{"floor":13,"key":"DuplicationPotion"},{"floor":33,"key":"DuplicationPotion"},{"floor":39,"key":"Milkshake"}],"is_trial":false,"path_per_floor":["M","?","$","?","M","R","E","?","T","R","M","?","M","T","R","B",null,"M","?","?","$","?","R","M","R","T","$","M","E","M","M","R","B",null,"M","M","?","?","M","R","M","M"],"character_chosen":"IRONCLAD","items_purchased":["Carnage","Enlightenment","DollysMirror"],"campfire_rested":0,"item_purchase_floors":[3,21,27],"current_hp_per_floor":[80,73,73,73,78,78,80,80,80,80,80,80,80,80,80,37,80,75,75,75,75,55,55,57,80,80,80,62,40,45,30,69,9,80,70,64,29,29,24,24,30,0,0],"gold":392,"neow_bonus":"RANDOM_COMMON_RELIC","is_daily":false,"chose_seed":false,"campfire_upgraded":5,"win_rate":0.0,"timestamp":1613535505,"path_taken":["M","?","$","?","?","R","E","?","T","R","M","?","M","?","R","BOSS","M","?","?","$","?","R","?","R","T","$","M","E","M","M","R","BOSS","M","M","?","?","?","R","M","M"],"items_purchased_type":["Card","Card","Relic"],"build_version":"2020-12-22","purchased_purges":0,"victory":false,"max_hp_per_floor":[80,80,80,80,80,80,80,80,80,80,80,80,80,80,80,80,80,80,80,80,80,80,80,80,80,80,80,80,80,80,80,80,80,80,80,80,80,80,80,80,80,80,80],"card_choices":[{"not_picked":["Defy Death","Bloodletting"],"picked":"Pommel Strike","floor":1},{"not_picked":["Pommel Strike","hubris:ReadiedAction"],"picked":"Shrug It Off","floor":5},{"not_picked":["Sentinel","hubris:CleavingFinish"],"picked":"Fire Breathing","floor":7},{"not_picked":["Inflame","Replay:Undeath\u0027s Touch"],"picked":"Perfected Strike","floor":11},{"not_picked":["Pummel","Thunderclap"],"picked":"Shrug It Off","floor":13},{"not_picked":["Replay:Many Hands","Eclipse"],"picked":"Impervious","floor":16},{"not_picked":["hubris:Compulsion","hubris:Wrath"],"picked":"CurseOfTheBell","floor":17},{"not_picked":["Languid","Hallucinations"],"picked":"hubris:Compulsion","floor":17},{"not_picked":["Spreading Infection","Languid"],"picked":"ReplayTheSpireMod:Faulty Equipment","floor":17},{"not_picked":["Bloodletting","Warcry+1"],"picked":"Wild Strike","floor":18},{"not_picked":["Whirlwind","Twin Strike"],"picked":"Warcry+1","floor":22},{"not_picked":["True Grit","Iron Wave"],"picked":"Wild Strike","floor":24},{"not_picked":["Limit Break","Warcry","Cleave+1"],"picked":"SKIP","floor":28},{"not_picked":["ReplayTheSpireMod:Strike From Hell","Hemokinesis"],"picked":"Wild Strike","floor":29},{"not_picked":["Combust","Thunderclap"],"picked":"ReplayTheSpireMod:Stacked+1","floor":30},{"not_picked":["Body Slam+1","Clash","Armaments"],"picked":"SKIP","floor":31},{"not_picked":["Juggernaut","Fiend Fire"],"picked":"Immolate","floor":33},{"not_picked":["Twin Strike","Whirlwind","Clash"],"picked":"SKIP","floor":35},{"not_picked":["Run Through+1","Twin Strike+1"],"picked":"Warcry+1","floor":36},{"not_picked":["Blood for Blood+1","Body Slam+1","Run Through+1"],"picked":"SKIP","floor":39},{"not_picked":["Flame Barrier","Rampage+1","Sword Boomerang+1"],"picked":"SKIP","floor":41}],"player_experience":721016,"relics_obtained":[{"floor":7,"key":"Blue Doll"},{"floor":14,"key":"Centennial Puzzle"},{"floor":26,"key":"MawBank"},{"floor":29,"key":"Regal Pillow"},{"floor":37,"key":"Replay:Arrowhead"}],"event_choices":[{"cards_removed":["Strike_R"],"damage_healed":0,"gold_gain":0,"player_choice":"Card Removal","damage_taken":7,"max_hp_gain":0,"max_hp_loss":0,"event_name":"Golden Wing","floor":2,"gold_loss":0},{"damage_healed":0,"gold_gain":0,"player_choice":"Got Potions","damage_taken":0,"max_hp_gain":0,"max_hp_loss":0,"event_name":"Lab","floor":4,"gold_loss":0},{"cards_removed":["Bash"],"damage_healed":0,"gold_gain":0,"player_choice":"Card Removal","damage_taken":0,"max_hp_gain":0,"max_hp_loss":0,"event_name":"The Cleric","floor":12,"gold_loss":50},{"damage_healed":0,"gold_gain":0,"player_choice":"Upgraded Two","damage_taken":0,"max_hp_gain":0,"max_hp_loss":0,"event_name":"Designer","floor":19,"gold_loss":40,"cards_upgraded":["Strike_R","Strike_R"]},{"cards_removed":["Carnage"],"damage_healed":0,"gold_gain":0,"player_choice":"Take \u0026 Give","damage_taken":0,"max_hp_gain":0,"max_hp_loss":0,"event_name":"betterNote:BetterNote","floor":20,"gold_loss":0,"cards_obtained":["Perfected Strike"]},{"damage_healed":0,"gold_gain":0,"player_choice":"Fight","damage_taken":0,"max_hp_gain":0,"max_hp_loss":0,"event_name":"MindBloom","floor":37,"gold_loss":0},{"damage_healed":0,"gold_gain":0,"player_choice":"Copied","damage_taken":0,"max_hp_gain":0,"max_hp_loss":0,"event_name":"Duplicator","floor":38,"gold_loss":0,"cards_obtained":["Shrug It Off"]}],"is_beta":false,"boss_relics":[{"not_picked":["Fusion Hammer","Replay:Wanted Poster"],"picked":"Replay:Ancient Bell"},{"not_picked":["Pet Ghost","Potion Belt"],"picked":"hubris:ChampionShield"},{"not_picked":["Mirror","White Beast Statue"],"picked":"hubris:DuctTape"},{"not_picked":["Dead Branch","hubris:AstralHammer"],"picked":"Replay:Multitool"},{"not_picked":["Replay:Bronze Core","hubris:BlackHole"],"picked":"Coffee Dripper"}],"items_purged_floors":[],"is_endless":false,"potions_floor_spawned":[1,13,16,28,29,31,33,39],"killed_by":"Writhing Mass","ascension_level":2}}