{"host":"2se5dq1do2gp0x9k","time":1613538521,"event":{"mods":["AchievementEnabler","BaseMod","Block Reminder","Colored Map","Colored Powertips","Minty Spire (QoL Compilation)","Relic Stats","StSLib","SuperFastMode"],"gold_per_floor":[119,3,3,3,3,38,38,51,51,63,105,117,54,82,82,154,154,168,168,168,184,95,95,95,95],"floor_reached":24,"language":"ENG","playtime":705,"items_purged":["Pain"],"score":443,"play_id":"67b92ad4-3207-4c82-a95d-d8989c3cfa16","local_time":"20210216210841","is_ascension_mode":true,"campfire_choices":[{"data":"Eruption","floor":7.0,"key":"SMITH"},{"data":"TalkToTheHand","floor":10.0,"key":"SMITH"},{"data":"Consecrate","floor":12.0,"key":"SMITH"},{"floor":15,"key":"REST"},{"floor":23,"key":"REST"}],"circlet_count":0,"master_deck":["AscendersBane","Strike_P","Strike_P","Strike_P","Strike_P","Defend_P","Defend_P","Defend_P","Eruption+1","Vigilance","FlurryOfBlows","TalkToTheHand+1","Evaluate","Evaluate","Consecrate+1","CarveReality","MentalFortress","Devotion","TalkToTheHand","TalkToTheHand"],"relics":["PureWater","NeowsBlessing","WarpedTongs","Ornamental Fan","MawBank","StrikeDummy","Boot","Cursed Key"],"acts_visited":["Exordium","TheCity"],"potions_floor_usage":[21,24],"damage_taken":[{"damage":0.0,"enemies":"Small Slimes","floor":1.0,"turns":2.0},{"damage":0.0,"enemies":"Lagavulin","floor":6.0,"turns":1.0},{"damage":0.0,"enemies":"Cultist","floor":8.0,"turns":1.0},{"damage":38.0,"enemies":"3 Sentries","floor":11.0,"turns":14.0},{"damage":19,"enemies":"Gremlin Nob","floor":14,"turns":4},{"damage":3,"enemies":"The Guardian","floor":16,"turns":13},{"damage":15,"enemies":"2 Thieves","floor":18,"turns":4},{"damage":3,"enemies":"Chosen","floor":21,"turns":5},{"damage":44,"enemies":"Book of Stabbing","floor":24,"turns":5}],"seed_played":"-2151771559097504489","potions_obtained":[{"floor":8.0,"key":"BottledMiracle"},{"floor":16,"key":"Fire Potion"}],"is_trial":false,"path_per_floor":["M","$","?","$","?","E","R","M","T","R","E","R","$","E","R","B",null,"M","?","?","M","$","R","E"],"character_chosen":"WATCHER","items_purchased":["TalkToTheHand","Evaluate","TalkToTheHand"],"campfire_rested":2,"item_purchase_floors":[2,2,22],"current_hp_per_floor":[61,61,61,61,61,61,61,61,61,61,23,23,23,4,24,21,56,41,22,18,15,15,36,0,0],"gold":95,"neow_bonus":"THREE_ENEMY_KILL","is_daily":false,"chose_seed":false,"campfire_upgraded":3,"win_rate":0.0,"timestamp":1613538521,"path_taken":["M","$","?","?","?","E","R","M","T","R","E","R","$","E","R","BOSS","M","?","?","?","$","R","E"],"items_purchased_type":["Card","Card","Card"],"build_version":"2020-12-22","purchased_purges":1,"victory":false,"max_hp_per_floor":[68,68,68,68,68,68,68,68,68,68,68,68,68,68,68,68,68,68,73,73,73,73,73,73,73],"relic_stats":{"counters":[9,49],"Ornamental Fan":[56],"MawBank":48,"Boot":[5],"Cursed Key":0,"obtain_stats":[{"NeowsBlessing":0,"Ornamental Fan":6,"PureWater":0,"MawBank":9,"StrikeDummy":11,"Boot":14,"Cursed Key":17,"WarpedTongs":5},{"NeowsBlessing":0,"Ornamental Fan":2,"PureWater":0,"MawBank":3,"StrikeDummy":4,"Boot":5,"Cursed Key":6,"WarpedTongs":1},{"NeowsBlessing":0,"Ornamental Fan":3,"PureWater":0,"MawBank":4,"StrikeDummy":18,"Boot":22,"Cursed Key":35,"WarpedTongs":2}],"WarpedTongs":[44]},"card_choices":[{"not_picked":["SashWhip","Fasting2"],"picked":"FlurryOfBlows","floor":1.0},{"not_picked":["Prostrate","Nirvana"],"picked":"Evaluate","floor":6.0},{"not_picked":["JustLucky","Devotion"],"picked":"Consecrate","floor":8.0},{"not_picked":["FollowUp","Wireheading"],"picked":"CarveReality","floor":11.0},{"not_picked":["Adaptation","Wireheading"],"picked":"MentalFortress","floor":14},{"not_picked":["Vault","ConjureBlade"],"picked":"Devotion","floor":16},{"not_picked":["PathToVictory","WreathOfFlame"],"picked":"TalkToTheHand","floor":18},{"not_picked":["Evaluate","Sanctity","EmptyFist"],"picked":"SKIP","floor":21}],"player_experience":4076292,"relics_obtained":[{"floor":6.0,"key":"Ornamental Fan"},{"floor":9.0,"key":"MawBank"},{"floor":11.0,"key":"StrikeDummy"},{"floor":14,"key":"Boot"}],"event_choices":[{"cards_removed":["Defend_P"],"damage_healed":0.0,"max_hp_gain":0.0,"max_hp_loss":0.0,"gold_gain":0.0,"event_name":"Purifier","player_choice":"Purged","floor":3.0,"gold_loss":0.0,"damage_taken":0.0},{"damage_healed":0.0,"max_hp_gain":0.0,"max_hp_loss":0.0,"gold_gain":0.0,"event_name":"Accursed Blacksmith","player_choice":"Rummage","floor":5.0,"gold_loss":0.0,"damage_taken":0.0,"relics_obtained":["WarpedTongs"],"cards_obtained":["Pain"]},{"damage_healed":0,"gold_gain":0,"player_choice":"Shed Blood","damage_taken":24,"max_hp_gain":5,"max_hp_loss":0,"event_name":"Forgotten Altar","floor":19,"gold_loss":0},{"damage_healed":0,"gold_gain":0,"player_choice":"Bought 0 Potions","damage_taken":0,"max_hp_gain":0,"max_hp_loss":0,"event_name":"The Woman in Blue","floor":20,"gold_loss":0}],"is_beta":false,"boss_relics":[{"not_picked":["Runic Pyramid","Runic Dome"],"picked":"Cursed Key"}],"items_purged_floors":[13],"is_endless":false,"potions_floor_spawned":[8,16],"killed_by":"Book of Stabbing","ascension_level":18}}