{"host":"q6l9o5ad25lrm2yj","time":1613561208,"event":{"mods":["BaseMod","BetterRewards","Colored Powertips","Downfall","Minty Spire (QoL Compilation)","Replay The Spire","StSLib","[IsaacMod]ÒÔÈö¼âËþ"],"gold_per_floor":[189,202,213,47,67,52,134,134,134,152,152,164,64,78,88,188,188,188,198,198,198,214,214,214,214],"floor_reached":23,"language":"ZHS","playtime":1754,"items_purged":[],"score":183,"play_id":"4fca60aa-4855-46ac-9b8b-b92360d3eefe","local_time":"20210217192648","is_ascension_mode":false,"campfire_choices":[{"floor":9.0,"key":"RECALL"},{"floor":11.0,"key":"REST"},{"floor":13.0,"key":"REST"},{"data":"Slimebound:CorrosiveSpit","floor":18,"key":"SMITH"}],"circlet_count":0,"master_deck":["Slimebound:Strike_Slimebound","Slimebound:Strike_Slimebound","Slimebound:Strike_Slimebound","Slimebound:Tackle","Slimebound:Defend_Slimebound","Slimebound:Defend_Slimebound","Slimebound:Defend_Slimebound","Slimebound:Defend_Slimebound","Slimebound:Split","Slimebound:CorrosiveSpit+1","Bomb","Slimebound:Repurpose","Slimebound:ForwardTackle","Slimebound:HauntingLick","Slimebound:LeechLife","Slimebound:SlimeSpikes","Parasite","Slimebound:GoopTackle","Slimebound:OozeBath","Slimebound:Equalize","Slimebound:LeechEnergy","Slimebound:OozeBath","Slimebound:LeechEnergy+1","downfall:Bewildered","Necronomicurse","Slimebound:SplitLeeching+1"],"relics":["Slimebound:AbsorbEndCombat","HushsDoor","GuppysTail","Blue Doll","TuHaoJin","downfall:HeartBlessingRed","Replay:Grab Bag","sneckomod:BabySnecko","Necronomicon"],"acts_visited":["Exordium","TheCity"],"potions_floor_usage":[16,16,16],"damage_taken":[{"damage":3.0,"enemies":"2 Louse","floor":2.0,"turns":2.0},{"damage":1.0,"enemies":"Jaw Worm","floor":3.0,"turns":4.0},{"damage":3.0,"enemies":"downfall:FleeingMerchant","floor":4.0,"turns":4.0},{"damage":3.0,"enemies":"Cultist","floor":5.0,"turns":3.0},{"damage":21.0,"enemies":"downfall:FleeingMerchant","floor":6.0,"turns":4.0},{"damage":32.0,"enemies":"Exordium Thugs","floor":10.0,"turns":6.0},{"damage":9.0,"enemies":"downfall:LooterAlt","floor":12.0,"turns":2.0},{"damage":0.0,"enemies":"Large Slime","floor":14.0,"turns":1.0},{"damage":30.0,"enemies":"2 Fungi Beasts","floor":15.0,"turns":3.0},{"damage":45,"enemies":"DF_ARCHETYPE_STREAMLINE","floor":16,"turns":8},{"damage":46,"enemies":"downfall:LooterAlt2","floor":19,"turns":5},{"damage":38,"enemies":"3 Byrds","floor":22,"turns":5},{"damage":19,"enemies":"Snake Plant","floor":23,"turns":3}],"seed_played":"-5173922178979395820","potions_obtained":[{"floor":2.0,"key":"Swift Potion"},{"floor":3.0,"key":"Block Potion"},{"floor":14.0,"key":"ColorlessPotion"},{"floor":15.0,"key":"Guardian:BlockOnCardUsePotion"},{"floor":16,"key":"Fire Potion"},{"floor":19,"key":"Swift Potion"}],"is_trial":false,"path_per_floor":["R","M","M","$","M","$","T","?","R","M","R","M","R","M","M","B",null,"R","M","?","?","M","M"],"character_chosen":"SLIMEBOUND","items_purchased":["Blue Doll"],"campfire_rested":2,"item_purchase_floors":[4],"current_hp_per_floor":[71,68,71,71,70,55,55,71,71,41,62,53,71,71,49,23,71,71,52,52,36,16,0,0,0],"gold":214,"neow_bonus":"TEN_PERCENT_HP_BONUS","is_daily":false,"chose_seed":false,"campfire_upgraded":1,"win_rate":0.0,"timestamp":1613561208,"path_taken":["R","M","M","$","M","$","T","?","R","?","R","M","R","M","M","BOSS","R","M","?","?","M","M"],"items_purchased_type":["Relic"],"build_version":"2020-12-22","purchased_purges":0,"victory":false,"max_hp_per_floor":[71,71,71,71,71,71,71,71,71,71,71,71,71,71,71,71,71,71,71,71,71,71,71,71,71],"card_choices":[{"not_picked":[],"picked":"Bomb","floor":0.0},{"not_picked":["Slimebound:ItLooksTasty","Slimebound:LivingWall"],"picked":"Slimebound:Repurpose","floor":2.0},{"not_picked":["Slimebound:Nibble","Slimebound:ComboTackle"],"picked":"Slimebound:ForwardTackle","floor":3.0},{"not_picked":["Slimebound:AcidTongue","Slimebound:SplitAcid"],"picked":"Slimebound:HauntingLick","floor":4.0},{"not_picked":["Slimebound:LeadByExample","Slimebound:ComboTackle"],"picked":"Slimebound:LeechLife","floor":5.0},{"not_picked":["Slimebound:LevelUp","Slimebound:BestDefense"],"picked":"Slimebound:SlimeSpikes","floor":6.0},{"not_picked":["Slimebound:ItLooksTasty","Slimebound:GoopSpray"],"picked":"Slimebound:GoopTackle","floor":10.0},{"not_picked":["Slimebound:PressTheAttack","Slimebound:SlimeBrawl"],"picked":"Slimebound:OozeBath","floor":12.0},{"not_picked":["Slimebound:SlimeSpikes","Slimebound:SplitAcid"],"picked":"Slimebound:Equalize","floor":14.0},{"not_picked":["Slimebound:SlimeBarrage","Slimebound:SamplingLick"],"picked":"Slimebound:LeechEnergy","floor":15.0},{"not_picked":["Slimebound:LeechLife","Slimebound:DouseInSlime"],"picked":"Slimebound:OozeBath","floor":16},{"not_picked":["Slimebound:Equalize","Slimebound:SplitBruiser+1"],"picked":"Slimebound:LeechEnergy+1","floor":19},{"not_picked":["Slimebound:SlimeSpikes","Slimebound:ViciousTackle"],"picked":"Slimebound:SplitLeeching+1","floor":22}],"player_experience":7697,"relics_obtained":[{"floor":7.0,"key":"TuHaoJin"},{"floor":21,"key":"Necronomicon"}],"event_choices":[{"damage_healed":17.0,"max_hp_gain":0.0,"max_hp_loss":0.0,"gold_gain":0.0,"event_name":"Mushrooms","player_choice":"Healed and dodged fight","floor":8.0,"gold_loss":0.0,"damage_taken":0.0,"cards_obtained":["Parasite"]}],"is_beta":false,"boss_relics":[{"not_picked":["Astrolabe","Tiny House"],"picked":"Replay:Grab Bag"},{"not_picked":[]}],"items_purged_floors":[],"is_endless":false,"potions_floor_spawned":[2,3,14,15,16,19],"killed_by":"Snake Plant","ascension_level":0}}