{"host":"od06gsur5w60l0yz","time":1613528628,"event":{"mods":["BaseMod","Better Match","Better Third Choice","Colored Map","Dio Mod","Downfall","GifTheSpireLib","Googly Eyes","Hermit","Hubris","Minty Spire (QoL Compilation)","Reliquary","Replay The Spire","StSLib","The Cursed","The Forsaken","The Hierophant","The Necromancer","The Saiyan","The Senshi"],"gold_per_floor":[116,129,129,144,160,193,213,213,213,241,241,258,273,307,307,406,406,422,422,437,457,457,457],"floor_reached":22,"language":"ENG","playtime":1638,"items_purged":[],"score":235,"play_id":"22cabb83-5d22-46c6-9b49-cd2bf38e6b55","local_time":"20210217002348","is_ascension_mode":false,"campfire_choices":[{"data":"dioMod:CautiousMuda","floor":8.0,"key":"SMITH"},{"floor":15.0,"key":"REST"}],"circlet_count":0,"master_deck":["dioMod:Strike","dioMod:Strike","dioMod:Strike","dioMod:Strike","Bite","dioMod:Defend","dioMod:Defend","dioMod:Defend","dioMod:Defend","dioMod:Pluck","dioMod:CautiousMuda+1","dioMod:DarkRebirth","dioMod:DominatingPresence","dioMod:GoodbyeJojo","dioMod:RoadRoller","dioMod:SlashThroughTime","dioMod:BloodTransfusion","dioMod:PathToHeaven","dioMod:StreetSign"],"relics":["dioMod:VampireBlood","Pear","Lantern","Blue Doll","Onion Ring","Black Star","Calipers"],"acts_visited":["Exordium","TheCity"],"potions_floor_usage":[],"damage_taken":[{"damage":11.0,"enemies":"Cultist","floor":1.0,"turns":5.0},{"damage":3.0,"enemies":"Jaw Worm","floor":2.0,"turns":4.0},{"damage":5.0,"enemies":"Small Slimes","floor":4.0,"turns":4.0},{"damage":15.0,"enemies":"2 Fungi Beasts","floor":5.0,"turns":4.0},{"damage":46.0,"enemies":"Gremlin Nob","floor":6.0,"turns":6.0},{"damage":11.0,"enemies":"Exordium Wildlife","floor":7.0,"turns":8.0},{"damage":21.0,"enemies":"3 Sentries","floor":10.0,"turns":9.0},{"damage":3.0,"enemies":"Red Slaver","floor":12.0,"turns":3.0},{"damage":16.0,"enemies":"Blue Slaver","floor":13.0,"turns":5.0},{"damage":37.0,"enemies":"Gremlin Nob","floor":14.0,"turns":6.0},{"damage":52.0,"enemies":"Fading Forest","floor":16.0,"turns":11.0},{"damage":20.0,"enemies":"Shell Parasite","floor":18.0,"turns":3.0},{"damage":41.0,"enemies":"3 Byrds","floor":20.0,"turns":12.0},{"damage":62.0,"enemies":"Shelled Parasite and Fungi","floor":21.0,"turns":8.0},{"damage":40,"enemies":"3 Cultists","floor":22,"turns":4}],"seed_played":"3250276298162630105","potions_obtained":[{"floor":4.0,"key":"Death Potion"},{"floor":5.0,"key":"DistilledChaos"},{"floor":10.0,"key":"SpeedPotion"},{"floor":13.0,"key":"Doom Potion"},{"floor":16.0,"key":"BlessingOfTheForge"},{"floor":20.0,"key":"hexamod:SoulburnPotion"}],"is_trial":false,"path_per_floor":["M","M","?","M","M","E","M","R","T","E","T","M","M","E","R","B",null,"M","?","M","M","M"],"character_chosen":"THE_DEFAULT","items_purchased":[],"campfire_rested":1,"item_purchase_floors":[],"current_hp_per_floor":[76,80,85,87,80,55,56,56,56,50,50,52,41,11,40,24,97,80,80,66,22,0,0],"gold":457,"neow_bonus":"TEN_PERCENT_HP_BONUS","is_daily":false,"chose_seed":false,"campfire_upgraded":1,"win_rate":0.0,"timestamp":1613528628,"path_taken":["M","?","?","M","M","E","M","R","T","E","?","M","M","E","R","BOSS","M","?","M","?","?"],"items_purchased_type":[],"build_version":"2020-12-22","purchased_purges":0,"victory":false,"max_hp_per_floor":[82,82,87,87,87,97,97,97,97,97,97,97,97,97,97,97,97,97,97,97,97,97,97],"card_choices":[{"not_picked":["dioMod:BloodSplash","dioMod:BloodSuck","dioMod:FlyAway"],"picked":"SKIP","floor":1.0},{"not_picked":["dioMod:FlyAway","dioMod:LaserVision"],"picked":"dioMod:Pluck","floor":2.0},{"not_picked":["dioMod:DaggerToss","dioMod:SecretPlan"],"picked":"dioMod:CautiousMuda","floor":4.0},{"not_picked":["dioMod:LaserVision","dioMod:DoubleTime"],"picked":"dioMod:DarkRebirth","floor":5.0},{"not_picked":["dioMod:SadisticLaugh","dioMod:BloodTransfusion"],"picked":"dioMod:DominatingPresence","floor":6.0},{"not_picked":["dioMod:LaserVision","dioMod:TripleThreat"],"picked":"dioMod:GoodbyeJojo","floor":7.0},{"not_picked":["dioMod:StreetSign","dioMod:VengefulMuda"],"picked":"dioMod:RoadRoller","floor":10.0},{"not_picked":["dioMod:VengefulMuda","dioMod:Donut","dioMod:ComposedMuda"],"picked":"SKIP","floor":12.0},{"not_picked":["dioMod:StreetSign","dioMod:Roundabout"],"picked":"dioMod:SlashThroughTime","floor":13.0},{"not_picked":["dioMod:BloodShield","dioMod:ComposedMuda"],"picked":"dioMod:BloodTransfusion","floor":14.0},{"not_picked":["dioMod:Refresh","dioMod:PhantomBlood"],"picked":"dioMod:PathToHeaven","floor":16.0},{"not_picked":["dioMod:FlyAway","dioMod:Pluck","dioMod:LaserVision+1"],"picked":"SKIP","floor":18.0},{"not_picked":["dioMod:VengefulMuda","dioMod:WRYYY"],"picked":"dioMod:StreetSign","floor":20.0},{"not_picked":["dioMod:FlyAway","dioMod:CautiousMuda","dioMod:Hiss"],"picked":"SKIP","floor":21.0}],"player_experience":238296,"relics_obtained":[{"floor":6.0,"key":"Pear"},{"floor":9.0,"key":"Lantern"},{"floor":10.0,"key":"Blue Doll"},{"floor":14.0,"key":"Onion Ring"}],"event_choices":[{"damage_healed":0.0,"max_hp_gain":5.0,"max_hp_loss":0.0,"gold_gain":0.0,"event_name":"Big Fish","player_choice":"Donut","floor":3.0,"gold_loss":0.0,"damage_taken":0.0},{"damage_healed":0.0,"max_hp_gain":0.0,"max_hp_loss":0.0,"gold_gain":0.0,"event_name":"WeMeetAgain","player_choice":"Gave Potion","floor":19.0,"gold_loss":0.0,"damage_taken":0.0,"relics_obtained":["Calipers"]}],"is_beta":false,"boss_relics":[{"not_picked":["ReplayTheSpireMod:DimensionalGlitch","reliquary:Ember"],"picked":"Black Star"}],"items_purged_floors":[],"is_endless":false,"potions_floor_spawned":[4,5,10,13,16,20],"killed_by":"3 Cultists","ascension_level":0}}