{"host":"3hzk4hwwdropes3d","time":1613527346,"event":{"mods":["BaseMod","Minty Spire (QoL Compilation)","StSLib"],"gold_per_floor":[114,126,143,70,70,106,181,204,204,204,15,50,69,34,34,34,34],"floor_reached":16,"language":"ENG","playtime":726,"items_purged":[],"score":132,"play_id":"279d52a4-3be7-4623-b31b-6fdee38a4131","local_time":"20210216180226","is_ascension_mode":true,"campfire_choices":[{"floor":10,"key":"REST"},{"data":"Eruption","floor":15,"key":"SMITH"}],"circlet_count":0,"master_deck":["Strike_P","Strike_P","Strike_P","Strike_P","Defend_P","Defend_P","Defend_P","Defend_P","Eruption+1","Vigilance","Protect","FlurryOfBlows","BowlingBash","FlyingSleeves","EmptyBody","EmptyFist","Prostrate","ReachHeaven+1","CrushJoints+1"],"relics":["Black Star","Golden Idol","Ornamental Fan","Letter Opener","Molten Egg 2","Oddly Smooth Stone","Dream Catcher","Smiling Mask"],"acts_visited":["Exordium"],"potions_floor_usage":[2,8,12],"damage_taken":[{"damage":0,"enemies":"Small Slimes","floor":1,"turns":3},{"damage":6,"enemies":"Jaw Worm","floor":2,"turns":3},{"damage":0,"enemies":"2 Louse","floor":3,"turns":3},{"damage":42,"enemies":"3 Sentries","floor":6,"turns":6},{"damage":8,"enemies":"Exordium Thugs","floor":8,"turns":4},{"damage":3,"enemies":"Lagavulin","floor":12,"turns":5},{"damage":0,"enemies":"Large Slime","floor":13,"turns":4},{"damage":41,"enemies":"The Guardian","floor":16,"turns":8}],"seed_played":"4137985041776705564","potions_obtained":[{"floor":1,"key":"ColorlessPotion"},{"floor":6,"key":"Block Potion"},{"floor":8,"key":"LiquidMemories"}],"is_trial":false,"path_per_floor":["M","M","M","$","?","E","?","M","T","R","$","E","M","?","R","B"],"character_chosen":"WATCHER","items_purchased":["FlyingSleeves","EmptyBody","Oddly Smooth Stone","ReachHeaven+1"],"campfire_rested":1,"item_purchase_floors":[4,4,11,11],"current_hp_per_floor":[72,66,66,66,66,24,13,5,5,25,25,22,22,38,38,0,0],"gold":34,"neow_bonus":"BOSS_RELIC","is_daily":false,"chose_seed":false,"campfire_upgraded":1,"win_rate":0.0,"timestamp":1613527346,"path_taken":["M","M","M","$","?","E","?","M","T","R","$","E","?","?","R","BOSS"],"items_purchased_type":["Card","Card","Relic","Card"],"build_version":"2020-12-22","purchased_purges":0,"victory":false,"max_hp_per_floor":[72,72,72,72,67,67,67,67,67,67,67,67,67,67,67,67,67],"card_choices":[{"not_picked":["DeceiveReality","Halt"],"picked":"Protect","floor":1},{"not_picked":["PathToVictory","CrushJoints"],"picked":"FlurryOfBlows","floor":2},{"not_picked":["LikeWater","Evaluate"],"picked":"BowlingBash","floor":3},{"not_picked":["FollowUp","Fasting2"],"picked":"EmptyFist","floor":6},{"not_picked":["Perseverance","Crescendo"],"picked":"Prostrate","floor":8},{"not_picked":["MentalFortress","PathToVictory"],"picked":"CrushJoints+1","floor":12},{"not_picked":["Perseverance","Protect","LikeWater"],"picked":"SKIP","floor":13}],"player_experience":222037,"relics_obtained":[{"floor":6,"key":"Ornamental Fan"},{"floor":6,"key":"Letter Opener"},{"floor":9,"key":"Molten Egg 2"},{"floor":12,"key":"Dream Catcher"},{"floor":12,"key":"Smiling Mask"}],"event_choices":[{"damage_healed":0,"gold_gain":0,"player_choice":"Lose Max HP","damage_taken":0,"relics_obtained":["Golden Idol"],"max_hp_gain":0,"max_hp_loss":5,"event_name":"Golden Idol","floor":5,"gold_loss":0},{"damage_healed":0,"gold_gain":75,"player_choice":"Gather Gold","damage_taken":11,"max_hp_gain":0,"max_hp_loss":0,"event_name":"World of Goop","floor":7,"gold_loss":0},{"damage_healed":16,"gold_gain":0,"player_choice":"Healed","damage_taken":0,"max_hp_gain":0,"max_hp_loss":0,"event_name":"The Cleric","floor":14,"gold_loss":35}],"is_beta":false,"boss_relics":[],"items_purged_floors":[],"is_endless":false,"potions_floor_spawned":[1,6,8],"killed_by":"The Guardian","ascension_level":4}}