{"host":"kmd7yw11mgzs6kox","time":1613558068,"event":{"mods":["ATMod(阿瑾Mod)","BaseMod","Decade(王小明)","Downfall","GungeonMod","Lobotomy","LobotomyExtend","Marisa（F雨　魔理沙）","Minty Spire (QoL Compilation)","Remilia（蕾米莉亚）","Replay The Spire","Shop Mod","StSLib","The Bladedancer","The Bug Knight","The Poker Player","The Servant 0.9.4","Waifu the Spire","WarShipGirlsR/战舰少女R mod","Youmu（魂魄妖梦）","Yuri Mod"],"gold_per_floor":[99,115,130,147,163,163,232,60,71,104,304,430,446,95,110,311,311,311,329,340,354,354,370,387,387,407,419,474,487,497,517,528,659,659,794,808,1009,1009,1009,1023,1023,262,278,298,298,298,94,94,223,233,365,365,381,579,629,629,629,642,473,166,166,166,166,178,197,330,430,448,459,473,573],"floor_reached":51,"language":"ZHS","playtime":5844,"items_purged":["PokerPlayerMod:Harden"],"score":1000,"play_id":"42ce456a-5005-465d-89cd-a991440f92d1","local_time":"20210217183428","is_ascension_mode":false,"metric_token":1366,"campfire_choices":[{"floor":1.0,"key":"DIG"},{"floor":18.0,"key":"RECALL"},{"data":"PokerPlayerMod:Sharpen","floor":13.0,"key":"SMITH"},{"data":"PokerPlayerMod:StackedDeck","floor":18.0,"key":"SMITH"},{"floor":25,"key":"REST"},{"floor":35,"key":"DIG"},{"data":"PokerPlayerMod:Spade6","floor":40,"key":"SMITH"},{"data":"PokerPlayerMod:Heart6","floor":42,"key":"SMITH"}],"circlet_count":0,"master_deck":["PokerPlayerMod:Diamond2","PokerPlayerMod:Diamond3","PokerPlayerMod:Diamond4","PokerPlayerMod:Diamond5","PokerPlayerMod:Spade4","PokerPlayerMod:Spade3","PokerPlayerMod:Spade4","PokerPlayerMod:TrumpStrike","PokerPlayerMod:BadJoker+1","PokerPlayerMod:Mulligan+1","PokerPlayerMod:Diamond7","PokerPlayerMod:DartThrow","PokerPlayerMod:Sharpen+1","PokerPlayerMod:Heart7","PokerPlayerMod:DartThrow","PokerPlayerMod:Club8","PokerPlayerMod:Spade4","PokerPlayerMod:Spade7","PokerPlayerMod:JackOfSpades","PokerPlayerMod:Harden","expansioncontent:StudyTheSpire","PokerPlayerMod:Diamond3","PokerPlayerMod:FakeSymbols+1","Decay","downfall:Icky","PokerPlayerMod:Club4","PokerPlayerMod:Club3","PokerPlayerMod:DamnStraight","PokerPlayerMod:Spade8","PokerPlayerMod:Club6","PokerPlayerMod:Diamond6","PokerPlayerMod:Raise","PokerPlayerMod:Spade7","PokerPlayerMod:Club4","PokerPlayerMod:HotShotCut+1","PokerPlayerMod:Diamond3","PokerPlayerMod:ClubsClub","PokerPlayerMod:Diamond9","PokerPlayerMod:ClubsClub","PokerPlayerMod:StackedDeck+1","PokerPlayerMod:CardBurn+1","Lust_TH","PokerPlayerMod:ItsShowtime+1","expansioncontent:QuickStudy","Replay:Parry","PokerPlayerMod:Heart4","PokerPlayerMod:Spade5","PokerPlayerMod:SpadeStrike","PokerPlayerMod:Raise","PokerPlayerMod:Spade4","PokerPlayerMod:SecondChance+1","PokerPlayerMod:Spade4","PokerPlayerMod:Club8","PokerPlayerMod:Club8","PokerPlayerMod:Diamond1","PokerPlayerMod:Club8","PokerPlayerMod:Diamond6","PokerPlayerMod:ClubShade+1","PokerPlayerMod:ClubShade+1","PokerPlayerMod:DartThrow","PokerPlayerMod:RoyalStrike","PokerPlayerMod:MagicTrick","PokerPlayerMod:Diamond6","PokerPlayerMod:SpadeStrike","PokerPlayerMod:Spade10+","PokerPlayerMod:FillThePot","PokerPlayerMod:Extraction+1","PokerPlayerMod:Spade10+","PokerPlayerMod:Heart7","PokerPlayerMod:RiskyBet+1","PokerPlayerMod:CardPrinter+1"],"relics":["PokerPlayerMod:DeckCase","AT_ATBox","Bronze Scales","PokerPlayerMod:JackpotMachine","AT_TheCollector","White Beast Statue","DemoMod:WhiteGuonStone","PokerPlayerMod:PenAndEraser","Kintsugi","LetterFromLob","AT_RedTearstoneRing","Juzu Bracelet","AT_ForceNature","PokerPlayerMod:AceCard","BargainBundle","Ice Cream","AT_ArchangelStaff","PokerPlayerMod:BottledPoker","Nunchaku","PreservedInsect","Guide Book","PokerPlayerMod:StuffedPocket","Omamori","Tiny House","DemoMod:MonsterBlood","Replay:Wax Seal","ReplayTheSpireMod:Lightbulb","Blue Doll","DemoMod:ChaffGrenade"],"acts_visited":["Exordium","TheCity","TheCity","TheBeyond"],"potions_floor_usage":[26,26,33,50],"damage_taken":[{"damage":6.0,"enemies":"2 Louse","floor":2.0,"turns":3.0},{"damage":0.0,"enemies":"Cultist","floor":3.0,"turns":3.0},{"damage":2.0,"enemies":"Small Slimes","floor":4.0,"turns":2.0},{"damage":0.0,"enemies":"3 Louse","floor":5.0,"turns":1.0},{"damage":9.0,"enemies":"downfall:FleeingMerchant","floor":8.0,"turns":4.0},{"damage":4.0,"enemies":"Blue Slaver","floor":9.0,"turns":2.0},{"damage":10.0,"enemies":"3 Sentries","floor":10.0,"turns":4.0},{"damage":18.0,"enemies":"downfall:LadyInBlue","floor":11.0,"turns":5.0},{"damage":0.0,"enemies":"HollowMod:MossKnight","floor":12.0,"turns":3.0},{"damage":7.0,"enemies":"2 Fungi Beasts","floor":13.0,"turns":3.0},{"damage":0.0,"enemies":"downfall:FleeingMerchant","floor":14.0,"turns":4.0},{"damage":8.0,"enemies":"3 Louse","floor":15.0,"turns":4.0},{"damage":14.0,"enemies":"SI_SHIV_ARCHETYPE","floor":16.0,"turns":5.0},{"damage":10.0,"enemies":"downfall:LooterAlt2","floor":19.0,"turns":4.0},{"damage":20.0,"enemies":"Shell Parasite","floor":20.0,"turns":4.0},{"damage":21.0,"enemies":"Shelled Parasite and Fungi","floor":21.0,"turns":4.0},{"damage":2.0,"enemies":"Jaw Worm","floor":2.0,"turns":2.0},{"damage":4.0,"enemies":"2 Louse","floor":3.0,"turns":2.0},{"damage":7.0,"enemies":"Small Slimes","floor":5.0,"turns":2.0},{"damage":14.0,"enemies":"Gremlin Gang","floor":6.0,"turns":3.0},{"damage":9.0,"enemies":"Exordium Wildlife","floor":8.0,"turns":3.0},{"damage":0.0,"enemies":"Exordium Thugs","floor":9.0,"turns":4.0},{"damage":0.0,"enemies":"3 Louse","floor":10.0,"turns":2.0},{"damage":0.0,"enemies":"2 Fungi Beasts","floor":11.0,"turns":1.0},{"damage":15.0,"enemies":"Lagavulin","floor":12.0,"turns":7.0},{"damage":5.0,"enemies":"Gremlin Nob","floor":14.0,"turns":4.0},{"damage":0.0,"enemies":"Exordium Wildlife","floor":15.0,"turns":2.0},{"damage":56.0,"enemies":"DF_ARCHETYPE_ORBS","floor":16.0,"turns":14.0},{"damage":21.0,"enemies":"Shell Parasite","floor":19.0,"turns":5.0},{"damage":8.0,"enemies":"downfall:FleeingMerchant","floor":21.0,"turns":4.0},{"damage":1.0,"enemies":"Spheric Guardian","floor":22.0,"turns":3.0},{"damage":12,"enemies":"Centurion and Healer","floor":23,"turns":4},{"damage":0,"enemies":"downfall:FleeingMerchant","floor":26,"turns":1},{"damage":12,"enemies":"Slavers","floor":28,"turns":2},{"damage":0,"enemies":"Chosen and Byrds","floor":29,"turns":3},{"damage":6,"enemies":"Book of Stabbing","floor":30,"turns":4},{"damage":0,"enemies":"3 Cultists","floor":32,"turns":3},{"damage":1,"enemies":"Champ","floor":33,"turns":8},{"damage":5,"enemies":"Orb Walker","floor":37,"turns":3},{"damage":0,"enemies":"3 Shapes","floor":43,"turns":1},{"damage":25,"enemies":"Maw","floor":44,"turns":5},{"damage":29,"enemies":"Nemesis","floor":45,"turns":3},{"damage":0,"enemies":"4 Shapes","floor":47,"turns":1},{"damage":0,"enemies":"Transient","floor":48,"turns":5},{"damage":0,"enemies":"Sphere and 2 Shapes","floor":49,"turns":1},{"damage":33,"enemies":"Time Eater","floor":50,"turns":8}],"seed_played":"-658171599855490333","potions_obtained":[{"floor":3.0,"key":"Dexterity Potion"},{"floor":10.0,"key":"Weak Potion"},{"floor":11.0,"key":"Weak Potion"},{"floor":15.0,"key":"Fire Potion"},{"floor":19.0,"key":"bronze:BurnAndBuffPotion"},{"floor":16.0,"key":"DuplicationPotion"},{"floor":21.0,"key":"Fire Potion"},{"floor":22.0,"key":"Fire Potion"},{"floor":26,"key":"AttackPotion"},{"floor":28,"key":"ColorlessPotion"},{"floor":31,"key":"CultistPotion"},{"floor":33,"key":"Dexterity Potion"},{"floor":34,"key":"Fire Potion"}],"is_trial":false,"path_per_floor":["R","M","M","M","M","?","T","$","M","E","?","E","M","$","M","B",null,"R","M","M","M","?","R","M","M","?","M","M","T","M","M","M","M","E","R","E","M","B",null,"R","M","?","$","M","M","T","R","$","?","E","M","E","?","M","B",null,"R","?","M","$","$","R","T","R","M","M","E","?","M","M","M","B",null],"character_chosen":"THE_POKER_PLAYER","items_purchased":["DemoMod:WeirdEgg","PokerPlayerMod:PenAndEraser","expansioncontent:StudyTheSpire","BargainBundle","expansioncontent:QuickStudy","Replay:Parry","PokerPlayerMod:Heart4","PokerPlayerMod:Spade5","PokerPlayerMod:SpadeStrike","PokerPlayerMod:Raise","Strength Potion","Fruit Juice","BlessingOfTheForge","Ice Cream","AT_ArchangelStaff","Nunchaku","PreservedInsect","Guide Book","PokerPlayerMod:Club8","PokerPlayerMod:Diamond1","PokerPlayerMod:SpadeStrike","PokerPlayerMod:Spade10+","Replay:Wax Seal","PokerPlayerMod:FillThePot","ReplayTheSpireMod:Lightbulb"],"campfire_rested":1,"item_purchase_floors":[8,14,14,21,21,21,21,21,21,21,21,21,21,21,21,26,26,26,26,26,38,38,39,39,39],"current_hp_per_floor":[57,51,55,55,57,67,67,58,54,47,40,51,47,54,52,44,67,67,57,37,16,72,70,66,66,59,52,52,43,43,49,61,55,55,50,57,7,72,72,51,51,48,47,44,44,67,67,67,71,77,71,71,77,77,82,89,89,84,84,84,84,84,84,84,64,52,52,52,73,73,78],"gold":573,"neow_bonus":"TEN_PERCENT_HP_BONUS","is_daily":false,"chose_seed":false,"campfire_upgraded":4,"win_rate":0.0,"timestamp":1613558068,"path_taken":["R","M","M","M","M","?","T","?","M","E","?","E","M","$","M","BOSS","R","M","?","M","?","R","M","M","?","M","M","T","M","M","M","M","E","R","E","M","BOSS","R","M","?","$","M","M","T","R","$","?","E","M","E","?","M","BOSS","R","?","M","?","$","R","T","R","M","M","E","?","M","M","M","BOSS"],"items_purchased_type":["Relic","Relic","Card","Relic","Card","Card","Card","Card","Card","Card","Potion","Potion","Potion","Relic","Relic","Relic","Relic","Relic","Card","Card","Card","Undefined","Relic","Card","Relic"],"build_version":"2020-12-22","purchased_purges":1,"victory":true,"max_hp_per_floor":[57,57,57,57,57,67,67,67,67,67,67,67,67,67,67,67,67,67,67,67,67,72,72,72,72,72,72,72,72,72,72,72,72,72,72,72,72,72,72,72,72,77,77,77,77,77,77,77,77,77,77,77,77,77,82,89,89,89,89,89,89,89,89,89,89,89,89,89,89,89,89],"card_choices":[{"not_picked":["PokerPlayerMod:Configure","PokerPlayerMod:Trickery"],"picked":"PokerPlayerMod:Diamond6","floor":2.0},{"not_picked":["PokerPlayerMod:Diamond2","PokerPlayerMod:FillThePot"],"picked":"PokerPlayerMod:DartThrow","floor":3.0},{"not_picked":["PokerPlayerMod:Diamond8","PokerPlayerMod:Trickery"],"picked":"PokerPlayerMod:Sharpen","floor":4.0},{"not_picked":["PokerPlayerMod:HeartStrike","PokerPlayerMod:Club2"],"picked":"PokerPlayerMod:Heart3","floor":5.0},{"not_picked":["PokerPlayerMod:FillThePot","PokerPlayerMod:DiamondStrike"],"picked":"PokerPlayerMod:DartThrow","floor":8.0},{"not_picked":["PokerPlayerMod:CardBurn","PokerPlayerMod:ClubDance"],"picked":"PokerPlayerMod:Club8","floor":9.0},{"not_picked":["PokerPlayerMod:Diamond9","PokerPlayerMod:Spade3"],"picked":"PokerPlayerMod:Harden","floor":10.0},{"not_picked":["PokerPlayerMod:Spade2","PokerPlayerMod:Spade1"],"picked":"PokerPlayerMod:Spade4","floor":11.0},{"not_picked":["PokerPlayerMod:Club4","PokerPlayerMod:ClubDance"],"picked":"PokerPlayerMod:Spade7","floor":12.0},{"not_picked":["PokerPlayerMod:Spade1","PokerPlayerMod:Club3"],"picked":"PokerPlayerMod:JackOfSpades","floor":13.0},{"not_picked":["PokerPlayerMod:Spade1","PokerPlayerMod:Configure"],"picked":"PokerPlayerMod:Harden","floor":14.0},{"not_picked":["PokerPlayerMod:CardBurn","PokerPlayerMod:Spade1"],"picked":"PokerPlayerMod:Diamond3","floor":15.0},{"not_picked":["PokerPlayerMod:SecretDealer","PokerPlayerMod:GamblerForm"],"picked":"PokerPlayerMod:FakeSymbols","floor":16.0},{"not_picked":["PokerPlayerMod:Spade1","PokerPlayerMod:CloakAndDiamond"],"picked":"PokerPlayerMod:Club4","floor":19.0},{"not_picked":["PokerPlayerMod:Diamond1","PokerPlayerMod:Diamond2"],"picked":"PokerPlayerMod:Club3","floor":20.0},{"not_picked":["PokerPlayerMod:Club3","PokerPlayerMod:CardBurn"],"picked":"PokerPlayerMod:DamnStraight","floor":21.0},{"not_picked":["PokerPlayerMod:Club3","PokerPlayerMod:MagicTrick"],"picked":"PokerPlayerMod:Spade8","floor":2.0},{"not_picked":["PokerPlayerMod:Club1","PokerPlayerMod:Diamond2"],"picked":"PokerPlayerMod:Club6","floor":3.0},{"not_picked":["PokerPlayerMod:Club2","PokerPlayerMod:Club4"],"picked":"PokerPlayerMod:Diamond6","floor":5.0},{"not_picked":["PokerPlayerMod:Club4","PokerPlayerMod:Spade2"],"picked":"PokerPlayerMod:Raise","floor":6.0},{"not_picked":["PokerPlayerMod:Diamond3","PokerPlayerMod:FillThePot"],"picked":"PokerPlayerMod:Spade6","floor":8.0},{"not_picked":["PokerPlayerMod:Diamond3","PokerPlayerMod:Club3"],"picked":"PokerPlayerMod:Club4","floor":9.0},{"not_picked":["PokerPlayerMod:Diamond1","PokerPlayerMod:CloakAndDiamond"],"picked":"PokerPlayerMod:HotShotCut","floor":10.0},{"not_picked":["PokerPlayerMod:Spade3","PokerPlayerMod:Spade4"],"picked":"PokerPlayerMod:Diamond3","floor":11.0},{"not_picked":["PokerPlayerMod:Heart2","PokerPlayerMod:CloakAndDiamond"],"picked":"PokerPlayerMod:ClubsClub","floor":12.0},{"not_picked":["PokerPlayerMod:Diamond4","PokerPlayerMod:Fold"],"picked":"PokerPlayerMod:Diamond9","floor":14.0},{"not_picked":["PokerPlayerMod:Configure","PokerPlayerMod:Fold"],"picked":"PokerPlayerMod:ClubsClub","floor":15.0},{"not_picked":["PokerPlayerMod:Duplicate","PokerPlayerMod:Heart9"],"picked":"PokerPlayerMod:StackedDeck","floor":16.0},{"not_picked":["PokerPlayerMod:Configure+1","PokerPlayerMod:ClubsClub"],"picked":"PokerPlayerMod:CardBurn+1","floor":19.0},{"not_picked":["PokerPlayerMod:Diamond1","PokerPlayerMod:Overdeal"],"picked":"PokerPlayerMod:ItsShowtime","floor":21.0},{"not_picked":["PokerPlayerMod:Diamond1","PokerPlayerMod:CloakAndDiamond"],"picked":"PokerPlayerMod:Spade4","floor":22.0},{"not_picked":["PokerPlayerMod:CardBurn","PokerPlayerMod:Club6"],"picked":"PokerPlayerMod:SecondChance+1","floor":23},{"not_picked":["PokerPlayerMod:FillThePot","PokerPlayerMod:Diamond2"],"picked":"PokerPlayerMod:Spade4","floor":26},{"not_picked":["PokerPlayerMod:ItsShowtime","PokerPlayerMod:Trickery+1"],"picked":"PokerPlayerMod:Diamond6","floor":28},{"not_picked":["PokerPlayerMod:Spade3","PokerPlayerMod:DartThrow"],"picked":"PokerPlayerMod:ClubShade+1","floor":29},{"not_picked":["PokerPlayerMod:Overdeal","PokerPlayerMod:FlyingCard"],"picked":"PokerPlayerMod:ClubShade+1","floor":30},{"not_picked":["PokerPlayerMod:Diamond4","PokerPlayerMod:Spade4"],"picked":"PokerPlayerMod:DartThrow","floor":32},{"not_picked":["PokerPlayerMod:FakeSymbols","PokerPlayerMod:Duplicate"],"picked":"PokerPlayerMod:RoyalStrike","floor":33},{"not_picked":["PokerPlayerMod:Diamond3","PokerPlayerMod:DamnStraight"],"picked":"PokerPlayerMod:MagicTrick","floor":34},{"not_picked":["PokerPlayerMod:ClubsClub","PokerPlayerMod:Sharpen"],"picked":"PokerPlayerMod:Diamond6","floor":37},{"not_picked":["PokerPlayerMod:DiamondStrike+1","PokerPlayerMod:DartThrow"],"picked":"PokerPlayerMod:Extraction+1","floor":43},{"not_picked":["PokerPlayerMod:Diamond2","PokerPlayerMod:Diamond6"],"picked":"PokerPlayerMod:Spade10+","floor":44},{"not_picked":["PokerPlayerMod:Club1","PokerPlayerMod:HotShotCut"],"picked":"PokerPlayerMod:Heart7","floor":45},{"not_picked":["PokerPlayerMod:Manipulation","PokerPlayerMod:Club3"],"picked":"PokerPlayerMod:RiskyBet+1","floor":47},{"not_picked":["PokerPlayerMod:Diamond2","PokerPlayerMod:Fold","PokerPlayerMod:DiamondStrike"],"picked":"SKIP","floor":48},{"not_picked":["PokerPlayerMod:Heart4","PokerPlayerMod:Diamond1"],"picked":"PokerPlayerMod:CardPrinter+1","floor":49}],"player_experience":44820,"relics_obtained":[{"floor":1.0,"key":"Bronze Scales"},{"floor":2.0,"key":"LetterFromLob"},{"floor":10.0,"key":"AT_TheCollector"},{"floor":11.0,"key":"White Beast Statue"},{"floor":12.0,"key":"DemoMod:WhiteGuonStone"},{"floor":2.0,"key":"LetterFromLob"},{"floor":7.0,"key":"AT_RedTearstoneRing"},{"floor":12.0,"key":"Juzu Bracelet"},{"floor":14.0,"key":"AT_ForceNature"},{"floor":24,"key":"PokerPlayerMod:BottledPoker"},{"floor":28,"key":"PokerPlayerMod:StuffedPocket"},{"floor":30,"key":"Omamori"},{"floor":35,"key":"DemoMod:MonsterBlood"},{"floor":41,"key":"Blue Doll"},{"floor":45,"key":"DemoMod:ChaffGrenade"}],"event_choices":[{"cards_removed":["AT_FamilyPortrait"],"damage_healed":0.0,"max_hp_gain":10.0,"max_hp_loss":0.0,"gold_gain":0.0,"event_name":"Bonfire Elementals","player_choice":"Offered Rare","floor":6.0,"gold_loss":0.0,"damage_taken":0.0},{"damage_healed":0.0,"max_hp_gain":5.0,"max_hp_loss":0.0,"gold_gain":0.0,"event_name":"Big Fish","player_choice":"Donut","floor":1.0,"gold_loss":0.0,"damage_taken":0.0}],"is_beta":false,"boss_relics":[{"not_picked":["bronze:MakeshiftBattery","Fusion Hammer"],"picked":"Kintsugi"},{"not_picked":["Replay:Ancient Bell","Philosopher\u0027s Stone"],"picked":"PokerPlayerMod:AceCard"},{"not_picked":["bronze:MakeshiftBattery","Busted Crown"],"picked":"Tiny House"}],"items_purged_floors":[21],"is_endless":false,"potions_floor_spawned":[3,10,12,13,14,15,16,19,20,21,2,3,5,6,8,9,10,11,12,14,15,16,19,21,22,23,26,28,29,30,32,33,37,43,44,45,47,48,49],"ascension_level":0}}