{"host":"me7pax5d7uwssv6n","time":1613562552,"event":{"mods":["BaseMod","Minty Spire (QoL Compilation)","Replay The Spire","StSLib"],"gold_per_floor":[10,22,37,37,53,53,53,53,79,79,113,131,56,97,97,227,290,308,408,433,433,696,696,717,717,717,316,336,370,370,384,384,503,503,519,174,197,197,211,255,255,255,255,255,294,627,627,640,640,640,640,640,132,158,158],"floor_reached":56,"language":"ENG","playtime":7844,"items_purged":["Defend_P","Omniscience+1"],"score":1258,"play_id":"f4efcf77-445c-44cd-bf8b-953ea9c0c0a8","local_time":"20210217194912","is_ascension_mode":false,"campfire_choices":[{"data":"Eruption","floor":6,"key":"SMITH"},{"floor":8,"key":"REST"},{"data":"BattleHymn","floor":10,"key":"SMITH"},{"data":"Study","floor":15,"key":"SMITH"},{"floor":23,"key":"REST"},{"floor":25,"key":"RECALL"},{"floor":30,"key":"REST"},{"floor":32,"key":"REST"},{"floor":42,"key":"REST"},{"data":"DevaForm","floor":44,"key":"SMITH"},{"data":"Omniscience","floor":49,"key":"SMITH"},{"data":"TalkToTheHand","floor":52,"key":"SMITH"}],"circlet_count":0,"master_deck":["Strike_P","Strike_P+1","Strike_P","Defend_P","Defend_P","Defend_P","Eruption+1","Vigilance","Perseverance","BattleHymn+1","FearNoEvil+1","Study+1","ThirdEye","CutThroughFate","DevaForm+1","JustLucky","ThirdEye+1","TalkToTheHand+1","Nirvana","CutThroughFate+1","EmptyMind+1","Madness+1","Madness+1","Consecrate"],"relics":["PureWater","FossilizedHelix","Whetstone","Toy Ornithopter","Gambling Chip","Tiny House","Nilry\u0027s Codex","Kunai","Omamori","WingedGreaves","Runic Pyramid","Blood Vial","Bag of Preparation","PreservedInsect","Bottled Tornado","Replay:Bottled Eggs","Iron Hammer","OrangePellets","Mango"],"acts_visited":["Exordium","TheCity","TheBeyond","TheEnding"],"potions_floor_usage":[16,40,45,54,54,55,55],"damage_taken":[{"damage":0,"enemies":"Cultist","floor":1,"turns":4},{"damage":0,"enemies":"Jaw Worm","floor":2,"turns":5},{"damage":0,"enemies":"Small Slimes","floor":3,"turns":3},{"damage":21,"enemies":"Gremlin Gang","floor":5,"turns":7},{"damage":4,"enemies":"3 Sentries","floor":11,"turns":7},{"damage":0,"enemies":"Large Slime","floor":12,"turns":2},{"damage":0,"enemies":"Gremlin Nob","floor":14,"turns":3},{"damage":13,"enemies":"The Guardian","floor":16,"turns":10},{"damage":0,"enemies":"Shell Parasite","floor":18,"turns":4},{"damage":3,"enemies":"2 Thieves","floor":20,"turns":3},{"damage":0,"enemies":"Snecko","floor":24,"turns":5},{"damage":8,"enemies":"Centurion and Healer","floor":28,"turns":6},{"damage":46,"enemies":"Gremlin Leader","floor":29,"turns":7},{"damage":9,"enemies":"3 Cultists","floor":31,"turns":5},{"damage":34,"enemies":"Collector","floor":33,"turns":11},{"damage":7,"enemies":"3 Shapes","floor":35,"turns":5},{"damage":0,"enemies":"Orb Walker","floor":37,"turns":4},{"damage":0,"enemies":"Maw","floor":39,"turns":6},{"damage":30,"enemies":"Reptomancer","floor":40,"turns":6},{"damage":0,"enemies":"Giant Head","floor":45,"turns":8},{"damage":0,"enemies":"Transient","floor":48,"turns":5},{"damage":40,"enemies":"Donu and Deca","floor":50,"turns":8},{"damage":22,"enemies":"Shield and Spear","floor":54,"turns":5},{"damage":33,"enemies":"The Heart","floor":55,"turns":11}],"seed_played":"-9193073191105544734","potions_obtained":[{"floor":1,"key":"Elixir"},{"floor":5,"key":"Weak Potion"},{"floor":12,"key":"Reflective Coating"},{"floor":14,"key":"Venom Potion"},{"floor":17,"key":"Death Potion"},{"floor":18,"key":"Fire Potion"},{"floor":39,"key":"DistilledChaos"},{"floor":45,"key":"Fruit Juice"},{"floor":48,"key":"Block Potion"},{"floor":54,"key":"Reflective Coating"}],"is_trial":false,"path_per_floor":["M","M","M","?","M","R","?","R","T","R","E","M","$","E","R","B",null,"M","?","M","?","?","R","M","R","T","$","M","E","R","M","R","B",null,"M","$","M","$","M","E","?","R","T","R","E","?","?","M","R","B",null,"R","$","E","B",null],"character_chosen":"WATCHER","items_purchased":["Kunai","Omamori","Blood Vial","Bag of Preparation","Nirvana","Iron Hammer","OrangePellets"],"campfire_rested":5,"item_purchase_floors":[27,27,36,36,36,53,53],"current_hp_per_floor":[72,72,72,72,51,51,33,54,54,54,50,50,50,50,50,42,77,77,77,74,58,39,62,62,62,62,62,54,8,31,22,45,11,77,70,70,72,72,74,47,37,60,60,60,72,72,72,74,74,36,82,82,82,79,58],"gold":158,"neow_bonus":"ONE_RARE_RELIC","is_daily":false,"chose_seed":false,"campfire_upgraded":6,"win_rate":0.0,"timestamp":1613562552,"path_taken":["M","?","M","?","M","R","?","R","T","R","E","M","?","E","R","BOSS","M","?","?","?","?","R","M","R","T","$","M","E","R","M","R","BOSS","M","$","M","?","?","E","?","R","T","R","E","?","?","?","R","BOSS","R","$","E","BOSS"],"items_purchased_type":["Relic","Relic","Relic","Relic","Card","Relic","Relic"],"build_version":"2020-12-22","purchased_purges":2,"victory":true,"max_hp_per_floor":[72,72,72,72,72,72,72,72,72,72,72,72,72,72,72,72,77,77,77,77,77,77,77,77,77,77,77,77,77,77,77,77,77,77,77,77,77,77,77,77,77,77,77,77,82,82,82,82,82,82,82,82,82,96,96],"card_choices":[{"not_picked":["Replay:Battleflow","SashWhip"],"picked":"Perseverance","floor":1},{"not_picked":["Replay:ManipulateFuture","Tantrum","CrushJoints"],"picked":"SKIP","floor":2},{"not_picked":["FlyingSleeves","EmptyFist"],"picked":"BattleHymn","floor":3},{"not_picked":["CrushJoints","Protect"],"picked":"FearNoEvil","floor":5},{"not_picked":["WreathOfFlame","Consecrate"],"picked":"Study","floor":11},{"not_picked":["Replay:Hum","SashWhip"],"picked":"ThirdEye","floor":12},{"not_picked":["SashWhip","Replay:ManipulateFuture"],"picked":"CutThroughFate","floor":14},{"not_picked":["Ragnarok","Replay:LoomingThreat"],"picked":"DevaForm","floor":16},{"not_picked":["Evaluate","Worship"],"picked":"JustLucky","floor":17},{"not_picked":["SashWhip","FlurryOfBlows"],"picked":"ThirdEye+1","floor":18},{"not_picked":["Crescendo","Evaluate","CrushJoints+1"],"picked":"SKIP","floor":20},{"not_picked":["Replay:AllIn","CrushJoints+1","SashWhip"],"picked":"SKIP","floor":24},{"not_picked":["JustLucky","WindmillStrike"],"picked":"TalkToTheHand","floor":28},{"not_picked":["BattleHymn","InnerPeace","Sanctity"],"picked":"SKIP","floor":29},{"not_picked":["WaveOfTheHand","Protect+1","ThirdEye"],"picked":"SKIP","floor":31},{"not_picked":["DeusExMachina","ConjureBlade"],"picked":"Omniscience","floor":33},{"not_picked":["ClearTheMind+1","CutThroughFate","Pray"],"picked":"SKIP","floor":35},{"not_picked":["Weave","ClearTheMind+1"],"picked":"CutThroughFate+1","floor":37},{"not_picked":["Vengeance+1","Swivel"],"picked":"EmptyMind+1","floor":39},{"not_picked":["WheelKick+1","Replay:DivineShield","Halt"],"picked":"SKIP","floor":40},{"not_picked":["Study","CutThroughFate","PathToVictory+1"],"picked":"SKIP","floor":45},{"not_picked":["Halt","Replay:DivineShield+1"],"picked":"Consecrate","floor":48},{"not_picked":["ThirdEye+1","Replay:AllIn","SandsOfTime+1"],"picked":"SKIP","floor":54}],"player_experience":31074,"relics_obtained":[{"floor":9,"key":"Whetstone"},{"floor":11,"key":"Toy Ornithopter"},{"floor":14,"key":"Gambling Chip"},{"floor":21,"key":"Nilry\u0027s Codex"},{"floor":29,"key":"WingedGreaves"},{"floor":40,"key":"PreservedInsect"},{"floor":43,"key":"Bottled Tornado"},{"floor":45,"key":"Replay:Bottled Eggs"},{"floor":54,"key":"Mango"}],"event_choices":[{"damage_healed":0,"gold_gain":0,"player_choice":"Take Damage","damage_taken":18,"relics_obtained":["Golden Idol"],"max_hp_gain":0,"max_hp_loss":0,"event_name":"Golden Idol","floor":7,"gold_loss":0},{"damage_healed":0,"gold_gain":100,"player_choice":"Pray","damage_taken":0,"max_hp_gain":0,"max_hp_loss":0,"event_name":"Golden Shrine","floor":19,"gold_loss":0},{"damage_healed":0,"gold_gain":0,"player_choice":"Obtained Book","damage_taken":16,"max_hp_gain":0,"max_hp_loss":0,"event_name":"Cursed Tome","floor":21,"gold_loss":0},{"damage_healed":0,"gold_gain":0,"player_choice":"Embrace Madness","damage_taken":10,"max_hp_gain":0,"max_hp_loss":0,"event_name":"Winding Halls","floor":41,"gold_loss":0,"cards_obtained":["Madness","Madness"]},{"damage_healed":0,"gold_gain":333,"player_choice":"Gave Idol","damage_taken":0,"max_hp_gain":0,"max_hp_loss":0,"event_name":"The Moai Head","floor":46,"relics_lost":["Golden Idol"],"gold_loss":0},{"cards_removed":["Strike_P"],"damage_healed":0,"gold_gain":0,"player_choice":"Removed Attack","damage_taken":0,"max_hp_gain":0,"max_hp_loss":0,"event_name":"Falling","floor":47,"gold_loss":0}],"is_beta":false,"boss_relics":[{"not_picked":["ReplayTheSpireMod:DimensionalGlitch","SacredBark"],"picked":"Tiny House"},{"not_picked":["Replay:Drink Me","Runic Dome"],"picked":"Runic Pyramid"}],"items_purged_floors":[13,53],"is_endless":false,"potions_floor_spawned":[1,5,12,14,18,20,31,37,39,45,48,54],"ascension_level":0}}