{"host":"vk2xyavtylxbvrfq","time":1613543506,"event":{"mods":["Bard","BaseMod","Bestiary","Better Altar","Better Match","Better Note","Better Sensory Stone","Better Skull","Better Vampires","Block Reminder","Bossed Relics","Colored Map","Curses Come First","Displayed Cursed Tome","Downfall","Fox Events","Hermit","Ironclad Rager","Marked Mod","Minty Spire (QoL Compilation)","Quick Restart","Rare Cards Sparkle","Relic Sorter","Reliquary","Robot Space Explorer","StSLib","The Hayseed","The Runesmith","TheSurvivalist","Unceasing Turn Reminder"],"gold_per_floor":[109,209,256,256,269,269,301,301,354,388,47,58,58,77,77,174,174,191,204,204,204,204],"floor_reached":21,"language":"ENG","playtime":679,"items_purged":[],"score":343,"play_id":"4a016ebc-c6a8-477f-8f69-bd5d66e8c736","local_time":"20210217013146","is_ascension_mode":true,"campfire_choices":[{"floor":6,"key":"REST"},{"data":"hermit:TakeAim","floor":8,"key":"SMITH"},{"floor":13,"key":"REST"},{"floor":15,"key":"REST"}],"circlet_count":0,"master_deck":["hermit:Strike_Hermit+1","hermit:Strike_Hermit+1","hermit:Strike_Hermit+1","hermit:Strike_Hermit+1","hermit:Defend_Hermit+1","hermit:Defend_Hermit+1","hermit:Defend_Hermit+1","hermit:Defend_Hermit+1","hermit:Snapshot","hermit:Covet","Pain","Panache","hermit:WideOpen","downfall:Haunted","downfall:Haunted","downfall:Haunted","hermit:FromBeyond","TheSimpletonMod:Frostbite","Injury","hermit:Horror","hermit:Vantage","hermit:TakeAim+1","hermit:CalledShot","Apotheosis","hermit:Quickdraw","hermit:Shortfuse","hermit:Dissolve","CurseOfTheBell","hermit:Glare","hermit:Quickdraw"],"relics":["hermit:Momento","Du-Vu Doll","Runesmith:AutoHammer","Orichalcum","reliquary:RoseTintedGlasses","reliquary:IridiumChain","reliquary:RosewoodLute","Calling Bell","Centennial Puzzle","InkBottle","Turnip"],"acts_visited":["Exordium","TheCity"],"potions_floor_usage":[7,10],"damage_taken":[{"damage":15,"enemies":"Small Slimes","floor":1,"turns":3},{"damage":7,"enemies":"Jaw Worm","floor":5,"turns":2},{"damage":16,"enemies":"Lagavulin","floor":7,"turns":6},{"damage":32,"enemies":"3 Sentries","floor":10,"turns":8},{"damage":0,"enemies":"Cultist","floor":12,"turns":3},{"damage":1,"enemies":"Gremlin Gang","floor":14,"turns":4},{"damage":50,"enemies":"Hexaghost","floor":16,"turns":8},{"damage":27,"enemies":"2 Thieves","floor":18,"turns":4},{"damage":29,"enemies":"3 Byrds","floor":19,"turns":5},{"damage":6,"enemies":"3 Cultists","floor":21,"turns":3}],"seed_played":"8709537532223274503","potions_obtained":[{"floor":1,"key":"DistilledChaos"},{"floor":5,"key":"Swift Potion"},{"floor":10,"key":"FearPotion"}],"is_trial":false,"path_per_floor":["M","?","T","?","M","R","E","R","T","E","$","M","R","M","R","B",null,"M","M","?","M"],"character_chosen":"HERMIT","items_purchased":["Apotheosis","reliquary:RosewoodLute"],"campfire_rested":3,"item_purchase_floors":[11,11],"current_hp_per_floor":[53,58,58,58,51,75,59,59,59,27,27,27,51,50,74,24,66,39,10,10,4,4],"gold":204,"neow_bonus":"RANDOM_COLORLESS_2","is_daily":false,"chose_seed":false,"campfire_upgraded":1,"win_rate":0.0,"timestamp":1613543506,"path_taken":["M","?","?","?","?","R","E","R","T","E","$","M","R","?","R","BOSS","M","M","?","M"],"items_purchased_type":["Card","Relic"],"build_version":"2020-12-22","purchased_purges":0,"victory":false,"max_hp_per_floor":[75,80,80,80,80,80,80,80,80,80,80,80,80,80,80,80,80,80,80,80,80,80],"card_choices":[{"not_picked":["Sadistic Nature","Chrysalis"],"picked":"Panache","floor":0},{"not_picked":["hermit:Dive","hermit:Spite"],"picked":"hermit:WideOpen","floor":1},{"not_picked":["hermit:HighCaliber","hermit:TrackingShot"],"picked":"hermit:Vantage","floor":5},{"not_picked":["hermit:FatalDesire","hermit:Vantage"],"picked":"hermit:TakeAim","floor":7},{"not_picked":["hermit:TakeCover","hermit:Headshot"],"picked":"hermit:CalledShot","floor":10},{"not_picked":["hermit:Dive","hermit:SprayPray"],"picked":"hermit:Quickdraw","floor":12},{"not_picked":["hermit:HighCaliber","hermit:Dive"],"picked":"hermit:Shortfuse","floor":14},{"not_picked":["hermit:Roughhouse","hermit:OverwhelmingPower"],"picked":"hermit:Dissolve","floor":16},{"not_picked":["hermit:ItchyTrigger","hermit:Coalescence"],"picked":"hermit:Glare","floor":18},{"not_picked":["hermit:HighCaliber","hermit:FullyLoaded"],"picked":"hermit:Quickdraw","floor":19}],"player_experience":1402497,"relics_obtained":[{"floor":3,"key":"Runesmith:AutoHammer"},{"floor":7,"key":"Orichalcum"},{"floor":9,"key":"reliquary:RoseTintedGlasses"},{"floor":10,"key":"reliquary:IridiumChain"},{"floor":17,"key":"Centennial Puzzle"},{"floor":17,"key":"InkBottle"},{"floor":17,"key":"Turnip"}],"event_choices":[{"damage_healed":0,"gold_gain":0,"player_choice":"Take","damage_taken":0,"max_hp_gain":0,"max_hp_loss":0,"event_name":"betterNote:BetterNote","floor":4,"gold_loss":0,"cards_obtained":["hermit:Horror"]},{"damage_healed":0,"gold_gain":0,"player_choice":"Simplicity","damage_taken":0,"max_hp_gain":0,"max_hp_loss":0,"event_name":"Back to Basics","floor":20,"gold_loss":0,"cards_upgraded":["hermit:Strike_Hermit","hermit:Strike_Hermit","hermit:Strike_Hermit","hermit:Strike_Hermit","hermit:Defend_Hermit","hermit:Defend_Hermit","hermit:Defend_Hermit","hermit:Defend_Hermit"]}],"is_beta":false,"boss_relics":[{"not_picked":["Runesmith:UraniumAnvil","Ectoplasm"],"picked":"Calling Bell"}],"items_purged_floors":[],"is_endless":false,"potions_floor_spawned":[1,5,10],"killed_by":"3 Cultists","ascension_level":6}}