{"host":"7sni158j623xchr2","time":1613525532,"event":{"mods":["BaseMod","Colored Map","Highlight Path","Minty Spire (QoL Compilation)","Permanent Neow","Potion Indicator Mod","Rare Cards Sparkle","Relic Sorter","Relic Stats","StSLib","everything is the same but u backflip on backflip"],"gold_per_floor":[118,118,129,144,144,178,178,206,282,317,327,49,49,49,49,151,151,163,178,178,188,113,157,180,180,214,223,24,24,49,58,58,172,172,193,221,34,43,58,58,99,99,99],"floor_reached":42,"language":"ENG","playtime":1433,"items_purged":["Regret","Writhe","Decay"],"score":585,"play_id":"21e6d5c1-99fd-4a98-af09-492a1230bb47","local_time":"20210216193212","is_ascension_mode":true,"campfire_choices":[{"data":"Consecrate","floor":7,"key":"SMITH"},{"data":"Adaptation","floor":13,"key":"SMITH"},{"data":"BowlingBash","floor":15,"key":"SMITH"},{"data":"CrushJoints","floor":25,"key":"SMITH"},{"data":"SashWhip","floor":29,"key":"SMITH"},{"data":"Vigilance","floor":32,"key":"SMITH"},{"floor":40,"key":"RECALL"}],"circlet_count":0,"master_deck":["Strike_P","Strike_P","Strike_P","Defend_P","Defend_P","Defend_P","Defend_P","Eruption+1","Vigilance+1","Consecrate+1","Dark Shackles","SashWhip+1","BowlingBash+1","Sanctity","Adaptation+1","DeceiveReality","Halt","EmptyMind","TalkToTheHand+1","CrushJoints+1","TalkToTheHand+1","Wish","Worship+1","Wallop+1","MentalFortress","Injury","TalkToTheHand+1"],"relics":["Cursed Key","Pocketwatch","Oddly Smooth Stone","Meat on the Bone","Pen Nib","ClockworkSouvenir","Black Star","CeramicFish","Tiny Chest","Potion Belt","Bag of Preparation","Boot","Matryoshka","Fusion Hammer","Bronze Scales","Gambling Chip","Anchor"],"acts_visited":["Exordium","TheCity","TheBeyond"],"potions_floor_usage":[10,16,23,23,33,33],"damage_taken":[{"damage":0,"enemies":"Jaw Worm","floor":1,"turns":3},{"damage":0,"enemies":"Cultist","floor":3,"turns":2},{"damage":0,"enemies":"Small Slimes","floor":4,"turns":5},{"damage":22,"enemies":"Lagavulin","floor":6,"turns":7},{"damage":1,"enemies":"3 Sentries","floor":8,"turns":6},{"damage":30,"enemies":"Gremlin Nob","floor":10,"turns":3},{"damage":14,"enemies":"Blue Slaver","floor":11,"turns":2},{"damage":0,"enemies":"Slime Boss","floor":16,"turns":5},{"damage":11,"enemies":"3 Byrds","floor":18,"turns":4},{"damage":13,"enemies":"Shell Parasite","floor":19,"turns":5},{"damage":3,"enemies":"3 Cultists","floor":21,"turns":4},{"damage":0,"enemies":"Book of Stabbing","floor":23,"turns":6},{"damage":6,"enemies":"Sentry and Sphere","floor":24,"turns":4},{"damage":8,"enemies":"Gremlin Leader","floor":30,"turns":3},{"damage":41,"enemies":"Automaton","floor":33,"turns":11},{"damage":0,"enemies":"3 Shapes","floor":35,"turns":3},{"damage":12,"enemies":"Orb Walker","floor":36,"turns":3},{"damage":23,"enemies":"3 Darklings","floor":39,"turns":6},{"damage":27,"enemies":"Giant Head","floor":41,"turns":8},{"damage":0,"enemies":"Spire Growth","floor":42,"turns":1}],"seed_played":"6346275195647633445","potions_obtained":[{"floor":6,"key":"DuplicationPotion"},{"floor":8,"key":"ColorlessPotion"},{"floor":10,"key":"FearPotion"},{"floor":16,"key":"SteroidPotion"},{"floor":19,"key":"Weak Potion"},{"floor":33,"key":"PowerPotion"},{"floor":35,"key":"GamblersBrew"}],"is_trial":false,"path_per_floor":["M","?","M","M","?","E","R","E","T","E","M","$","R","$","R","B",null,"M","M","?","M","?","E","M","R","T","?","$","R","E","?","R","B",null,"M","M","$","T","M","R","E","M"],"character_chosen":"WATCHER","items_purchased":["ClockworkSouvenir","Halt","BlessingOfTheForge","Explosive Potion","MentalFortress"],"campfire_rested":0,"item_purchase_floors":[12,12,28,28,37],"current_hp_per_floor":[72,72,72,72,72,50,50,49,49,31,29,29,29,29,29,41,72,61,48,48,45,45,45,39,39,39,39,39,39,43,43,43,14,72,72,60,60,60,37,37,22,22,22],"gold":99,"neow_bonus":"BOSS_RELIC","is_daily":false,"chose_seed":false,"campfire_upgraded":6,"win_rate":0.0,"timestamp":1613525532,"path_taken":["M","?","M","?","?","E","R","E","T","E","M","$","R","$","R","BOSS","M","M","?","?","?","E","M","R","T","?","$","R","E","?","R","BOSS","M","?","$","?","M","R","E","M"],"items_purchased_type":["Relic","Card","Potion","Potion","Card"],"build_version":"2020-12-22","purchased_purges":3,"victory":false,"max_hp_per_floor":[72,72,72,72,72,72,72,72,72,72,72,72,72,72,72,72,72,72,72,72,72,72,72,72,72,72,72,72,72,72,72,72,72,72,72,72,72,72,72,72,72,72,72],"relic_stats":{"counters":[20,91],"CeramicFish":99,"Pen Nib":[15],"Bag of Preparation":[14],"Cursed Key":3,"Boot":[6],"Bronze Scales":[39],"Gambling Chip":[0],"Tiny Chest":1,"Black Star":3,"obtain_stats":[{"Potion Belt":26,"CeramicFish":23,"Oddly Smooth Stone":8,"Pen Nib":10,"Bag of Preparation":27,"Cursed Key":0,"Boot":30,"ClockworkSouvenir":12,"Anchor":41,"Matryoshka":30,"Bronze Scales":38,"Gambling Chip":41,"Tiny Chest":23,"Fusion Hammer":34,"Black Star":17,"PureWater":0,"Pocketwatch":6,"Meat on the Bone":9},{"Potion Belt":13,"CeramicFish":12,"Oddly Smooth Stone":5,"Pen Nib":6,"Bag of Preparation":13,"Cursed Key":0,"Boot":14,"ClockworkSouvenir":7,"Anchor":19,"Matryoshka":14,"Bronze Scales":17,"Gambling Chip":19,"Tiny Chest":12,"Fusion Hammer":15,"Black Star":8,"PureWater":0,"Pocketwatch":4,"Meat on the Bone":5},{"Potion Belt":56,"CeramicFish":52,"Oddly Smooth Stone":23,"Pen Nib":26,"Bag of Preparation":56,"Cursed Key":0,"Boot":59,"ClockworkSouvenir":28,"Anchor":90,"Matryoshka":59,"Bronze Scales":76,"Gambling Chip":90,"Tiny Chest":52,"Fusion Hammer":70,"Black Star":33,"PureWater":0,"Pocketwatch":17,"Meat on the Bone":23}],"Pocketwatch":[39],"Meat on the Bone":72},"card_choices":[{"not_picked":["Protect","EmptyBody"],"picked":"Consecrate","floor":1},{"not_picked":["Evaluate","Collect"],"picked":"SashWhip","floor":3},{"not_picked":["Consecrate","FlurryOfBlows"],"picked":"BowlingBash","floor":4},{"not_picked":["PathToVictory","Prostrate"],"picked":"Sanctity","floor":6},{"not_picked":["Indignation","FlyingSleeves","ForeignInfluence"],"picked":"SKIP","floor":8},{"not_picked":["Pray","BowlingBash"],"picked":"Adaptation","floor":10},{"not_picked":["WaveOfTheHand","BowlingBash"],"picked":"DeceiveReality","floor":11},{"not_picked":["JustLucky+1","Protect","Halt"],"picked":"SKIP","floor":18},{"not_picked":["Crescendo","SashWhip"],"picked":"EmptyMind","floor":19},{"not_picked":["PathToVictory+1","Halt","Study"],"picked":"SKIP","floor":21},{"not_picked":["WreathOfFlame","Brilliance"],"picked":"TalkToTheHand+1","floor":23},{"not_picked":["BowlingBash","Consecrate"],"picked":"CrushJoints","floor":24},{"not_picked":["BattleHymn","Protect","FlyingSleeves"],"picked":"SKIP","floor":30},{"not_picked":["SpiritShield","Establishment"],"picked":"Wish","floor":33},{"not_picked":["Consecrate+1","FlurryOfBlows"],"picked":"Worship+1","floor":35},{"not_picked":["Protect","EmptyBody"],"picked":"Wallop+1","floor":36},{"not_picked":["Protect+1","LikeWater","FlurryOfBlows"],"picked":"SKIP","floor":39},{"not_picked":["SashWhip+1","FearNoEvil"],"picked":"TalkToTheHand+1","floor":41}],"player_experience":1817235,"relics_obtained":[{"floor":6,"key":"Pocketwatch"},{"floor":8,"key":"Oddly Smooth Stone"},{"floor":9,"key":"Meat on the Bone"},{"floor":10,"key":"Pen Nib"},{"floor":23,"key":"CeramicFish"},{"floor":23,"key":"Tiny Chest"},{"floor":26,"key":"Potion Belt"},{"floor":30,"key":"Boot"},{"floor":30,"key":"Matryoshka"},{"floor":38,"key":"Bronze Scales"},{"floor":41,"key":"Gambling Chip"},{"floor":41,"key":"Anchor"}],"event_choices":[{"damage_healed":0,"gold_gain":0,"player_choice":"1 cards matched","damage_taken":0,"max_hp_gain":0,"max_hp_loss":0,"event_name":"Match and Keep!","floor":2,"gold_loss":0,"cards_obtained":["Dark Shackles"]},{"damage_healed":0,"gold_gain":0,"player_choice":"Grow","damage_taken":0,"max_hp_gain":0,"max_hp_loss":0,"event_name":"Living Wall","floor":5,"gold_loss":0,"cards_upgraded":["Eruption"]},{"damage_healed":0,"gold_gain":0,"player_choice":"Bought 0 Potions","damage_taken":0,"max_hp_gain":0,"max_hp_loss":0,"event_name":"The Woman in Blue","floor":20,"gold_loss":0},{"cards_removed":["Strike_P"],"damage_healed":0,"gold_gain":0,"player_choice":"Gave Gold","damage_taken":0,"max_hp_gain":0,"max_hp_loss":0,"event_name":"Beggar","floor":22,"gold_loss":75},{"damage_healed":0,"gold_gain":0,"player_choice":"Opened","damage_taken":0,"relics_obtained":["Bag of Preparation"],"max_hp_gain":0,"max_hp_loss":0,"event_name":"The Mausoleum","floor":27,"gold_loss":0,"cards_obtained":["Writhe"]},{"damage_healed":0,"gold_gain":0,"player_choice":"Copied","damage_taken":0,"max_hp_gain":0,"max_hp_loss":0,"event_name":"Duplicator","floor":31,"gold_loss":0,"cards_obtained":["TalkToTheHand"]}],"is_beta":false,"boss_relics":[{"not_picked":["Ectoplasm","Busted Crown"],"picked":"Black Star"},{"not_picked":["Runic Dome","Philosopher\u0027s Stone"],"picked":"Fusion Hammer"}],"items_purged_floors":[12,28,37],"is_endless":false,"potions_floor_spawned":[6,8,10,16,19,33,35],"killed_by":"Spire Growth","ascension_level":1}}