{"host":"jlz4is0nf6zo9oab","time":1613599347,"event":{"mods":["AchievementEnabler","BaseMod","Colored Map","Colored Powertips","Highlight Path","Minty Spire (QoL Compilation)","StSLib"],"gold_per_floor":[215,215,215,315,325,325,355,355,405,405,436,452,462,474,474,553,553,564,564,564,564],"floor_reached":20,"language":"SPA","playtime":1326,"items_purged":[],"score":300,"play_id":"5ffe6e7f-49d0-49b0-91ed-db623a207d6a","local_time":"20210217230227","is_ascension_mode":true,"campfire_choices":[{"floor":6.0,"key":"REST"},{"data":"Bouncing Flask","floor":8.0,"key":"SMITH"},{"data":"Bane","floor":10.0,"key":"SMITH"},{"floor":15.0,"key":"REST"}],"circlet_count":0,"master_deck":["AscendersBane","Strike_G","Strike_G","Strike_G","Strike_G","Strike_G","Defend_G","Defend_G","Defend_G","Defend_G","Defend_G","Survivor","Neutralize","Caltrops+1","Bouncing Flask+1","Poisoned Stab","Bane+1","Burst+1","Deadly Poison+1","Deadly Poison+1","Venomology+1"],"relics":["Ring of the Snake","Dream Catcher","Bottled Tornado","Happy Flower","Toxic Egg 2","Black Star"],"acts_visited":["Exordium","TheCity"],"potions_floor_usage":[20,20],"damage_taken":[{"damage":4.0,"enemies":"Small Slimes","floor":1.0,"turns":5.0},{"damage":4.0,"enemies":"Cultist","floor":5.0,"turns":5.0},{"damage":12.0,"enemies":"Lagavulin","floor":7.0,"turns":7.0},{"damage":27.0,"enemies":"3 Sentries","floor":11.0,"turns":7.0},{"damage":6.0,"enemies":"2 Louse","floor":12.0,"turns":2.0},{"damage":8.0,"enemies":"Large Slime","floor":13.0,"turns":6.0},{"damage":0.0,"enemies":"Exordium Wildlife","floor":14.0,"turns":3.0},{"damage":10.0,"enemies":"The Guardian","floor":16.0,"turns":6.0},{"damage":6,"enemies":"3 Byrds","floor":18,"turns":2},{"damage":48,"enemies":"Masked Bandits","floor":20,"turns":3}],"seed_played":"8750312905372374601","potions_obtained":[{"floor":11.0,"key":"Explosive Potion"},{"floor":12.0,"key":"FearPotion"},{"floor":13.0,"key":"Fire Potion"},{"floor":14.0,"key":"ColorlessPotion"},{"floor":18,"key":"Ancient Potion"}],"is_trial":false,"path_per_floor":["M","?","?","?","M","R","E","R","T","R","E","M","M","M","R","B",null,"M","?","?"],"character_chosen":"THE_SILENT","items_purchased":[],"campfire_rested":2,"item_purchase_floors":[],"current_hp_per_floor":[59,56,56,56,52,70,58,58,58,58,31,25,17,17,38,28,60,54,41,0,0],"gold":564,"neow_bonus":"HUNDRED_GOLD","is_daily":false,"chose_seed":false,"campfire_upgraded":2,"win_rate":0.0,"timestamp":1613599347,"path_taken":["M","?","?","?","M","R","E","R","T","R","E","?","M","M","R","BOSS","M","?","?"],"items_purchased_type":[],"build_version":"2020-12-22","purchased_purges":0,"victory":false,"max_hp_per_floor":[70,70,70,70,70,70,70,70,70,70,70,70,70,70,70,70,70,70,75,75,75],"card_choices":[{"not_picked":["Backflip","Underhanded Strike"],"picked":"Caltrops","floor":1.0},{"not_picked":["Prepared","Backstab"],"picked":"Bouncing Flask","floor":5.0},{"not_picked":["Deflect","Deadly Poison"],"picked":"Poisoned Stab","floor":6.0},{"not_picked":["Bouncing Flask","Flying Knee"],"picked":"Bane","floor":7.0},{"not_picked":["Sucker Punch","Dagger Throw","Flying Knee"],"picked":"SKIP","floor":11.0},{"not_picked":["Underhanded Strike","Slice"],"picked":"Burst+1","floor":12.0},{"not_picked":["Flying Knee","Slice"],"picked":"Deadly Poison+1","floor":13.0},{"not_picked":["Setup+1","Eviscerate","Cloak And Dagger+1"],"picked":"SKIP","floor":14.0},{"not_picked":["Underhanded Strike","Reflex+1"],"picked":"Deadly Poison+1","floor":15.0},{"not_picked":["Adrenaline+1","Burst+1"],"picked":"Venomology+1","floor":16.0},{"not_picked":["Deadly Poison+1","Flying Knee","Dagger Throw"],"picked":"SKIP","floor":18}],"player_experience":969937,"relics_obtained":[{"floor":7.0,"key":"Bottled Tornado"},{"floor":9.0,"key":"Happy Flower"},{"floor":11.0,"key":"Toxic Egg 2"}],"event_choices":[{"damage_healed":0.0,"max_hp_gain":0.0,"max_hp_loss":0.0,"gold_gain":0.0,"event_name":"Scrap Ooze","player_choice":"Success","floor":2.0,"gold_loss":0.0,"damage_taken":3.0,"relics_obtained":["Dream Catcher"]},{"damage_healed":0.0,"max_hp_gain":0.0,"max_hp_loss":0.0,"gold_gain":0.0,"event_name":"Living Wall","player_choice":"Grow","floor":3.0,"gold_loss":0.0,"damage_taken":0.0,"cards_upgraded":["Caltrops"]},{"damage_healed":0.0,"max_hp_gain":0.0,"max_hp_loss":0.0,"gold_gain":100.0,"event_name":"Golden Shrine","player_choice":"Pray","floor":4.0,"gold_loss":0.0,"damage_taken":0.0},{"damage_healed":0,"gold_gain":0,"player_choice":"Shed Blood","damage_taken":18,"max_hp_gain":5,"max_hp_loss":0,"event_name":"Forgotten Altar","floor":19,"gold_loss":0},{"damage_healed":0,"gold_gain":0,"player_choice":"Fought Bandits","damage_taken":0,"max_hp_gain":0,"max_hp_loss":0,"event_name":"Masked Bandits","floor":20,"gold_loss":0}],"is_beta":false,"boss_relics":[{"not_picked":["Busted Crown","Astrolabe"],"picked":"Black Star"}],"items_purged_floors":[],"is_endless":false,"potions_floor_spawned":[11,12,13,14,18],"killed_by":"Masked Bandits","ascension_level":13}}