{"host":"tc1my4n9jof2q8vu","time":1613570109,"event":{"mods":["Act Like it!","BaseMod","Colored Powertips","Hubris","Minty Spire (QoL Compilation)","Replay The Spire","StSLib"],"gold_per_floor":[110,126,126,6,26,53,53,16,42,54,84,94,124,139,139,239,239,258,274,287,306,306,331,331,331,331],"floor_reached":25,"language":"ENG","playtime":1099,"items_purged":[],"score":312,"play_id":"cc463b9f-bb59-4cc7-8ac4-1172f824995c","local_time":"20210217085509","is_ascension_mode":true,"campfire_choices":[{"data":"Zap","floor":7,"key":"SMITH"},{"floor":15,"key":"REST"},{"floor":24,"key":"REST"}],"circlet_count":0,"master_deck":["Strike_B","Strike_B","Strike_B","Strike_B","Defend_B","Defend_B","Defend_B","Defend_B","Zap+1","Dualcast","Go for the Eyes","All For One","Steam","Beam Cell","Beam Cell","Go for the Eyes","All For One","CurseOfTheBell","ReplayTheSpireMod:Calculation Training+1","Panic Button","Redo+1","Gash"],"relics":["Cracked Core","Geode","hubris:DeckOfHolding","PreservedInsect","Odd Mushroom","Replay:Baseball","Calling Bell","Omamori","Question Card","Ice Cream","hubris:TenFootPole"],"acts_visited":["Exordium","TheCity"],"potions_floor_usage":[13,13,13,16,21],"damage_taken":[{"damage":0,"enemies":"Cultist","floor":1,"turns":4},{"damage":4,"enemies":"Jaw Worm","floor":2,"turns":2},{"damage":6,"enemies":"2 Louse","floor":5,"turns":2},{"damage":34,"enemies":"Gremlin Nob","floor":6,"turns":5},{"damage":0,"enemies":"Exordium Wildlife","floor":10,"turns":3},{"damage":19,"enemies":"The Mushroom Lair","floor":11,"turns":4},{"damage":5,"enemies":"Gremlin Gang","floor":12,"turns":3},{"damage":0,"enemies":"3 Sentries","floor":13,"turns":3},{"damage":11,"enemies":"3 Louse","floor":14,"turns":3},{"damage":26,"enemies":"The Guardian","floor":16,"turns":9},{"damage":6,"enemies":"Shell Parasite","floor":18,"turns":5},{"damage":27,"enemies":"2 Thieves","floor":19,"turns":3},{"damage":16,"enemies":"Centurion and Healer","floor":20,"turns":5},{"damage":7,"enemies":"Snake Plant","floor":21,"turns":3},{"damage":21,"enemies":"Gremlin Leader","floor":23,"turns":4},{"damage":9,"enemies":"Book of Stabbing","floor":25,"turns":2}],"seed_played":"-5562732059365726145","potions_obtained":[{"floor":10,"key":"Reflective Coating"},{"floor":11,"key":"Block Potion"},{"floor":12,"key":"Block Potion"},{"floor":13,"key":"LiquidBronze"},{"floor":14,"key":"SpeedPotion"},{"floor":18,"key":"LifebloodPotion"},{"floor":19,"key":"FocusPotion"}],"is_trial":false,"path_per_floor":["M","M","?","$","M","E","R","$","T","M","?","M","E","M","R","B",null,"M","M","M","M","?","E","R","E"],"character_chosen":"DEFECT","items_purchased":["All For One","Steam","Beam Cell"],"campfire_rested":2,"item_purchase_floors":[4,4,8],"current_hp_per_floor":[82,78,78,78,72,38,38,38,38,38,19,14,14,3,27,1,82,76,49,33,26,26,5,29,20,20],"gold":331,"neow_bonus":"TEN_PERCENT_HP_BONUS","is_daily":false,"chose_seed":false,"campfire_upgraded":1,"win_rate":0.0,"timestamp":1613570109,"path_taken":["M","M","?","?","M","E","R","$","T","M","?","?","E","M","R","BOSS","M","M","M","?","?","E","R","E"],"items_purchased_type":["Card","Card","Card"],"build_version":"2020-12-22","purchased_purges":0,"victory":false,"max_hp_per_floor":[82,82,82,82,82,82,82,82,82,82,82,82,82,82,82,82,82,82,82,82,82,82,82,82,82,82],"card_choices":[{"not_picked":["Leap","Streamline"],"picked":"Go for the Eyes","floor":1},{"not_picked":["Time Bomb","Sweeping Beam"],"picked":"Go for the Eyes","floor":2},{"not_picked":["Conserve Battery","Static Discharge","Leap"],"picked":"SKIP","floor":5},{"not_picked":["BasicCrystalCard","Rainbow","Creative AI"],"picked":"SKIP","floor":6},{"not_picked":["Time Bomb","Barrage","Heatsinks"],"picked":"SKIP","floor":10},{"not_picked":["Coolheaded","Reinforced Body","Leap"],"picked":"SKIP","floor":12},{"not_picked":["ReplaySort","Rebound"],"picked":"Go for the Eyes","floor":13},{"not_picked":["Barrage","Leap","ReplaySolidLightProjector"],"picked":"SKIP","floor":14},{"not_picked":["Fission","Reboot"],"picked":"All For One","floor":16},{"not_picked":["Self Repair","Sweeping Beam","Fusion+1"],"picked":"ReplayTheSpireMod:Calculation Training","floor":18},{"not_picked":["Storm+1","Leap+1","BasicCrystalCard"],"picked":"Panic Button","floor":19},{"not_picked":["Electrodynamics","Tempest+1","Stack"],"picked":"Redo+1","floor":20},{"not_picked":["FIFO Queue","Barrage","Beam Cell"],"picked":"Gash","floor":21},{"not_picked":["Ball Lightning","BasicCrystalCard","Streamline+1","Barrage"],"picked":"SKIP","floor":23}],"player_experience":202708,"relics_obtained":[{"floor":6,"key":"hubris:DeckOfHolding"},{"floor":9,"key":"PreservedInsect"},{"floor":11,"key":"Odd Mushroom"},{"floor":13,"key":"Replay:Baseball"},{"floor":17,"key":"Omamori"},{"floor":17,"key":"Question Card"},{"floor":17,"key":"Ice Cream"},{"floor":23,"key":"hubris:TenFootPole"}],"event_choices":[{"cards_removed":["Go for the Eyes"],"damage_healed":0,"gold_gain":0,"player_choice":"Gave Card","damage_taken":0,"relics_obtained":["Geode"],"max_hp_gain":0,"max_hp_loss":0,"event_name":"WeMeetAgain","floor":3,"gold_loss":0},{"damage_healed":0,"gold_gain":0,"player_choice":"Fought Mushrooms","damage_taken":0,"max_hp_gain":0,"max_hp_loss":0,"event_name":"Mushrooms","floor":11,"gold_loss":0}],"is_beta":false,"boss_relics":[{"not_picked":["Replay:Grab Bag","Tiny House"],"picked":"Calling Bell"}],"items_purged_floors":[],"is_endless":false,"potions_floor_spawned":[10,11,12,13,14,18,19],"killed_by":"Book of Stabbing","ascension_level":4}}