{"host":"xi8yg1ddhptuxb9d","time":1613521236,"event":{"mods":["AchievementEnabler","BaseMod","Block Reminder","Minty Spire (QoL Compilation)","Relic Sorter","StSLib"],"gold_per_floor":[99,99,99,99,99,99,99,99,99,69,69,69,69,35,35,35,35,35,35,35,35,35,35,35],"floor_reached":23,"language":"ENG","playtime":1423,"items_purged":[],"score":225,"play_id":"5fac2913-5b11-4a53-acb3-2fc2d110b3d9","local_time":"20210216192036","is_ascension_mode":true,"campfire_choices":[{"floor":7.0,"key":"REST"},{"floor":11.0,"key":"REST"},{"floor":15.0,"key":"REST"}],"circlet_count":0,"master_deck":["Strike_B","Strike_B","Strike_B","Strike_B","Defend_B","Defend_B","Defend_B","Defend_B","Zap","Dualcast","Compile Driver","Compile Driver","Redo","Hologram","Amplify","Gash","Gash","Rainbow","Coolheaded","Double Energy","Fission","Heatsinks","Redo+1","Conserve Battery+1"],"relics":["Ectoplasm","CaptainsWheel","Happy Flower","Blue Candle","Runic Pyramid","Spirit Poop"],"acts_visited":["Exordium","TheCity"],"potions_floor_usage":[21,21,23],"damage_taken":[{"damage":1.0,"enemies":"2 Louse","floor":1.0,"turns":2.0},{"damage":0.0,"enemies":"Small Slimes","floor":2.0,"turns":3.0},{"damage":1.0,"enemies":"Cultist","floor":4.0,"turns":3.0},{"damage":16.0,"enemies":"Lots of Slimes","floor":5.0,"turns":3.0},{"damage":31.0,"enemies":"3 Sentries","floor":6.0,"turns":9.0},{"damage":14.0,"enemies":"3 Louse","floor":8.0,"turns":4.0},{"damage":24.0,"enemies":"Exordium Thugs","floor":10.0,"turns":5.0},{"damage":17.0,"enemies":"Gremlin Nob","floor":12.0,"turns":5.0},{"damage":0.0,"enemies":"2 Fungi Beasts","floor":13.0,"turns":3.0},{"damage":23.0,"enemies":"The Guardian","floor":16.0,"turns":8.0},{"damage":9.0,"enemies":"Shell Parasite","floor":18.0,"turns":5.0},{"damage":26,"enemies":"3 Byrds","floor":19,"turns":6},{"damage":27,"enemies":"Snecko","floor":21,"turns":10},{"damage":12,"enemies":"Slavers","floor":23,"turns":2}],"seed_played":"-3888828920103437974","potions_obtained":[{"floor":4.0,"key":"SneckoOil"},{"floor":8.0,"key":"Dexterity Potion"},{"floor":10.0,"key":"SpeedPotion"},{"floor":13.0,"key":"ColorlessPotion"},{"floor":16.0,"key":"LiquidMemories"}],"is_trial":false,"path_per_floor":["M","M","?","M","M","E","R","M","T","M","R","E","M","$","R","B",null,"M","M","?","M","$","E"],"character_chosen":"DEFECT","items_purchased":["Double Energy"],"campfire_rested":3,"item_purchase_floors":[14],"current_hp_per_floor":[74,74,74,73,57,26,48,34,34,10,32,15,15,15,37,14,75,66,40,40,13,13,1,1],"gold":35,"neow_bonus":"BOSS_RELIC","is_daily":false,"chose_seed":false,"campfire_upgraded":0,"win_rate":0.0,"timestamp":1613521236,"path_taken":["M","M","?","M","M","E","R","M","T","M","R","E","M","$","R","BOSS","M","M","?","?","?","E"],"items_purchased_type":["Card"],"build_version":"2020-12-22","purchased_purges":0,"victory":false,"max_hp_per_floor":[75,75,75,75,75,75,75,75,75,75,75,75,75,75,75,75,75,75,75,75,75,75,75,75],"card_choices":[{"not_picked":["Steam","Undo"],"picked":"Compile Driver","floor":1.0},{"not_picked":["Aggregate","Go for the Eyes"],"picked":"Compile Driver","floor":2.0},{"not_picked":["Auto Shields","Meteor Strike"],"picked":"Redo","floor":4.0},{"not_picked":["Lockon","Streamline"],"picked":"Hologram","floor":5.0},{"not_picked":["Steam","Go for the Eyes"],"picked":"Amplify","floor":6.0},{"not_picked":["Skim","Steam"],"picked":"Gash","floor":8.0},{"not_picked":["Lockon","FTL"],"picked":"Gash","floor":10.0},{"not_picked":["Stack","Streamline"],"picked":"Rainbow","floor":12.0},{"not_picked":["Hologram","Ball Lightning"],"picked":"Coolheaded","floor":13.0},{"not_picked":["Buffer","Meteor Strike"],"picked":"Fission","floor":16.0},{"not_picked":["Conserve Battery","Hologram"],"picked":"Heatsinks","floor":18.0},{"not_picked":["Beam Cell+1","Recycle"],"picked":"Redo+1","floor":19},{"not_picked":["Stack","Beam Cell"],"picked":"Conserve Battery+1","floor":21}],"player_experience":716299,"relics_obtained":[{"floor":6.0,"key":"CaptainsWheel"},{"floor":9.0,"key":"Happy Flower"},{"floor":12.0,"key":"Blue Candle"}],"event_choices":[{"damage_healed":0.0,"max_hp_gain":0.0,"max_hp_loss":0.0,"gold_gain":175.0,"event_name":"Liars Game","player_choice":"AGREE","floor":3.0,"gold_loss":0.0,"damage_taken":0.0,"cards_obtained":["Doubt"]},{"cards_removed":["Doubt"],"damage_healed":0,"gold_gain":0,"player_choice":"Offered Curse","damage_taken":0,"relics_obtained":["Spirit Poop"],"max_hp_gain":0,"max_hp_loss":0,"event_name":"Bonfire Elementals","floor":20,"gold_loss":0}],"is_beta":false,"boss_relics":[{"not_picked":["Philosopher\u0027s Stone","Busted Crown"],"picked":"Runic Pyramid"}],"items_purged_floors":[],"is_endless":false,"potions_floor_spawned":[4,8,10,13,16,19],"killed_by":"Slavers","ascension_level":2}}