{"host":"q6l9o5ad25lrm2yj","time":1613562640,"event":{"mods":["BaseMod","BetterRewards","Colored Powertips","Downfall","Minty Spire (QoL Compilation)","Replay The Spire","StSLib","[IsaacMod]ÒÔÈö¼âËþ"],"gold_per_floor":[99,119,119,119,130,130,130,23,23,23,8,36,67,93,124,136,136,136],"floor_reached":16,"language":"ZHS","playtime":1293,"items_purged":[],"score":100,"play_id":"75adb8d4-a9cc-4565-ad41-7a389ce01c60","local_time":"20210217195040","is_ascension_mode":false,"campfire_choices":[{"floor":1.0,"key":"RECALL"},{"data":"Guardian:TwinSlam","floor":9.0,"key":"SMITH"}],"circlet_count":0,"master_deck":["Guardian:Strike_Guardian","Guardian:Strike_Guardian","Guardian:Strike_Guardian","Guardian:Defend_Guardian","Guardian:Defend_Guardian","Guardian:Defend_Guardian","Guardian:Defend_Guardian","Guardian:CurlUp","Guardian:TwinSlam+1","Guardian:Harden","Guardian:Gem_Cyan","Guardian:ArmoredProtocol","Guardian:Gem_Lightblue","Guardian:RollAttack","Guardian:Gem_Green","Guardian:Suspension","Guardian:ShieldSpikes","Guardian:RefractedBeam"],"relics":["Guardian:ModeShifter","HushsDoor","SteamSale","Replay:Bandana"],"acts_visited":["Exordium"],"potions_floor_usage":[16,16,16],"damage_taken":[{"damage":1.0,"enemies":"Jaw Worm","floor":2.0,"turns":2.0},{"damage":0.0,"enemies":"2 Louse","floor":5.0,"turns":3.0},{"damage":0.0,"enemies":"downfall:FleeingMerchant","floor":8.0,"turns":4.0},{"damage":0.0,"enemies":"Cultist","floor":10.0,"turns":1.0},{"damage":0.0,"enemies":"downfall:FleeingMerchant","floor":11.0,"turns":4.0},{"damage":26.0,"enemies":"3 Sentries","floor":12.0,"turns":9.0},{"damage":0.0,"enemies":"downfall:LooterAlt","floor":13.0,"turns":2.0},{"damage":7.0,"enemies":"2 Fungi Beasts","floor":14.0,"turns":3.0},{"damage":0.0,"enemies":"Blue Slaver","floor":15.0,"turns":5.0},{"damage":35,"enemies":"DF_ARCHETYPE_STREAMLINE","floor":16,"turns":9}],"seed_played":"6990751406464352223","potions_obtained":[{"floor":5.0,"key":"champ:CounterPotion"},{"floor":12.0,"key":"Adrenaline Potion"},{"floor":14.0,"key":"Strength Potion"}],"is_trial":false,"path_per_floor":["R","M","?","?","M","?","T","$","R","M","$","E","M","M","M","B"],"character_chosen":"GUARDIAN","items_purchased":["Guardian:Gem_Cyan","Guardian:ArmoredProtocol"],"campfire_rested":0,"item_purchase_floors":[8,8],"current_hp_per_floor":[80,79,79,79,79,64,64,64,64,64,64,38,38,31,31,0,0,0],"gold":136,"neow_bonus":"","is_daily":false,"chose_seed":false,"campfire_upgraded":1,"win_rate":0.0,"timestamp":1613562640,"path_taken":["R","M","?","?","M","?","T","?","R","M","?","E","?","?","M","BOSS"],"items_purchased_type":["Card","Card"],"build_version":"2020-12-22","purchased_purges":0,"victory":false,"max_hp_per_floor":[80,80,80,80,80,80,80,80,80,80,80,80,80,80,80,80,80,80],"card_choices":[{"not_picked":[],"picked":"ChaosCard","floor":0.0},{"not_picked":["Guardian:WalkerClaw","Guardian:PrimingBeam"],"picked":"Guardian:Harden","floor":2.0},{"not_picked":["Guardian:Emergency","Guardian:PrismaticBarrier"],"picked":"Guardian:Gem_Fragmented","floor":5.0},{"not_picked":["Guardian:PrismaticBarrier","Guardian:ChargeCore"],"picked":"Guardian:Gem_Synthetic","floor":8.0},{"not_picked":["Guardian:FloatingOrbs","Guardian:MultiBeam"],"picked":"Guardian:Gem_Lightblue","floor":10.0},{"not_picked":["Guardian:Gem_Blue","Guardian:Gem_Purple"],"picked":"Guardian:RollAttack","floor":11.0},{"not_picked":["Guardian:Gem_Purple","Guardian:SentryBeam"],"picked":"Guardian:Gem_Green","floor":12.0},{"not_picked":["Guardian:PolyBeam","Guardian:Incinerate"],"picked":"Guardian:Suspension","floor":13.0},{"not_picked":["Guardian:Suspension","Guardian:Gem_Cyan"],"picked":"Guardian:ShieldSpikes","floor":14.0},{"not_picked":["Guardian:Incinerate","Guardian:Gem_Purple"],"picked":"Guardian:RefractedBeam","floor":15.0}],"player_experience":9451,"relics_obtained":[{"floor":12.0,"key":"Replay:Bandana"}],"event_choices":[],"is_beta":false,"boss_relics":[],"items_purged_floors":[],"is_endless":false,"potions_floor_spawned":[5,12,14,15],"killed_by":"DF_ARCHETYPE_STREAMLINE","ascension_level":0}}