{"host":"js2su9tbbk4rmjfl","time":1613593399,"event":{"mods":["AchievementEnabler","BaseMod","Block Reminder","Colored Map","Colored Powertips","Highlight Path","Minty Spire (QoL Compilation)","Relic Stats"],"gold_per_floor":[111,76,76,76,92,51,66,81,107,107,124,153,153,171,171,171,171],"floor_reached":16,"language":"ENG","playtime":623,"items_purged":[],"score":194,"play_id":"457616db-2239-4b6c-bea7-cae8eddc82d4","local_time":"20210217212319","is_ascension_mode":true,"campfire_choices":[{"data":"Juggernaut","floor":10,"key":"SMITH"},{"data":"Spot Weakness","floor":13,"key":"SMITH"},{"data":"Armaments","floor":15,"key":"SMITH"}],"circlet_count":0,"master_deck":["AscendersBane","Strike_R","Strike_R","Strike_R+1","Strike_R+1","Strike_R","Defend_R","Defend_R","Defend_R","Defend_R","Bash","Dropkick","Thunderclap","Juggernaut+1","Spot Weakness+1","Armaments+1"],"relics":["Burning Blood","Whetstone","Art of War"],"acts_visited":["Exordium"],"potions_floor_usage":[7,12,12],"damage_taken":[{"damage":11,"enemies":"Jaw Worm","floor":1,"turns":6},{"damage":7,"enemies":"2 Louse","floor":5,"turns":3},{"damage":6,"enemies":"Small Slimes","floor":7,"turns":2},{"damage":17,"enemies":"Blue Slaver","floor":8,"turns":6},{"damage":21,"enemies":"Looter","floor":11,"turns":5},{"damage":32,"enemies":"Lagavulin","floor":12,"turns":6},{"damage":19,"enemies":"3 Louse","floor":14,"turns":3},{"damage":30,"enemies":"Hexaghost","floor":16,"turns":7}],"seed_played":"-2807637353834851165","potions_obtained":[{"floor":1,"key":"SteroidPotion"},{"floor":7,"key":"AttackPotion"},{"floor":11,"key":"Regen Potion"}],"is_trial":false,"path_per_floor":["M","?","?","?","M","?","M","M","T","R","M","E","R","M","R","B"],"character_chosen":"IRONCLAD","items_purchased":[],"campfire_rested":0,"item_purchase_floors":[],"current_hp_per_floor":[70,82,82,82,81,81,81,70,70,70,55,38,38,25,25,0,0],"gold":171,"neow_bonus":"TEN_PERCENT_HP_BONUS","is_daily":false,"chose_seed":false,"campfire_upgraded":3,"win_rate":0.0,"timestamp":1613593399,"path_taken":["M","?","?","?","M","?","M","?","T","R","M","E","R","M","R","BOSS"],"items_purchased_type":[],"build_version":"2020-12-22","purchased_purges":0,"victory":false,"max_hp_per_floor":[82,82,82,82,82,82,82,82,82,82,82,82,82,82,82,82,82],"relic_stats":{"counters":[8,38],"Art of War":[3],"Whetstone":["Strike_R","Strike_R"],"obtain_stats":[{"Art of War":12,"Whetstone":9,"Burning Blood":0},{"Art of War":6,"Whetstone":4,"Burning Blood":0},{"Art of War":28,"Whetstone":17,"Burning Blood":0}],"Burning Blood":42},"card_choices":[{"not_picked":["Body Slam","Blood for Blood"],"picked":"Dropkick","floor":1},{"not_picked":["Anger","True Grit"],"picked":"Thunderclap","floor":5},{"not_picked":["Havoc","Armaments","Heavy Blade"],"picked":"SKIP","floor":7},{"not_picked":["Body Slam","Thunderclap"],"picked":"Juggernaut","floor":8},{"not_picked":["Sword Boomerang","Wild Strike"],"picked":"Spot Weakness","floor":11},{"not_picked":["Feel No Pain","Offering","Flex"],"picked":"SKIP","floor":12},{"not_picked":["Dark Embrace","Cleave"],"picked":"Armaments","floor":14}],"player_experience":820161,"relics_obtained":[{"floor":9,"key":"Whetstone"},{"floor":12,"key":"Art of War"}],"event_choices":[{"damage_healed":20,"gold_gain":0,"player_choice":"Healed","damage_taken":0,"max_hp_gain":0,"max_hp_loss":0,"event_name":"The Cleric","floor":2,"gold_loss":35},{"damage_healed":0,"gold_gain":0,"player_choice":"Ignored","damage_taken":0,"max_hp_gain":0,"max_hp_loss":0,"event_name":"Golden Idol","floor":3,"gold_loss":0},{"damage_healed":0,"gold_gain":0,"player_choice":"Ignored","damage_taken":0,"max_hp_gain":0,"max_hp_loss":0,"event_name":"Liars Game","floor":4,"gold_loss":0},{"damage_healed":0,"gold_gain":0,"player_choice":"Left Gold","damage_taken":0,"max_hp_gain":0,"max_hp_loss":0,"event_name":"World of Goop","floor":6,"gold_loss":41}],"is_beta":false,"boss_relics":[],"items_purged_floors":[],"is_endless":false,"potions_floor_spawned":[1,7,11],"killed_by":"Hexaghost","ascension_level":18}}