{"host":"3fkfvghcp0rk081z","time":1613554360,"event":{"mods":["ATMod(阿瑾Mod)","BaseMod","Better-Laid Plans","FanaticalFans","Minty Spire (QoL Compilation)","MostiFishMod","Quick Restart","StSLib","[IsaacMod]以撒尖塔","【功能Mod】Neow奖励","【功能Mod】强力的原版药水"],"gold_per_floor":[112,112,127,47,47,74,91,91,91,107,120,45,45,58,58,160,160,780,1396,692,692,239,868,2099,11725,11725,14154,14788,14814,15442,14003,14003,17081,17081,17116,17747,17747,18978,20213,20213,20244,21476,21501,21530,21446,19526,20161,18259,18259,19459,19459],"floor_reached":50,"language":"ZHS","playtime":4140,"items_purged":["Strike_B","Defend_B","Defend_B","Defend_B","Defend_B","AT_OneInchPunch+1","Strike_B"],"score":2187,"play_id":"00324efd-f7c2-4d16-b50e-7619d3799c82","local_time":"20210217173240","is_ascension_mode":true,"campfire_choices":[{"data":"MostiFishMod:ActiveDefenseSystem","floor":8.0,"key":"SMITH"},{"data":"AT_OneInchPunch","floor":15.0,"key":"SMITH"},{"data":"Fission","floor":32.0,"key":"SMITH"},{"data":"MostiFishMod:Nova","floor":40.0,"key":"SMITH"},{"data":"MostiFishMod:DawningShadow","floor":49,"key":"SMITH"}],"circlet_count":0,"master_deck":["Zap","Dualcast","Capacitor","Self Repair","Cold Snap","MostiFishMod:ActiveDefenseSystem+1","MostiFishMod:DeathFromBelow","MostiFishMod:ActiveDefenseSystem","Hologram","Ball Lightning","AT_DarkMatter","Fission+1","MostiFishMod:Nova+1","MostiFishMod:DawningShadow","Multi-Cast","AT_WaterDrop","Skim","MostiFishMod:DawningShadow+1","Seek","Heatsinks","Heatsinks","Flash of Steel"],"relics":["Fans:FanaticalFans","AT_ATBox","DaveBox","HushsDoor","RhineSuit","Chaos","Shuriken","SynthV:TestCard","Gremlin Horn","JudasShadow","Lee\u0027s Waffle","Snecko Eye","Mercury Hourglass","Ring of the Snake","Mummified Hand","PreservedInsect","ChampionBelt","Strawberry","Champion Belt","Diplopia","BFFS","Meat on the Bone","JellyFishMachine","Blood Vial","AT_ArchangelStaff","AT_BladeRuinedKing","ChiXiaoBlade","HoveringKite","Thread and Needle","StoneCalendar","Bottled Lightning","BelialBook","SalivaCoin","AT_LudenTempest","Question Card","Coffee Dripper","TheAbacus","AT_RabadonDeathcap","Empty Cage"],"acts_visited":["Exordium","TheCity","TheBeyond"],"potions_floor_usage":[],"damage_taken":[{"damage":0.0,"enemies":"2 Louse","floor":1.0,"turns":2.0},{"damage":0.0,"enemies":"Cultist","floor":3.0,"turns":1.0},{"damage":7.0,"enemies":"Gremlin Nob","floor":6.0,"turns":3.0},{"damage":0.0,"enemies":"Small Slimes","floor":7.0,"turns":3.0},{"damage":0.0,"enemies":"Red Slaver","floor":10.0,"turns":1.0},{"damage":20.0,"enemies":"Exordium Wildlife","floor":11.0,"turns":4.0},{"damage":2.0,"enemies":"Lots of Slimes","floor":14.0,"turns":3.0},{"damage":8.0,"enemies":"Slime Boss","floor":16.0,"turns":8.0},{"damage":0.0,"enemies":"3 Byrds","floor":18.0,"turns":2.0},{"damage":14.0,"enemies":"2 Thieves","floor":19.0,"turns":2.0},{"damage":15.0,"enemies":"Slavers","floor":23.0,"turns":2.0},{"damage":2.0,"enemies":"Gremlin Leader","floor":24.0,"turns":2.0},{"damage":18.0,"enemies":"Book of Stabbing","floor":25.0,"turns":25.0},{"damage":0.0,"enemies":"Gremlin Leader","floor":27.0,"turns":6.0},{"damage":0.0,"enemies":"Book of Stabbing","floor":28.0,"turns":3.0},{"damage":19.0,"enemies":"Slavers","floor":29.0,"turns":9.0},{"damage":9.0,"enemies":"Gremlin Leader","floor":30.0,"turns":2.0},{"damage":0.0,"enemies":"Automaton","floor":33.0,"turns":10.0},{"damage":0.0,"enemies":"Reptomancer","floor":35.0,"turns":4.0},{"damage":0.0,"enemies":"Nemesis","floor":36.0,"turns":4.0},{"damage":0.0,"enemies":"Reptomancer","floor":38.0,"turns":2.0},{"damage":0.0,"enemies":"Giant Head","floor":39.0,"turns":4.0},{"damage":0.0,"enemies":"Nemesis","floor":41.0,"turns":3.0},{"damage":0.0,"enemies":"Reptomancer","floor":42.0,"turns":2.0},{"damage":0,"enemies":"Giant Head","floor":44,"turns":3},{"damage":0,"enemies":"Nemesis","floor":47,"turns":1},{"damage":0,"enemies":"Donu and Deca","floor":50,"turns":1}],"seed_played":"-5300044059202987514","potions_obtained":[{"floor":3.0,"key":"FairyPotion"},{"floor":14.0,"key":"Swift Potion"},{"floor":19.0,"key":"DuplicationPotion"},{"floor":23.0,"key":"Fruit Juice"},{"floor":30.0,"key":"Explosive Potion"},{"floor":36.0,"key":"Strength Potion"}],"is_trial":false,"path_per_floor":["M","?","M","$","T","E","M","R","T","M","M","$","?","M","R","B",null,"M","M","$","?","$","E","M","E","T","M","E","M","E","$","R","B",null,"M","M","?","M","M","R","E","M","T","E","?","$","M","$","R","B"],"character_chosen":"DEFECT","items_purchased":["Self Repair","Mercury Hourglass","MostiFishMod:ActiveDefenseSystem","Ring of the Snake","Mummified Hand","Hologram","Ball Lightning","EntropicBrew","AT_DarkMatter","PreservedInsect","JellyFishMachine","Blood Vial","SuicideKing","AT_LudenTempest","Question Card","Coffee Dripper","AT_RabadonDeathcap","Empty Cage","Heatsinks","Flash of Steel","Energy Potion"],"campfire_rested":0,"item_purchase_floors":[4,17,17,20,20,20,20,22,22,22,31,31,34,46,46,46,48,48,48,48,48],"current_hp_per_floor":[75,75,75,75,75,75,75,75,82,82,62,62,62,60,60,59,70,70,56,56,56,56,41,39,28,35,42,42,45,36,36,36,57,76,82,82,78,78,78,78,78,78,78,78,78,78,78,78,78,-999999,-999999],"gold":19459,"neow_bonus":"BOSS_RELIC","is_daily":false,"chose_seed":false,"campfire_upgraded":5,"win_rate":0.0,"timestamp":1613554360,"path_taken":["M","?","M","$","?","E","?","R","T","M","M","$","?","M","R","BOSS","M","M","$","?","$","E","?","E","T","M","E","M","E","$","R","BOSS","M","M","?","M","M","R","E","?","T","E","?","$","M","$","R","BOSS"],"items_purchased_type":["Card","Relic","Card","Relic","Relic","Card","Card","Potion","Card","Relic","Relic","Relic","Card","Relic","Relic","Relic","Relic","Relic","Card","Card","Potion"],"build_version":"2020-12-22","purchased_purges":7,"victory":false,"max_hp_per_floor":[75,75,75,75,75,75,75,75,82,82,82,82,82,82,82,82,70,70,70,70,70,70,70,70,70,77,77,77,92,92,92,92,92,82,82,82,78,78,78,78,78,78,78,78,78,78,78,78,78,78,78],"card_choices":[{"not_picked":[],"picked":"Bomb","floor":0.0},{"not_picked":["Coolheaded","Redo","MostiFishMod:PushDownKick"],"picked":"SKIP","floor":1.0},{"not_picked":["Go for the Eyes","Double Energy","Gash","Hologram"],"picked":"Capacitor","floor":3.0},{"not_picked":["Scrape","Capacitor","Compile Driver","Beam Cell"],"picked":"Cold Snap","floor":6.0},{"not_picked":["MostiFishMod:LinkProtocol","Scrape","Barrage","MostiFishMod:GatherIntelligence"],"picked":"MostiFishMod:ActiveDefenseSystem","floor":7.0},{"not_picked":["Cold Snap","Barrage","MostiFishMod:FluxCapactior","Go for the Eyes","Coolheaded"],"picked":"SKIP","floor":10.0},{"not_picked":["Leap","Force Field","Go for the Eyes","Stack","Beam Cell"],"picked":"SKIP","floor":11.0},{"not_picked":["Leap","Sweeping Beam","AT_DarkMatter","Cold Snap","MostiFishMod:Impulse"],"picked":"SKIP","floor":14.0},{"not_picked":["Reboot","Thunder Strike","Amplify","Hyperbeam"],"picked":"MostiFishMod:DeathFromBelow","floor":16.0},{"not_picked":["Barrage","AT_HeatAcrobatics+1","Redo+1","Go for the Eyes","Beam Cell"],"picked":"SKIP","floor":18.0},{"not_picked":["Conserve Battery+1","Leap","Loop+1","Rebound+1","Cold Snap"],"picked":"SKIP","floor":19.0},{"not_picked":["Hologram","Compile Driver","Leap","Rip and Tear","Cancel+1"],"picked":"SKIP","floor":23.0},{"not_picked":["Conserve Battery","Leap","Cold Snap","Beam Cell"],"picked":"Fission","floor":24.0},{"not_picked":["Leap","Streamline","Conserve Battery","Steam"],"picked":"MostiFishMod:Nova","floor":25.0},{"not_picked":["Reinforced Body","Loop+1","MostiFishMod:ActiveDefenseSystem","Hologram"],"picked":"MostiFishMod:DawningShadow","floor":27.0},{"not_picked":["Genetic Algorithm","Sweeping Beam","Reprogram","Ball Lightning"],"picked":"Multi-Cast","floor":28.0},{"not_picked":["Leap","Blizzard","Streamline","Turbo","Rebound"],"picked":"SKIP","floor":29.0},{"not_picked":["Streamline","Turbo","Steam","Self Repair","Auto Shields"],"picked":"SKIP","floor":30.0},{"not_picked":["All For One","Thunder Strike","MostiFishMod:Nova","Creative AI"],"picked":"AT_WaterDrop","floor":33.0},{"not_picked":["Distribution","MostiFishMod:ReadyAimFire","Compile Driver","Cold Snap","Leap"],"picked":"SKIP","floor":35.0},{"not_picked":["Leap","Fan+1","Streamline","Gash"],"picked":"Skim","floor":36.0},{"not_picked":["AT_ThreeBodyProblem","Doom and Gloom","Scrape","Beam Cell","Skim"],"picked":"SKIP","floor":38.0},{"not_picked":["Leap","Fan+1","Turbo","Steam","AT_EMC2"],"picked":"SKIP","floor":39.0},{"not_picked":["Leap","Ball Lightning","Capacitor","Gash","Go for the Eyes"],"picked":"SKIP","floor":41.0},{"not_picked":["Hologram","MostiFishMod:FluxCapactior","Conserve Battery","Stack"],"picked":"MostiFishMod:DawningShadow","floor":42.0},{"not_picked":["Sweeping Beam","Beam Cell","MostiFishMod:LinkProtocol","Rebound"],"picked":"Seek","floor":44},{"not_picked":["MostiFishMod:PushDownKick+1","Hologram+1","MostiFishMod:DawningShadow","Force Field","Compile Driver"],"picked":"Heatsinks","floor":47}],"player_experience":30265,"relics_obtained":[{"floor":1.0,"key":"SynthV:TestCard"},{"floor":5.0,"key":"Gremlin Horn"},{"floor":6.0,"key":"JudasShadow"},{"floor":9.0,"key":"Lee\u0027s Waffle"},{"floor":23.0,"key":"ChampionBelt"},{"floor":26.0,"key":"Strawberry"},{"floor":27.0,"key":"Champion Belt"},{"floor":28.0,"key":"Diplopia"},{"floor":29.0,"key":"BFFS"},{"floor":30.0,"key":"Meat on the Bone"},{"floor":35.0,"key":"AT_BladeRuinedKing"},{"floor":36.0,"key":"ChiXiaoBlade"},{"floor":38.0,"key":"HoveringKite"},{"floor":39.0,"key":"Thread and Needle"},{"floor":41.0,"key":"StoneCalendar"},{"floor":42.0,"key":"Bottled Lightning"},{"floor":44,"key":"BelialBook"},{"floor":47,"key":"TheAbacus"}],"event_choices":[{"damage_healed":0.0,"max_hp_gain":0.0,"max_hp_loss":0.0,"gold_gain":0.0,"event_name":"Match and Keep!","player_choice":"0 cards matched","floor":13.0,"gold_loss":0.0,"damage_taken":0.0,"cards_obtained":[]},{"damage_healed":0.0,"max_hp_gain":0.0,"max_hp_loss":4.0,"gold_gain":0.0,"event_name":"Winding Halls","player_choice":"Max HP","floor":37.0,"gold_loss":0.0,"damage_taken":0.0},{"damage_healed":0,"gold_gain":0,"player_choice":"Paid Gold","damage_taken":0,"relics_obtained":["SalivaCoin"],"max_hp_gain":0,"max_hp_loss":0,"event_name":"WeMeetAgain","floor":45,"gold_loss":84}],"is_beta":false,"boss_relics":[{"not_picked":["RottenBaby","Letter Opener"],"picked":"Snecko Eye"},{"not_picked":[]},{"not_picked":["MawBank","MoonlightInvasionPlan"],"picked":"AT_ArchangelStaff"},{"not_picked":[]}],"items_purged_floors":[12,20,22,31,34,46,48],"is_endless":false,"potions_floor_spawned":[3,14,19,23,28,30,33,36,38,39,42,47],"killed_by":"Donu and Deca","ascension_level":20}}