{"host":"91blwi3hgehj6ch9","time":1613560538,"event":{"mods":["2.2 Compatiblity","AchievementEnabler","BaseMod","Colored Map","DeckTracker","Keyboard Shortcuts","Minty Spire (QoL Compilation)","Permanent Neow","StSLib","SuperFastMode","everything is the same but u backflip on backflip"],"gold_per_floor":[114,133,58,38,50,50,80,91,91,91,107,107,127,27,27,27,27],"floor_reached":16,"language":"KOR","playtime":430,"items_purged":["Defend_P","Strike_P"],"score":184,"play_id":"42d2f145-db22-494d-972b-6dc9ba7459c5","local_time":"20210217201538","is_ascension_mode":true,"campfire_choices":[{"data":"Devotion","floor":6.0,"key":"SMITH"},{"data":"Eruption","floor":10,"key":"SMITH"},{"data":"Prostrate","floor":12,"key":"SMITH"},{"floor":15,"key":"REST"}],"circlet_count":0,"master_deck":["AscendersBane","Strike_P","Strike_P","Strike_P","Defend_P","Defend_P","Defend_P","Eruption+1","Vigilance","Devotion+1","FollowUp","Prostrate+1","Consecrate","BowlingBash","InnerPeace","CrushJoints"],"relics":["PureWater","Bag of Preparation","Bottled Flame"],"acts_visited":["Exordium"],"potions_floor_usage":[8,16],"damage_taken":[{"damage":7.0,"enemies":"Cultist","floor":1.0,"turns":3.0},{"damage":0.0,"enemies":"Small Slimes","floor":2.0,"turns":2.0},{"damage":0.0,"enemies":"2 Louse","floor":5.0,"turns":1.0},{"damage":11.0,"enemies":"Lagavulin","floor":7.0,"turns":5.0},{"damage":15,"enemies":"Exordium Thugs","floor":8,"turns":4},{"damage":3,"enemies":"Large Slime","floor":11,"turns":4},{"damage":8,"enemies":"Blue Slaver","floor":13,"turns":4},{"damage":38,"enemies":"The Guardian","floor":16,"turns":11}],"seed_played":"-8662988525510605850","potions_obtained":[{"floor":2.0,"key":"Energy Potion"},{"floor":4.0,"key":"Strength Potion"},{"floor":13,"key":"Block Potion"}],"is_trial":false,"path_per_floor":["M","M","$","?","M","R","E","M","T","R","M","R","M","$","R","B"],"character_chosen":"WATCHER","items_purchased":[],"campfire_rested":1,"item_purchase_floors":[],"current_hp_per_floor":[54,54,54,54,54,54,43,28,28,28,25,25,17,17,37,0,0],"gold":27,"neow_bonus":"ONE_RANDOM_RARE_CARD","is_daily":false,"chose_seed":false,"campfire_upgraded":3,"win_rate":0.0,"timestamp":1613560538,"path_taken":["M","?","$","?","M","R","E","M","T","R","M","R","M","?","R","BOSS"],"items_purchased_type":[],"build_version":"2020-12-22","purchased_purges":2,"victory":false,"max_hp_per_floor":[68,68,68,68,68,68,68,68,68,68,68,68,68,68,68,68,68],"card_choices":[{"not_picked":["PathToVictory","Crescendo"],"picked":"FollowUp","floor":1.0},{"not_picked":["ClearTheMind","ThirdEye"],"picked":"Prostrate","floor":2.0},{"not_picked":["SpiritShield","Wireheading"],"picked":"Consecrate","floor":5.0},{"not_picked":["FlurryOfBlows","Perseverance"],"picked":"BowlingBash","floor":7},{"not_picked":["FlyingSleeves","PathToVictory"],"picked":"InnerPeace","floor":8},{"not_picked":["WaveOfTheHand","EmptyBody","Conclude"],"picked":"SKIP","floor":11},{"not_picked":["Sanctity","CarveReality"],"picked":"CrushJoints","floor":13}],"player_experience":275988,"relics_obtained":[{"floor":7,"key":"Bag of Preparation"},{"floor":9,"key":"Bottled Flame"}],"event_choices":[{"damage_healed":0.0,"max_hp_gain":0.0,"max_hp_loss":0.0,"gold_gain":0.0,"event_name":"The Woman in Blue","player_choice":"Bought 1 Potion","floor":4.0,"gold_loss":0.0,"damage_taken":0.0}],"is_beta":false,"boss_relics":[],"items_purged_floors":[3,14],"is_endless":false,"potions_floor_spawned":[2,13],"killed_by":"The Guardian","ascension_level":16}}