{"host":"3j24k6gtmfx6ynrk","time":1613593748,"event":{"mods":["AchievementEnabler","BaseMod","Block Reminder","Colored Powertips","Highlight Path","Minty Spire (QoL Compilation)","Quick Restart","Rare Cards Sparkle","StSLib"],"gold_per_floor":[109,109,126,426,426,426,60,60,113,113,113,113,128,153,153,283,283,299,299,315,331,356,397,411,411,411,450,450,193,193,68,68,189,189,204,204,55,388,406,406,17,32,32,32,49,49,66,78,78,78],"floor_reached":51,"language":"DEU","playtime":4644,"items_purged":["Strike_B","Defend_B","Defend_B"],"score":675,"play_id":"527f35a3-df97-475e-9e83-ffef5314f5d3","local_time":"20210217212908","is_ascension_mode":false,"campfire_choices":[{"floor":6.0,"key":"REST"},{"floor":8.0,"key":"REST"},{"data":"Defragment","floor":11.0,"key":"SMITH"},{"data":"Coolheaded","floor":15.0,"key":"SMITH"},{"floor":25.0,"key":"REST"},{"floor":30,"key":"REST"},{"data":"Self Repair","floor":32,"key":"SMITH"},{"data":"Machine Learning","floor":40,"key":"SMITH"},{"data":"Madness","floor":44,"key":"SMITH"},{"data":"Creative AI","floor":46,"key":"SMITH"},{"floor":49,"key":"REST"}],"circlet_count":0,"master_deck":["Strike_B","Zap+1","Dualcast","Coolheaded+1","Rip and Tear+1","Coolheaded+1","Defragment+1","Reinforced Body","Glacier","Electrodynamics","Glacier","Machine Learning+1","Leap","Hologram","FTL","Thunder Strike","Auto Shields","Self Repair+1","Madness+1","Creative AI+1","Doom and Gloom+1","All For One+1","Rip and Tear+1","White Noise+1","Genetic Algorithm+1"],"relics":["Cracked Core","Old Coin","Nuclear Battery","Darkstone Periapt","War Paint","Ancient Tea Set","Nilry\u0027s Codex","Astrolabe","ClockworkSouvenir","Incense Burner","Frozen Egg 2"],"acts_visited":["Exordium","TheCity","TheBeyond"],"potions_floor_usage":[35,42,50,50],"damage_taken":[{"damage":5.0,"enemies":"Small Slimes","floor":1.0,"turns":4.0},{"damage":0.0,"enemies":"2 Louse","floor":3.0,"turns":2.0},{"damage":0.0,"enemies":"Cultist","floor":13.0,"turns":3.0},{"damage":1.0,"enemies":"2 Fungi Beasts","floor":14.0,"turns":2.0},{"damage":26.0,"enemies":"Slime Boss","floor":16.0,"turns":13.0},{"damage":0.0,"enemies":"Spheric Guardian","floor":18.0,"turns":3.0},{"damage":1.0,"enemies":"3 Byrds","floor":20.0,"turns":5.0},{"damage":0.0,"enemies":"3 Cultists","floor":21.0,"turns":3.0},{"damage":0.0,"enemies":"Snecko","floor":22.0,"turns":6.0},{"damage":21.0,"enemies":"Book of Stabbing","floor":23.0,"turns":8.0},{"damage":8.0,"enemies":"Chosen and Byrds","floor":24.0,"turns":5.0},{"damage":29.0,"enemies":"Gremlin Leader","floor":27.0,"turns":7.0},{"damage":39,"enemies":"Collector","floor":33,"turns":12},{"damage":29,"enemies":"3 Darklings","floor":35,"turns":3},{"damage":6,"enemies":"3 Shapes","floor":39,"turns":3},{"damage":2,"enemies":"Transient","floor":42,"turns":5},{"damage":33,"enemies":"3 Darklings","floor":45,"turns":6},{"damage":0,"enemies":"4 Shapes","floor":47,"turns":3},{"damage":36,"enemies":"Jaw Worm Horde","floor":48,"turns":6},{"damage":82,"enemies":"Awakened One","floor":50,"turns":16}],"seed_played":"-19150835882968166","potions_obtained":[{"floor":3.0,"key":"DistilledChaos"},{"floor":13.0,"key":"SkillPotion"},{"floor":14.0,"key":"DistilledChaos"},{"floor":18.0,"key":"DuplicationPotion"},{"floor":39,"key":"SpeedPotion"},{"floor":45,"key":"Fire Potion"},{"floor":48,"key":"FocusPotion"}],"is_trial":false,"path_per_floor":["M","?","M","?","?","R","$","R","T","?","R","?","M","M","R","B",null,"M","?","M","M","M","E","M","R","T","E","?","$","R","$","R","B",null,"M","?","$","?","M","R","$","M","T","R","M","R","M","M","R","B",null],"character_chosen":"DEFECT","items_purchased":["Defragment","Reinforced Body","Glacier","Fruit Juice","Self Repair","Madness","ClockworkSouvenir","FairyPotion","Incense Burner"],"campfire_rested":5,"item_purchase_floors":[7,7,7,7,29,29,37,41,41],"current_hp_per_floor":[63,63,63,30,12,38,43,71,71,71,71,71,71,70,70,44,94,94,94,93,93,93,72,64,92,92,63,47,47,75,75,75,36,94,75,75,75,75,79,79,79,87,87,87,64,64,64,38,66,12],"gold":78,"neow_bonus":"TWENTY_PERCENT_HP_BONUS","is_daily":false,"chose_seed":false,"campfire_upgraded":6,"win_rate":0.0,"timestamp":1613593748,"path_taken":["M","?","M","?","?","R","$","R","T","?","R","?","?","M","R","BOSS","M","?","M","M","M","E","?","R","T","E","?","$","R","$","R","BOSS","M","?","$","?","M","R","$","M","T","R","M","R","M","M","R","BOSS"],"items_purchased_type":["Card","Card","Card","Potion","Card","Card","Relic","Potion","Relic"],"build_version":"2020-12-22","purchased_purges":3,"victory":true,"max_hp_per_floor":[89,89,89,89,89,89,94,94,94,94,94,94,94,94,94,94,94,94,94,94,94,94,94,94,94,94,94,94,94,94,94,94,94,94,94,94,94,94,94,94,94,94,94,94,94,94,94,94,94,94],"card_choices":[{"not_picked":["Steam","Conserve Battery"],"picked":"Coolheaded","floor":1.0},{"not_picked":["Steam Power","Double Energy"],"picked":"Coolheaded","floor":3.0},{"not_picked":["Force Field","Sunder"],"picked":"Electrodynamics","floor":13.0},{"not_picked":["Redo","Consume"],"picked":"Glacier","floor":14.0},{"not_picked":["Thunder Strike","Amplify"],"picked":"Machine Learning","floor":16.0},{"not_picked":["Chaos+1","Coolheaded"],"picked":"Leap","floor":18.0},{"not_picked":["Storm","Ball Lightning","Cold Snap"],"picked":"SKIP","floor":20.0},{"not_picked":["Barrage","Darkness+1"],"picked":"Hologram","floor":21.0},{"not_picked":["Blizzard+1","Auto Shields"],"picked":"FTL","floor":22.0},{"not_picked":["Turbo+1","Beam Cell"],"picked":"Thunder Strike","floor":23.0},{"not_picked":["Coolheaded","Stack","Compile Driver+1"],"picked":"SKIP","floor":24.0},{"not_picked":["Beam Cell+1","Conserve Battery"],"picked":"Auto Shields","floor":27.0},{"not_picked":["Amplify","Biased Cognition"],"picked":"Creative AI","floor":33},{"not_picked":["Sweeping Beam","Melter","Steam+1"],"picked":"SKIP","floor":35},{"not_picked":["Gash+1","Compile Driver+1"],"picked":"White Noise+1","floor":39},{"not_picked":["Sunder","Gash+1"],"picked":"Genetic Algorithm+1","floor":42},{"not_picked":["Barrage+1","Ball Lightning+1","Rebound+1"],"picked":"SKIP","floor":45},{"not_picked":["Cold Snap+1","Steam Power","Redo"],"picked":"SKIP","floor":47},{"not_picked":["Cold Snap","Reboot","FTL+1"],"picked":"SKIP","floor":48}],"player_experience":99681,"relics_obtained":[{"floor":23.0,"key":"Darkstone Periapt"},{"floor":26.0,"key":"War Paint"},{"floor":27.0,"key":"Ancient Tea Set"},{"floor":28,"key":"Nilry\u0027s Codex"},{"floor":43,"key":"Frozen Egg 2"}],"event_choices":[{"damage_healed":0.0,"max_hp_gain":0.0,"max_hp_loss":0.0,"gold_gain":0.0,"cards_transformed":["Strike_B"],"event_name":"Living Wall","player_choice":"Change","floor":2.0,"gold_loss":0.0,"damage_taken":0.0,"cards_obtained":["Rip and Tear"]},{"damage_healed":0.0,"max_hp_gain":0.0,"max_hp_loss":0.0,"gold_gain":0.0,"event_name":"Scrap Ooze","player_choice":"Success","floor":4.0,"gold_loss":0.0,"damage_taken":33.0,"relics_obtained":["Old Coin"]},{"damage_healed":0.0,"max_hp_gain":0.0,"max_hp_loss":0.0,"gold_gain":0.0,"event_name":"Shining Light","player_choice":"Entered Light","floor":5.0,"gold_loss":0.0,"damage_taken":18.0,"cards_upgraded":["Zap","Rip and Tear"]},{"damage_healed":0.0,"max_hp_gain":0.0,"max_hp_loss":0.0,"gold_gain":0.0,"event_name":"Golden Idol","player_choice":"Take Wound","floor":10.0,"gold_loss":0.0,"damage_taken":0.0,"relics_obtained":["Golden Idol"],"cards_obtained":["Injury"]},{"cards_removed":["Injury"],"damage_healed":0.0,"max_hp_gain":0.0,"max_hp_loss":0.0,"gold_gain":0.0,"event_name":"Fountain of Cleansing","player_choice":"Removed Curses","floor":12.0,"gold_loss":0.0,"damage_taken":0.0},{"damage_healed":0.0,"max_hp_gain":0.0,"max_hp_loss":0.0,"gold_gain":0.0,"event_name":"Upgrade Shrine","player_choice":"Upgraded","floor":19.0,"gold_loss":0.0,"damage_taken":0.0,"cards_upgraded":["Coolheaded"]},{"damage_healed":0,"gold_gain":0,"player_choice":"Obtained Book","damage_taken":16,"max_hp_gain":0,"max_hp_loss":0,"event_name":"Cursed Tome","floor":28,"gold_loss":0},{"damage_healed":0,"gold_gain":0,"player_choice":"Ignored","damage_taken":0,"max_hp_gain":0,"max_hp_loss":0,"event_name":"Tomb of Lord Red Mask","floor":36,"gold_loss":0},{"damage_healed":0,"gold_gain":333,"player_choice":"Gave Idol","damage_taken":0,"max_hp_gain":0,"max_hp_loss":0,"event_name":"The Moai Head","floor":38,"relics_lost":["Golden Idol"],"gold_loss":0}],"is_beta":false,"boss_relics":[{"not_picked":["Coffee Dripper","Black Star"],"picked":"Nuclear Battery"},{"not_picked":["FrozenCore","Tiny House"],"picked":"Astrolabe"}],"items_purged_floors":[7,29,31],"is_endless":false,"potions_floor_spawned":[3,13,14,18,20,22,27,39,45,48],"ascension_level":0}}