{"host":"rvjh0zljb70crdz8","time":1613537677,"event":{"mods":["100% Spire Juice","Act Like it!","Arknights","BaseMod","Better Vampires","Energized Spire","Good Game Mod","Minty Spire (QoL Compilation)","Quick Restart","Ryuuou龙王","StSLib","The Administrix","The Gatherer","The Servant 0.9.4","【功能Mod】聪明的最终Boss"],"gold_per_floor":[11,21,33,33,53,84,84,99,172,172,200,215,227,254,254,355,305,324,239,18,18,38,38,73,73,73,85,120,139,172,17,17,112,112,127,145,157,171,94,120,120,120],"floor_reached":40,"language":"ZHS","playtime":2455,"items_purged":["Gatherer:Strike_Gatherer"],"score":626,"play_id":"fd40adc8-4e96-4af5-97d5-249930688f67","local_time":"20210217125437","is_ascension_mode":true,"metric_token":981,"campfire_choices":[{"data":"Gatherer:HeartToFruit","floor":7.0,"key":"SMITH"},{"data":"Gatherer:Misfortune","floor":15,"key":"SMITH"},{"data":"Gatherer:SmartManeuver","floor":23,"key":"SMITH"},{"data":"Gatherer:Snatch","floor":25,"key":"SMITH"},{"data":"Gatherer:ColorfulGarden","floor":32,"key":"SMITH"}],"circlet_count":0,"master_deck":["Gatherer:Strike_Gatherer","Gatherer:Strike_Gatherer","Gatherer:Strike_Gatherer","Gatherer:Strike_Gatherer","Gatherer:Strike_Gatherer","Gatherer:Defend_Gatherer","Gatherer:Defend_Gatherer","Gatherer:Defend_Gatherer","Gatherer:Defend_Gatherer","Gatherer:Defend_Gatherer","Gatherer:Centralize","Gatherer:FlowerWhip","DevaForm+1","Gatherer:Snatch+1","Gatherer:FlowerShield","Gatherer:PotentialSlash","Gatherer:MiningStrike","Gatherer:HeartToFruit+1","Gatherer:DrugPower","Gatherer:SmartManeuver+1","Gatherer:QuickSynthesis","Gatherer:SealedBomb","Gatherer:Misfortune+1","Gatherer:Pollute","Gatherer:Transmute","Gatherer:Pollute","Gatherer:AcidicSpray+1","Gatherer:FruitForce+1","Gatherer:ColorfulGarden+1","Gatherer:BomberForm","Gatherer:AlchemyTrial","Gatherer:BalancedGrowth+1","Gatherer:Pollute","Gatherer:Frenzy+1","Gatherer:WoolGloves+1","Gatherer:AlchemyTrial","Gatherer:UpgradeBag","Gatherer:Transmute+1","Gatherer:EnergyBasket+1","Gatherer:AromaProtection","Gatherer:Duality+1","Gatherer:DrugPower+1","Gatherer:Duality+1"],"relics":["Gatherer:AlchemyBag","REME:ComplimentaryCards","Pocketwatch","Happy Flower","Bottled Tornado","Turnip","PreservedInsect","Toy Ornithopter","energizedSpire:HugeHouse","Ancient Tea Set","Omamori","Bronze Scales","Molten Egg 2","Mummified Hand","StoneCalendar","Lizard Tail","Lee\u0027s Waffle","energizedSpire:StickyHand","Bag of Marbles"],"acts_visited":["Exordium","TheCity","TheBeyond"],"potions_floor_usage":[11,18,30],"damage_taken":[{"damage":7.0,"enemies":"2 Louse","floor":1.0,"turns":4.0},{"damage":0.0,"enemies":"ats:Genji","floor":2.0,"turns":3.0},{"damage":0.0,"enemies":"Small Slimes","floor":3.0,"turns":3.0},{"damage":6.0,"enemies":"Exordium Wildlife","floor":5.0,"turns":3.0},{"damage":8.0,"enemies":"Lagavulin","floor":6.0,"turns":8.0},{"damage":6.0,"enemies":"Looter","floor":8.0,"turns":3.0},{"damage":21,"enemies":"3 Sentries","floor":11,"turns":5},{"damage":6,"enemies":"Exordium Thugs","floor":12,"turns":3},{"damage":4,"enemies":"Exordium Wildlife","floor":13,"turns":2},{"damage":0,"enemies":"Gremlin Nob","floor":14,"turns":3},{"damage":2,"enemies":"Slime Boss","floor":16,"turns":5},{"damage":5,"enemies":"Shell Parasite","floor":18,"turns":6},{"damage":7,"enemies":"3 Byrds","floor":22,"turns":5},{"damage":27,"enemies":"Slavers","floor":24,"turns":3},{"damage":11,"enemies":"Centurion and Healer","floor":27,"turns":6},{"damage":26,"enemies":"Book of Stabbing","floor":28,"turns":5},{"damage":38,"enemies":"3 Cultists","floor":29,"turns":5},{"damage":26,"enemies":"Slavers","floor":30,"turns":4},{"damage":12,"enemies":"Automaton","floor":33,"turns":9},{"damage":0,"enemies":"Orb Walker","floor":35,"turns":3},{"damage":22,"enemies":"3 Darklings","floor":36,"turns":4},{"damage":7,"enemies":"Maw","floor":37,"turns":7},{"damage":10,"enemies":"4 Shapes","floor":38,"turns":3},{"damage":23,"enemies":"Nemesis","floor":40,"turns":4}],"seed_played":"-1412267999781205331","potions_obtained":[{"floor":3.0,"key":"SkillPotion"},{"floor":5.0,"key":"Fruit Juice"},{"floor":11,"key":"PowerPotion"},{"floor":13,"key":"GhostInAJar"},{"floor":16,"key":"BloodPotion"},{"floor":18,"key":"LiquidBronze"},{"floor":22,"key":"CultistPotion"},{"floor":27,"key":"FairyPotion"},{"floor":30,"key":"Energy Potion"}],"is_trial":false,"path_per_floor":["M","M","M","?","M","E","R","M","T","?","E","M","M","E","R","B",null,"M","?","$","?","M","R","E","R","T","M","E","M","E","$","R","B",null,"M","M","M","M","$","E"],"character_chosen":"THE_GATHERER","items_purchased":["Omamori","Lee\u0027s Waffle","Gatherer:Duality+1"],"campfire_rested":0,"item_purchase_floors":[20,31,39],"current_hp_per_floor":[65,65,65,65,64,56,56,54,54,51,34,32,32,36,36,38,96,95,95,95,95,92,92,69,69,69,62,36,6,13,131,131,123,135,135,113,106,96,96,73,73,73],"gold":120,"neow_bonus":"ONE_RARE_RELIC","is_daily":false,"chose_seed":false,"campfire_upgraded":5,"win_rate":0.0,"timestamp":1613537677,"path_taken":["M","M","M","?","M","E","R","M","T","?","E","M","M","E","R","BOSS","M","?","$","?","M","R","E","R","T","M","E","M","E","?","R","BOSS","M","M","M","M","$","E"],"items_purchased_type":["Relic","Relic","Card"],"build_version":"2020-12-22","purchased_purges":1,"victory":false,"max_hp_per_floor":[72,72,72,72,77,77,77,81,81,81,85,89,93,97,97,101,96,100,100,100,100,104,104,108,108,108,112,112,120,124,131,131,135,135,135,135,135,135,135,135,135,135],"card_choices":[{"not_picked":["Gatherer:EnergyBasket","Gatherer:ScentOfRosmari"],"picked":"Gatherer:Snatch","floor":1.0},{"not_picked":["Gatherer:FragileHammer","Gatherer:SaveValuables"],"picked":"Gatherer:FlowerShield","floor":2.0},{"not_picked":["Gatherer:TreeGrowth","Gatherer:CarefulStrike"],"picked":"Gatherer:PotentialSlash","floor":3.0},{"not_picked":["Gatherer:TreeGrowth","Gatherer:SaveValuables"],"picked":"Gatherer:MiningStrike","floor":5.0},{"not_picked":["Gatherer:QuickSynthesis","Gatherer:Misfortune"],"picked":"Gatherer:HeartToFruit","floor":6.0},{"not_picked":["Gatherer:FragileHammer","Gatherer:WoolGloves"],"picked":"Gatherer:DrugPower","floor":8.0},{"not_picked":["Gatherer:EchoOfNature","Gatherer:CarefulStrike"],"picked":"Gatherer:SmartManeuver","floor":11},{"not_picked":["Gatherer:Enchant","Gatherer:TreeGrowth"],"picked":"Gatherer:QuickSynthesis","floor":12},{"not_picked":["Gatherer:PotentialSlash","Gatherer:ScherryThrow"],"picked":"Gatherer:SealedBomb","floor":13},{"not_picked":["Gatherer:PotentialSlash","Gatherer:FinishingStrike"],"picked":"Gatherer:Misfortune","floor":14},{"not_picked":["Gatherer:ScrollOfPurity","Gatherer:FinishingStrike"],"picked":"Gatherer:LuckyClover","floor":16},{"not_picked":["Gatherer:Nutrients","Gatherer:WoolGloves"],"picked":"Gatherer:Transmute","floor":18},{"not_picked":["Gatherer:AromaProtection","Gatherer:SaveValuables","Gatherer:Frenzy+1"],"picked":"SKIP","floor":22},{"not_picked":["Gatherer:VenomBarrier","Gatherer:ScherryThrow+1"],"picked":"Gatherer:Pollute","floor":24},{"not_picked":["Gatherer:FragileHammer+1","Gatherer:FlowerShield"],"picked":"Gatherer:AcidicSpray+1","floor":27},{"not_picked":["Gatherer:Herbalism","Gatherer:SealedBomb+1","Gatherer:Nutrients+1"],"picked":"SKIP","floor":28},{"not_picked":["Gatherer:EnergyBasket","Gatherer:GatherMaterial"],"picked":"Gatherer:FruitForce+1","floor":29},{"not_picked":["Gatherer:CollectorsShot+1","Gatherer:EnergyBasket+1"],"picked":"Gatherer:ColorfulGarden","floor":30},{"not_picked":["Gatherer:Examine","Gatherer:LuckyClover"],"picked":"Gatherer:BomberForm","floor":33},{"not_picked":["Gatherer:AlchemyTrial","Gatherer:Pollute"],"picked":"Gatherer:BalancedGrowth+1","floor":35},{"not_picked":["Gatherer:Frenzy+1","Gatherer:WoolGloves+1"],"picked":"Gatherer:AlchemyTrial","floor":36},{"not_picked":["Gatherer:Transmute+1","Gatherer:EnergyBasket+1"],"picked":"Gatherer:UpgradeBag","floor":37},{"not_picked":["Gatherer:AromaProtection","Gatherer:DrugPower+1"],"picked":"Gatherer:Duality+1","floor":38}],"player_experience":261899,"relics_obtained":[{"floor":6.0,"key":"Happy Flower"},{"floor":9.0,"key":"Bottled Tornado"},{"floor":11,"key":"PreservedInsect"},{"floor":14,"key":"Toy Ornithopter"},{"floor":24,"key":"Molten Egg 2"},{"floor":26,"key":"Mummified Hand"},{"floor":28,"key":"StoneCalendar"},{"floor":30,"key":"Lizard Tail"},{"floor":40,"key":"Bag of Marbles"}],"event_choices":[{"damage_healed":0.0,"max_hp_gain":0.0,"max_hp_loss":0.0,"gold_gain":0.0,"event_name":"Living Wall","player_choice":"Grow","floor":4.0,"gold_loss":0.0,"damage_taken":0.0,"cards_upgraded":["DevaForm"]},{"damage_healed":0.0,"max_hp_gain":0.0,"max_hp_loss":0.0,"gold_gain":0.0,"event_name":"Scrap Ooze","player_choice":"Success","floor":10.0,"gold_loss":0.0,"damage_taken":3.0,"relics_obtained":["Turnip"]},{"damage_healed":0,"gold_gain":0,"player_choice":"Obtained Relic","damage_taken":0,"relics_obtained":["Ancient Tea Set"],"max_hp_gain":0,"max_hp_loss":0,"event_name":"Addict","floor":19,"gold_loss":85},{"damage_healed":0,"gold_gain":0,"player_choice":"Opened","damage_taken":0,"relics_obtained":["Bronze Scales"],"max_hp_gain":0,"max_hp_loss":0,"event_name":"The Mausoleum","floor":21,"gold_loss":0,"cards_obtained":["Writhe"]}],"is_beta":false,"boss_relics":[{"not_picked":["Sozu","SlaversCollar"],"picked":"energizedSpire:HugeHouse"},{"not_picked":["Gatherer:ExplorersPath","Fusion Hammer"],"picked":"energizedSpire:StickyHand"}],"items_purged_floors":[20],"is_endless":false,"potions_floor_spawned":[3,5,11,13,16,18,22,27,30,35,37],"killed_by":"Nemesis","ascension_level":1}}