{"host":"fbdlh90rovbiajun","time":1613540993,"event":{"mods":["AchievementEnabler","BaseMod","Colored Map","Keyboard Shortcuts","Minty Spire (QoL Compilation)","SuperFastMode"],"gold_per_floor":[116,131,149,224,224,224,75,95,121,149,174,186,215,238,250,262,262],"floor_reached":16,"language":"KOR","playtime":469,"items_purged":[],"score":96,"play_id":"6184ab98-9601-4f37-b49a-8ee359be3784","local_time":"20210217144953","is_ascension_mode":false,"campfire_choices":[{"data":"Eruption","floor":6,"key":"SMITH"},{"data":"MentalFortress","floor":12,"key":"SMITH"},{"data":"InnerPeace","floor":15,"key":"SMITH"}],"circlet_count":0,"master_deck":["Strike_P","Strike_P","Strike_P","Strike_P","Defend_P","Defend_P+1","Defend_P","Defend_P","Eruption+1","Vigilance+1","MentalFortress+1","InnerPeace","InnerPeace+1","FlurryOfBlows","FlurryOfBlows","Crescendo","FlurryOfBlows"],"relics":["PureWater","NeowsBlessing","Orrery","MawBank"],"acts_visited":["Exordium"],"potions_floor_usage":[],"damage_taken":[{"damage":0,"enemies":"Cultist","floor":1,"turns":1},{"damage":0,"enemies":"Jaw Worm","floor":2,"turns":1},{"damage":0,"enemies":"Small Slimes","floor":3,"turns":1},{"damage":11,"enemies":"Exordium Thugs","floor":8,"turns":3},{"damage":0,"enemies":"Lots of Slimes","floor":10,"turns":4},{"damage":23,"enemies":"Exordium Wildlife","floor":11,"turns":5},{"damage":0,"enemies":"3 Louse","floor":13,"turns":3},{"damage":0,"enemies":"Gremlin Gang","floor":14,"turns":4},{"damage":13,"enemies":"The Guardian","floor":16,"turns":4}],"seed_played":"5841781067987247856","potions_obtained":[{"floor":2,"key":"Weak Potion"},{"floor":3,"key":"Strength Potion"},{"floor":14,"key":"Explosive Potion"}],"is_trial":false,"path_per_floor":["M","M","M","?","?","R","$","M","T","M","M","R","M","M","R","B"],"character_chosen":"WATCHER","items_purchased":["Orrery"],"campfire_rested":0,"item_purchase_floors":[7],"current_hp_per_floor":[72,72,72,61,47,47,47,36,36,36,13,13,13,13,13,0,0],"gold":262,"neow_bonus":"THREE_ENEMY_KILL","is_daily":false,"chose_seed":false,"campfire_upgraded":3,"win_rate":0.0,"timestamp":1613540993,"path_taken":["M","M","?","?","?","R","$","M","T","?","?","R","M","M","R","BOSS"],"items_purchased_type":["Relic"],"build_version":"2020-12-22","purchased_purges":0,"victory":false,"max_hp_per_floor":[72,72,72,72,72,72,72,72,72,72,72,72,72,72,72,72,72],"card_choices":[{"not_picked":["ThirdEye","Halt","Study"],"picked":"SKIP","floor":1},{"not_picked":["ThirdEye","Halt","Study"],"picked":"SKIP","floor":1},{"not_picked":["Prostrate","FlurryOfBlows"],"picked":"MentalFortress","floor":2},{"not_picked":["CutThroughFate","Protect","SashWhip"],"picked":"SKIP","floor":3},{"not_picked":["BowlingBash","SpiritShield"],"picked":"InnerPeace","floor":7},{"not_picked":["FlyingSleeves","Wireheading"],"picked":"InnerPeace","floor":7},{"not_picked":["ThirdEye","SashWhip"],"picked":"FlurryOfBlows","floor":7},{"not_picked":["TalkToTheHand","EmptyMind"],"picked":"FlurryOfBlows","floor":7},{"not_picked":["CutThroughFate","BowlingBash"],"picked":"Crescendo","floor":8},{"not_picked":["Nirvana","ClearTheMind"],"picked":"FlurryOfBlows","floor":10},{"not_picked":["Pray","Wallop","ForeignInfluence"],"picked":"SKIP","floor":11},{"not_picked":["Prostrate","EmptyFist","BowlingBash"],"picked":"SKIP","floor":13},{"not_picked":["SandsOfTime","Establishment","Meditate"],"picked":"SKIP","floor":14}],"player_experience":74766,"relics_obtained":[{"floor":9,"key":"MawBank"}],"event_choices":[{"damage_healed":0,"gold_gain":75,"player_choice":"Gather Gold","damage_taken":11,"max_hp_gain":0,"max_hp_loss":0,"event_name":"World of Goop","floor":4,"gold_loss":0},{"damage_healed":0,"gold_gain":0,"player_choice":"Entered Light","damage_taken":14,"max_hp_gain":0,"max_hp_loss":0,"event_name":"Shining Light","floor":5,"gold_loss":0,"cards_upgraded":["Vigilance","Defend_P"]}],"is_beta":false,"boss_relics":[],"items_purged_floors":[],"is_endless":false,"potions_floor_spawned":[2,3,14],"killed_by":"The Guardian","ascension_level":0}}