{"host":"23qk1co0p3p8qz56","time":1613539959,"event":{"mods":["100% Spire Juice","AchievementEnabler","Act Like it!","Arknights","BaseMod","Better Note","Better Third Choice","BetterRewards","CapriCore","Chen","Colored Map","DNKmod","Downfall","Friendly Minions","Gensokyo","Gold Saver","Halation","KinomotoSakuraMod(木之本?)","Koishi","KomeijiMod","Lobotomy","LobotomyExtend","Mari Mod (Legacy)","Mari\u0027s V1 Patch","Marisa（霧雨　魔理沙）","Minty Spire (QoL Compilation)","MostiFishMod","Prisma Mod","Railgun Mod","Reimu（博??梦）","Remilia（蕾米莉?）","RumiaBox-露米?的神秘盒子","StSLib","The Administrix","The Alterego","The Animator","The Immortal","The Senshi","Waifu the Spire","WarShipGirlsR/??少女R mod","Yakumo Yukari mod","Yohane!","Yuyuko"],"gold_per_floor":[10019,10019,10039,9782,9796,9796,9825,9825,9900,9929,9944,9972,9972,9983,9983,10078,10078,10093,10093,10093,10093,9364,9391,9405,9405,9405,9405,9405,8949,8970,8847,8847,8920,8920,8956,8967,8680,8680,8713,8569,8569,8604,8604,8604,8564,8564,8564,8575,8575,8575],"floor_reached":51,"language":"ENG","playtime":7037,"items_purged":[],"score":1074,"play_id":"b064a843-f061-4d6d-97f2-93bf9dbbd778","local_time":"20210216223239","is_ascension_mode":true,"campfire_choices":[{"data":"PrismaMod:IllyaPoisoningPhantasm","floor":6,"key":"SMITH"},{"data":"PrismaMod:IllyaDetonatingBlow","floor":8,"key":"SMITH"},{"data":"PrismaMod:IllyaZwei","floor":15,"key":"SMITH"},{"data":"PrismaMod:IllyaGrail","floor":25,"key":"SMITH"},{"data":"PrismaMod:IllyaPoisonTippedWeapons","floor":32,"key":"SMITH"},{"data":"PrismaMod:IllyaGrail","floor":41,"key":"SMITH"},{"data":"PrismaMod:IllyaGrailKun","floor":49,"key":"SMITH"}],"circlet_count":0,"master_deck":["PrismaMod:IllyaCheapAttack","PrismaMod:IllyaDualEvoke+1","PrismaMod:IllyaInstallShielder","PrismaMod:IllyaUberDefendChannel","PrismaMod:IllyaUncommonEvoke","PrismaMod:IllyaGrail+1","PrismaMod:IllyaSaphire","PrismaMod:IllyaUberChannel","PrismaMod:IllyaInstallMoonCancer","PrismaMod:IllyaFeed","PrismaMod:IllyaPoisonTippedWeapons","PrismaMod:IllyaCheapDefend+1","PrismaMod:IllyaCheapChannelAttack","PrismaMod:IllyaCarnivalAttack","PrismaMod:IllyaAssassinRevenge","PrismaMod:IllyaFriendMaker+1","PrismaMod:IllyaFeed","PrismaMod:IllyaAssassinRevenge","PrismaMod:IllyaHassanGift+1","PrismaMod:IllyaFeed","PrismaMod:IllyaRubysPotion+1","PrismaMod:IllyaCommandSeal","PrismaMod:IllyaCarnivalPrismaAstolfo","PrismaMod:IllyaDetonatingBlow","PrismaMod:IllyaDualEvoke","PrismaMod:IllyaGrailKun+1","PrismaMod:IllyaGrailKun","PrismaMod:IllyaDualEvoke","PrismaMod:IllyaDetonatingBlow","PrismaMod:IllyaCarnivalPrismaAstolfo","PrismaMod:IllyaCommandSeal","PrismaMod:IllyaRubysPotion","PrismaMod:IllyaFeed+1","PrismaMod:IllyaHassanGift","PrismaMod:IllyaAssassinRevenge","PrismaMod:IllyaFeed","PrismaMod:IllyaFriendMaker+1","PrismaMod:IllyaGun","PrismaMod:IllyaAssassinRevenge","PrismaMod:IllyaCarnivalAttack","PrismaMod:IllyaCheapChannelAttack","PrismaMod:IllyaCheapDefend","PrismaMod:IllyaPoisonTippedWeapons+1","PrismaMod:IllyaFeed","PrismaMod:IllyaInstallMoonCancer","PrismaMod:IllyaUberChannel+1","PrismaMod:IllyaSaphire+1","PrismaMod:IllyaGrail+1","PrismaMod:IllyaUncommonEvoke","PrismaMod:IllyaUberDefendChannel","PrismaMod:IllyaInstallShielder","PrismaMod:IllyaDualEvoke","PrismaMod:IllyaCheapAttack","PrismaMod:IllyaDevil+1","PrismaMod:IllyaInstallAlterEgo","PrismaMod:IllyaBoysLove+1","Madness","Madness","PrismaMod:IllyaUpgradeOrbs+1","PrismaMod:IllyaPoisonTippedWeapons+1","PrismaMod:IllyaDevil+1"],"relics":["PrismaMod:PrismaZwei","Bird Faced Urn","Calipers","ChaoDraw","DaveBox","DSteel32","SynthV:TestCard","LetterFromLob","halation:Jellyphish","Bronze Scales","Pantograph","Centennial Puzzle","Ornamental Fan","ThirstyCross","RedLine:ReiMu","Ginger","Whetstone","Juzu Bracelet","halation:BottledLove","Sozu","Regal Pillow","Lantern","MostiFishMod:Haymaker","GoodDreamPillow","WingedGreaves","War Paint","HollowDreamFlower","GodSword3","halation:StarCompass"],"acts_visited":["Exordium","TheCity","TheBeyond"],"potions_floor_usage":[7,7,10,14,14,16,50],"damage_taken":[{"damage":0,"enemies":"Small Slimes","floor":1,"turns":3},{"damage":0,"enemies":"Cultist","floor":3,"turns":2},{"damage":0,"enemies":"ats:Genji","floor":5,"turns":3},{"damage":2,"enemies":"Lagavulin","floor":7,"turns":5},{"damage":0,"enemies":"Gremlin Nob","floor":10,"turns":3},{"damage":8,"enemies":"Large Slime","floor":11,"turns":5},{"damage":8,"enemies":"3 Sentries","floor":12,"turns":4},{"damage":0,"enemies":"Red Slaver","floor":14,"turns":1},{"damage":240,"enemies":"Hexaghost","floor":16,"turns":5},{"damage":0,"enemies":"2 Thieves","floor":18,"turns":3},{"damage":9,"enemies":"Book of Stabbing","floor":23,"turns":3},{"damage":0,"enemies":"Chosen","floor":24,"turns":3},{"damage":0,"enemies":"Snake Plant","floor":30,"turns":2},{"damage":3,"enemies":"Collector","floor":33,"turns":7},{"damage":16,"enemies":"3 Shapes","floor":35,"turns":3},{"damage":19,"enemies":"3 Darklings","floor":36,"turns":3},{"damage":1,"enemies":"Maw","floor":39,"turns":8},{"damage":3,"enemies":"Nemesis","floor":42,"turns":5},{"damage":6,"enemies":"Writhing Mass","floor":48,"turns":2},{"damage":29,"enemies":"Donu and Deca","floor":50,"turns":7}],"seed_played":"4262988783058337962","potions_obtained":[{"floor":0,"key":"DistilledChaos"},{"floor":0,"key":"BlessingOfTheForge"},{"floor":0,"key":"ColorlessPotion"},{"floor":1,"key":"RedTea"},{"floor":5,"key":"Explosive Potion"},{"floor":7,"key":"AttackPotion"},{"floor":11,"key":"CalmPotion"}],"is_trial":false,"path_per_floor":["M","?","M","$","M","R","E","R","T","E","M","E","?","M","R","B",null,"M","?","?","?","$","E","M","R","T","M","T","$","M","?","R","B",null,"M","M","$","?","M","$","R","E","T","?","?","?","?","M","R","B",null],"character_chosen":"ILLYA","items_purchased":["PrismaMod:IllyaPoisonTippedWeapons","PrismaMod:IllyaPoisoningPhantasm","halation:Jellyphish","PrismaMod:IllyaInstallMoonCancer","PrismaMod:IllyaCarnivalAttack","Ginger","Whetstone","Lantern","MostiFishMod:Haymaker","WingedGreaves","War Paint"],"campfire_rested":0,"item_purchase_floors":[4,4,4,22,22,22,22,29,29,37,40],"current_hp_per_floor":[500,500,500,500,500,500,498,498,498,500,499,500,500,500,500,260,500,500,500,500,500,500,493,497,497,497,497,497,497,500,500,500,500,500,500,486,486,423,489,489,489,502,502,502,502,502,502,496,496,506],"gold":8575,"neow_bonus":"THREE_SMALL_POTIONS","is_daily":false,"chose_seed":false,"campfire_upgraded":7,"win_rate":0.0,"timestamp":1613539959,"path_taken":["M","?","M","$","M","R","E","R","T","E","?","E","?","M","R","BOSS","M","?","?","?","$","E","M","R","T","M","?","$","M","?","R","BOSS","M","M","$","?","M","$","R","E","T","?","?","?","?","M","R","BOSS"],"items_purchased_type":["Card","Card","Relic","Card","Card","Relic","Relic","Card","Relic","Relic","Relic"],"build_version":"2020-12-22","purchased_purges":0,"victory":true,"max_hp_per_floor":[500,500,500,500,500,500,500,500,500,500,500,500,500,500,500,500,500,500,500,500,500,500,500,500,500,500,500,500,500,500,500,500,500,500,500,500,500,500,500,500,500,502,502,502,502,502,502,502,502,506],"card_choices":[{"not_picked":["PrismaMod:IllyaUpgradeOrbs","PrismaMod:IllyaBride"],"picked":"PrismaMod:IllyaPoisonBomb","floor":1},{"not_picked":["PrismaMod:IllyaStunPoison","PrismaMod:IllyaBlindPoisonToss","PrismaMod:IllyaMaid","PrismaMod:IllyaRussianRoulette"],"picked":"PrismaMod:IllyaCommandSeal","floor":3},{"not_picked":["PrismaMod:IllyaInstallBerserker","PrismaMod:IllyaMaid","PrismaMod:IllyaPartialInstallAssassin","PrismaMod:IllyaHassanGift"],"picked":"PrismaMod:IllyaAssassinRevenge","floor":5},{"not_picked":["PrismaMod:IllyaPartialInstallAssassin","PrismaMod:IllyaRubysPotion","PrismaMod:IllyaPoisonTippedWeapons","PrismaMod:IllyaBoysLove"],"picked":"PrismaMod:IllyaDetonatingBlow","floor":7},{"not_picked":["PrismaMod:IllyaFeed","PrismaMod:IllyaAlice","PrismaMod:IllyaReinForce","PrismaMod:IllyaGun"],"picked":"PrismaMod:IllyaZwei","floor":10},{"not_picked":["PrismaMod:IllyaMaid","PrismaMod:IllyaFriendMaker","PrismaMod:IllyaBerserCAR","PrismaMod:IllyaFeed"],"picked":"PrismaMod:IllyaHassanGift","floor":11},{"not_picked":["PrismaMod:IllyaFriendMaker","PrismaMod:IllyaAOECommonAttack","PrismaMod:IllyaMaid","PrismaMod:IllyaHassanGift"],"picked":"PrismaMod:IllyaBlindPoisonToss","floor":12},{"not_picked":["PrismaMod:IllyaCheapChannelDefend","PrismaMod:IllyaBerserCAR","PrismaMod:IllyaRussianRoulette","PrismaMod:IllyaTestament","PrismaMod:IllyaMaid"],"picked":"SKIP","floor":14},{"not_picked":["PrismaMod:IllyaZwei","PrismaMod:IllyaInstallCaster","PrismaMod:IllyaCarnivalAttack","PrismaMod:IllyaInstallAvenger"],"picked":"PrismaMod:IllyaUberPoisonChannel","floor":16},{"not_picked":["PrismaMod:IllyaPartialInstallAssassin","PrismaMod:IllyaAOECommonAttack+1","PrismaMod:IllyaCheapAttack","PrismaMod:IllyaPoisonTippedWeapons"],"picked":"PrismaMod:IllyaFriendMaker","floor":18},{"not_picked":["PrismaMod:IllyaCarnivalDefend","PrismaMod:IllyaTestament","PrismaMod:IllyaSaphire","PrismaMod:IllyaRussianRoulette"],"picked":"PrismaMod:IllyaGrail","floor":23},{"not_picked":["PrismaMod:IllyaPoisonBomb","PrismaMod:IllyaBride+1","PrismaMod:IllyaMaid+1","PrismaMod:IllyaFeed"],"picked":"PrismaMod:IllyaCheapChannelPoison+1","floor":24},{"not_picked":["PrismaMod:IllyaPartialInstallAssassin","PrismaMod:IllyaBoysLove+1","PrismaMod:IllyaAOECommonAttack","PrismaMod:IllyaGun"],"picked":"PrismaMod:IllyaDevil+1","floor":30},{"not_picked":["PrismaMod:IllyaInstallSaber","PrismaMod:IllyaInstallShielder","PrismaMod:IllyaCarnivalPrismaAstolfo","PrismaMod:IllyaInstallMoonCancer"],"picked":"PrismaMod:IllyaInstallAlterEgo","floor":33},{"not_picked":["PrismaMod:IllyaUberChannel+1","PrismaMod:IllyaUncommonDefend+1","PrismaMod:IllyaCheapChannelDefend","PrismaMod:IllyaUberPoisonBlock+1"],"picked":"PrismaMod:IllyaBoysLove","floor":35},{"not_picked":["PrismaMod:IllyaUberChannel+1","PrismaMod:IllyaMaid","PrismaMod:IllyaCommandSeal+1","PrismaMod:IllyaBride","PrismaMod:IllyaAssassinRevenge+1"],"picked":"SKIP","floor":36},{"not_picked":["PrismaMod:IllyaFriendMaker","PrismaMod:IllyaAOECommonAttack+1","PrismaMod:IllyaGrail","PrismaMod:IllyaHassanGift"],"picked":"PrismaMod:IllyaUpgradeOrbs+1","floor":39},{"not_picked":["PrismaMod:IllyaAOECommonAttack+1","PrismaMod:IllyaCheapChannelAttack","PrismaMod:IllyaFriendMaker+1","PrismaMod:IllyaHassanGift+1"],"picked":"PrismaMod:IllyaPoisonTippedWeapons+1","floor":42},{"not_picked":["PrismaMod:IllyaMinorRapidFire","PrismaMod:IllyaMinorReinForce+1","PrismaMod:IllyaBoysLove","PrismaMod:IllyaGun"],"picked":"PrismaMod:IllyaDevil+1","floor":48}],"player_experience":202639,"relics_obtained":[{"floor":1,"key":"SynthV:TestCard"},{"floor":1,"key":"LetterFromLob"},{"floor":7,"key":"Bronze Scales"},{"floor":9,"key":"Pantograph"},{"floor":10,"key":"Centennial Puzzle"},{"floor":12,"key":"Ornamental Fan"},{"floor":23,"key":"Juzu Bracelet"},{"floor":26,"key":"halation:BottledLove"},{"floor":28,"key":"Regal Pillow"},{"floor":42,"key":"HollowDreamFlower"},{"floor":43,"key":"GodSword3"}],"event_choices":[{"damage_healed":0,"gold_gain":0,"player_choice":"Forge","damage_taken":0,"max_hp_gain":0,"max_hp_loss":0,"event_name":"Accursed Blacksmith","floor":2,"gold_loss":0,"cards_upgraded":["PrismaMod:IllyaPoisonBomb"]},{"damage_healed":0,"gold_gain":0,"player_choice":"Ignored","damage_taken":0,"max_hp_gain":0,"max_hp_loss":0,"event_name":"betterNote:BetterNote","floor":19,"gold_loss":0,"cards_obtained":["animator:Wiz"]},{"damage_healed":0,"gold_gain":0,"player_choice":"Embrace Madness","damage_taken":63,"max_hp_gain":0,"max_hp_loss":0,"event_name":"Winding Halls","floor":38,"gold_loss":0,"cards_obtained":["Madness","Madness"]},{"damage_healed":0,"gold_gain":0,"player_choice":"Upgrade","damage_taken":0,"max_hp_gain":0,"max_hp_loss":0,"event_name":"Designer","floor":45,"gold_loss":40,"cards_upgraded":["PrismaMod:IllyaGrail"]},{"damage_healed":0,"gold_gain":0,"player_choice":"Memory 1","damage_taken":0,"max_hp_gain":0,"max_hp_loss":0,"event_name":"SensoryStone","floor":46,"gold_loss":0},{"cards_removed":["PrismaMod:IllyaGun"],"damage_healed":0,"gold_gain":0,"player_choice":"Purged","damage_taken":0,"max_hp_gain":0,"max_hp_loss":0,"event_name":"Purifier","floor":47,"gold_loss":0}],"is_beta":false,"boss_relics":[{"not_picked":["Runic Pyramid","TimeKeys"],"picked":"RedLine:ReiMu"},{"not_picked":["xbg","ExusiaiGun"],"picked":"PrismaMod:PrismaZwei"}],"items_purged_floors":[],"is_endless":false,"potions_floor_spawned":[1,5,7,11,30,35],"ascension_level":1}}