{"host":"1hw3ks68c0zl1mxv","time":1613592216,"event":{"mods":["2.2 Compatiblity","Act Like it!","Aspiration","BaseMod","Beaked The Cultist","BetterRewards","Colored Map","Colored Powertips","Conspire","Downfall","Energized Spire","GungeonMod","Halation","Hallownest","Hubris","Infinite Spire","Marisa????????","Mimic Mod","Minty Spire (QoL Compilation)","Quick Restart","Replay The Spire","Shop Mod","StSLib","The Bug Knight","The Construct","The Elementalist","The Necromancer","The Saiyan","The Servant 0.9.4","TheHero"],"gold_per_floor":[109,109,122,122,136,152,152,165,165,165,194,213,242,242,242,347,347,364,378,32,43,43,71,71,83,117,137,137,147,147,197,197,298,298,310,310,322,322,335,335,349,349,349,349,110,110,128,138,138,239,239,247,247,247,254,255,255,258,258,244,244],"floor_reached":60,"language":"ENG","playtime":3500,"items_purged":["Strike_B"],"score":1059,"play_id":"75ac59e7-cee8-48c9-9d97-d5e34b989c86","local_time":"20210217130336","is_ascension_mode":false,"campfire_choices":[{"data":"Zap","floor":7.0,"key":"SMITH"},{"data":"ReplayTheSpireMod:Calculation Training","floor":10.0,"key":"SMITH"},{"data":"Defend_B","floor":15.0,"key":"SMITH"},{"data":"ReplayTheSpireMod:Calculation Training","floor":28.0,"key":"SMITH"},{"data":"Hologram","floor":30.0,"key":"SMITH"},{"data":"Stack","floor":32.0,"key":"SMITH"},{"data":"Seek","floor":40.0,"key":"SMITH"},{"data":"Mirror Shield","floor":42.0,"key":"SMITH"},{"data":"Leap","floor":44.0,"key":"SMITH"},{"data":"BootSequence","floor":49.0,"key":"SMITH"},{"data":"Chill","floor":57,"key":"SMITH"},{"data":"BootSequence","floor":59,"key":"SMITH"}],"circlet_count":0,"master_deck":["Strike_B","Strike_B","Strike_B","Defend_B","Defend_B","Defend_B","Defend_B+1","Zap+1","Dualcast","Cold Snap","BootSequence+1","Loop+1","ReplayTheSpireMod:Calculation Training+1","Core Surge","Ball Lightning","Core Surge","Rainbow","Cold Snap+1","Biased Cognition+1","Time Bomb","Hologram+1","Stack+1","Stack+1","Self Repair+1","Stack+1","Loop+1","Blizzard","ReplayTheSpireMod:Calculation Training+1","Cold Snap","Seek+1","infinitespire:UltimateForm+1","hubris:PowerSurge+1","Conserve Battery+1","Conserve Battery+1","Mirror Shield+1","Echo Form+1","Leap+1","infinitespire:UltimateForm+1","Stack+1","FIFO Queue+1","Defragment+1","Chill+1","BootSequence+1"],"relics":["Cracked Core","halation:OrihimeAndHikoboshiSamaAndTears","MerchantsRug","Gremlin Horn","Replay:Mystery Machine","Frozen Egg 2","ChewingGum","Prayer Wheel","Membership Card","Lantern","Replay:Accelerometer","Prayer Wheel","DemoMod:AgedBell","Prayer Wheel","beaked:SacredDeck","Sozu","Art of War","ReplayTheSpireMod:Ninjato","DemoMod:MeatBun","HollowMod:LifeEnderRelic","DemoMod:GlassGuonStoneRelic","halation:Prosthetics","hubris:Icosahedron"],"acts_visited":["Exordium","TheCity","TheBeyond","Exordium"],"potions_floor_usage":[50,50],"damage_taken":[{"damage":3.0,"enemies":"Small Slimes","floor":1.0,"turns":3.0},{"damage":0.0,"enemies":"2 Louse","floor":3.0,"turns":2.0},{"damage":0.0,"enemies":"Cultist","floor":5.0,"turns":3.0},{"damage":1.0,"enemies":"Lots of Slimes","floor":6.0,"turns":4.0},{"damage":17.0,"enemies":"Gremlin Gang","floor":8.0,"turns":4.0},{"damage":0.0,"enemies":"HollowMod:MossKnight","floor":11.0,"turns":9.0},{"damage":1.0,"enemies":"Large Slime","floor":12.0,"turns":3.0},{"damage":30.0,"enemies":"Nightmare","floor":13.0,"turns":8.0},{"damage":4.0,"enemies":"The Guardian","floor":16.0,"turns":11.0},{"damage":0.0,"enemies":"Chosen","floor":18.0,"turns":3.0},{"damage":10.0,"enemies":"Shell Parasite","floor":19.0,"turns":5.0},{"damage":6.0,"enemies":"conspire:HollyBat","floor":21.0,"turns":6.0},{"damage":0.0,"enemies":"Gremlin Leader","floor":23.0,"turns":4.0},{"damage":1.0,"enemies":"Sentry and Sphere","floor":25.0,"turns":3.0},{"damage":7.0,"enemies":"3 Cultists","floor":26.0,"turns":7.0},{"damage":1.0,"enemies":"3 Cultists","floor":27.0,"turns":4.0},{"damage":0.0,"enemies":"Snake Plant","floor":29.0,"turns":4.0},{"damage":5.0,"enemies":"Champ","floor":33.0,"turns":7.0},{"damage":12.0,"enemies":"3 Darklings","floor":35.0,"turns":5.0},{"damage":0.0,"enemies":"Orb Walker","floor":37.0,"turns":3.0},{"damage":0.0,"enemies":"Maw","floor":39.0,"turns":7.0},{"damage":0.0,"enemies":"Sphere and 2 Shapes","floor":41.0,"turns":4.0},{"damage":0.0,"enemies":"Transient","floor":47.0,"turns":5.0},{"damage":1.0,"enemies":"4 Shapes","floor":48.0,"turns":4.0},{"damage":0,"enemies":"Awakened One","floor":50,"turns":14},{"damage":0,"enemies":"2 Louse","floor":52,"turns":2},{"damage":0,"enemies":"Small Slimes","floor":55,"turns":2},{"damage":0,"enemies":"Jaw Worm","floor":56,"turns":3},{"damage":0,"enemies":"Gremlin Gang","floor":58,"turns":2},{"damage":2,"enemies":"Blue Slaver","floor":60,"turns":4}],"seed_played":"-4366137401730531240","potions_obtained":[{"floor":8.0,"key":"SteroidPotion"},{"floor":11.0,"key":"Toxic Potion"},{"floor":16.0,"key":"LiquidBronze"},{"floor":18.0,"key":"SteroidPotion"},{"floor":21.0,"key":"Doom Potion"},{"floor":25.0,"key":"Fire Potion"},{"floor":29.0,"key":"Explosive Potion"},{"floor":37.0,"key":"DemoMod:LeadSkinPotion"}],"is_trial":false,"path_per_floor":["M","?","M","?","M","M","R","M","T","R","E","M","NM","HB","R","B",null,"M","M","$","M","$","E","HB","M","MIM","M","R","M","R","?","R","B",null,"M","?","M","AVR","M","R","M","R","T","R","$","?","M","M","R","B",null,"M","?","?","M","M","R","M","R","MIM"],"character_chosen":"DEFECT","items_purchased":["halation:OrihimeAndHikoboshiSamaAndTears","Cold Snap","MerchantsRug","Membership Card","Biased Cognition+1","Lantern","Time Bomb","Block Potion","DemoMod:MeatBun","HollowMod:LifeEnderRelic"],"campfire_rested":0,"item_purchase_floors":[0,0,0,20,20,20,20,22,45,45],"current_hp_per_floor":[72,72,72,72,72,71,71,54,54,54,54,53,23,23,23,19,38,38,28,28,22,19,19,19,18,19,19,19,19,19,19,19,14,19,17,19,19,19,19,19,19,19,19,19,19,19,19,18,18,18,1,1,1,1,1,1,1,1,1,0,0],"gold":244,"neow_bonus":"","is_daily":false,"chose_seed":false,"campfire_upgraded":12,"win_rate":0.0,"timestamp":1613592216,"path_taken":["M","?","M","?","M","M","R","?","T","R","E","M","E","HB","R","BOSS","M","M","$","M","?","E","HB","M","MIM","M","R","M","R","?","R","BOSS","M","?","M","AVR","?","R","M","R","T","R","$","?","M","M","R","BOSS","M","?","?","M","?","R","M","R","MIM"],"items_purchased_type":["Relic","Card","Relic","Relic","Card","Relic","Card","Potion","Relic","Relic"],"build_version":"2020-12-22","purchased_purges":1,"victory":false,"max_hp_per_floor":[75,75,75,75,75,75,75,75,75,75,75,75,75,38,38,38,38,38,38,38,38,38,38,19,19,19,19,19,19,19,19,19,19,19,19,19,19,19,19,19,19,19,19,19,19,19,19,19,19,19,1,1,1,1,1,1,1,1,1,1,1],"card_choices":[{"not_picked":["ReplayTheSpireMod:GoodbyeWorld","Static Discharge"],"picked":"BootSequence","floor":1.0},{"not_picked":["Hello World","Barrage"],"picked":"Loop","floor":3.0},{"not_picked":["Compile Driver","Streamline","Barrage"],"picked":"SKIP","floor":5.0},{"not_picked":["Rebound","Coolheaded","BasicCrystalCard"],"picked":"SKIP","floor":6.0},{"not_picked":["Gash","Redo"],"picked":"ReplayTheSpireMod:Calculation Training","floor":8.0},{"not_picked":["Coolheaded","Hologram"],"picked":"Core Surge","floor":11.0},{"not_picked":["Stack","Panic Button"],"picked":"Ball Lightning","floor":12.0},{"not_picked":["Redo","BasicCrystalCard"],"picked":"Core Surge","floor":13.0},{"not_picked":["Amplify","ReplayTheSpireMod:Omega Cannon"],"picked":"Rainbow","floor":16.0},{"not_picked":["Stack","Sweeping Beam"],"picked":"Cold Snap+1","floor":18.0},{"not_picked":["Redo","Meteor Strike","Undo"],"picked":"SKIP","floor":19.0},{"not_picked":["Sweeping Beam","Barrage","Sunder"],"picked":"SKIP","floor":19.0},{"not_picked":["Sweeping Beam","Gash"],"picked":"Hologram","floor":21.0},{"not_picked":["Steam+1","Cold Snap"],"picked":"Stack","floor":21.0},{"not_picked":["Skim+1","Sweeping Beam","Steam+1"],"picked":"SKIP","floor":23.0},{"not_picked":["Coolheaded","Steam"],"picked":"Stack+1","floor":25.0},{"not_picked":["Cold Snap","Beam Cell"],"picked":"Self Repair+1","floor":25.0},{"not_picked":["Panic Button","hubris:SpecializedCircuitry+1"],"picked":"Stack+1","floor":26.0},{"not_picked":["Gash","ReplayTheSpireMod:Fabricate Wheel"],"picked":"Loop+1","floor":27.0},{"not_picked":["Steam Power","Coolheaded+1"],"picked":"Blizzard","floor":27.0},{"not_picked":["Steam","Go for the Eyes"],"picked":"ReplayTheSpireMod:Calculation Training","floor":27.0},{"not_picked":["Panic Button","Gash","Crystallizer+1"],"picked":"SKIP","floor":27.0},{"not_picked":["Sweeping Beam","Stack"],"picked":"Cold Snap","floor":29.0},{"not_picked":["Redo","Sweeping Beam","Panic Button"],"picked":"SKIP","floor":29.0},{"not_picked":["Go for the Eyes","Compile Driver","Ball Lightning"],"picked":"SKIP","floor":29.0},{"not_picked":["Steam Power","Undo+1","Auto Shields"],"picked":"SKIP","floor":29.0},{"not_picked":["Redo","Sweeping Beam","Panic Button"],"picked":"SKIP","floor":29.0},{"not_picked":["Go for the Eyes","Compile Driver","Ball Lightning"],"picked":"SKIP","floor":29.0},{"not_picked":["Steam Power","Undo+1","Auto Shields"],"picked":"SKIP","floor":29.0},{"not_picked":["Core Surge","ReplayTheSpireMod:Fabricate Wheel"],"picked":"Seek","floor":33.0},{"not_picked":["Coolheaded","Rebound+1"],"picked":"hubris:PowerSurge+1","floor":35.0},{"not_picked":["Lockon+1","Steam"],"picked":"Conserve Battery+1","floor":35.0},{"not_picked":["Sweeping Beam","Streamline+1"],"picked":"Conserve Battery+1","floor":35.0},{"not_picked":["Heatsinks+1","Genetic Algorithm"],"picked":"Mirror Shield","floor":35.0},{"not_picked":["Rebound+1","Barrage"],"picked":"Echo Form+1","floor":37.0},{"not_picked":["Force Field+1","Aggregate+1"],"picked":"Leap","floor":37.0},{"not_picked":["Hologram+1","Turbo","Compile Driver"],"picked":"SKIP","floor":37.0},{"not_picked":["ReplayTheSpireMod:Repulse","Streamline+1","Turbo"],"picked":"SKIP","floor":37.0},{"not_picked":["Hologram+1","Turbo","Compile Driver"],"picked":"SKIP","floor":37.0},{"not_picked":["ReplayTheSpireMod:Repulse","Streamline+1","Turbo"],"picked":"SKIP","floor":37.0},{"not_picked":["Fusion","Beam Cell","Gash"],"picked":"SKIP","floor":39.0},{"not_picked":["Blizzard+1","Crystallizer+1","Cold Snap+1"],"picked":"SKIP","floor":39.0},{"not_picked":["ReplayTheSpireMod:Reroute Power","Steam","Gash"],"picked":"SKIP","floor":39.0},{"not_picked":["ReplayGash","Rebound","Compile Driver+1"],"picked":"SKIP","floor":39.0},{"not_picked":["Genetic Algorithm","Conserve Battery+1","ReplayTheSpireMod:System Scan+1"],"picked":"SKIP","floor":41.0},{"not_picked":["Streamline","Rebound","Sweeping Beam+1"],"picked":"SKIP","floor":41.0},{"not_picked":["Coolheaded","Panic Button+1","Seek"],"picked":"SKIP","floor":41.0},{"not_picked":["Genetic Algorithm+1","Crystallizer+1","Doom and Gloom+1"],"picked":"SKIP","floor":41.0},{"not_picked":["Steam","Scrape+1"],"picked":"Stack+1","floor":47.0},{"not_picked":["Redo","White Noise","Stack"],"picked":"SKIP","floor":47.0},{"not_picked":["Force Field+1","Rebound","Steam Power+1"],"picked":"SKIP","floor":47.0},{"not_picked":["Ball Lightning+1","Aggregate+1","FTL+1"],"picked":"SKIP","floor":47.0},{"not_picked":["Panic Button","Doom and Gloom+1"],"picked":"FIFO Queue+1","floor":48.0},{"not_picked":["FTL+1","ReplayGash","Conserve Battery"],"picked":"SKIP","floor":48.0},{"not_picked":["ReplayTheSpireMod:Repulse+1","Panic Button+1","Gash"],"picked":"SKIP","floor":48.0},{"not_picked":["ReplayTheSpireMod:Reroute Power+1","Rip and Tear","Undo+1"],"picked":"SKIP","floor":48.0},{"not_picked":["Fusion","Ball Lightning","Aggregate"],"picked":"SKIP","floor":52},{"not_picked":["Barrage","Recycle","ReplaySort"],"picked":"SKIP","floor":52},{"not_picked":["Consume","Compile Driver","Steam"],"picked":"SKIP","floor":52},{"not_picked":["BasicCrystalCard","FIFO Queue+1","Beam Cell"],"picked":"SKIP","floor":52},{"not_picked":["Panic Button","Redo"],"picked":"Defragment+1","floor":55},{"not_picked":["Redo","ReplayTheSpireMod:Dual Polarity"],"picked":"Chill","floor":55},{"not_picked":["Redo","Turbo","Barrage"],"picked":"SKIP","floor":55},{"not_picked":["Coolheaded","Streamline","BasicCrystalCard"],"picked":"SKIP","floor":55},{"not_picked":["Scrape","Leap","Hello World+1"],"picked":"SKIP","floor":56},{"not_picked":["Panic Button","Beam Cell","BasicCrystalCard"],"picked":"SKIP","floor":56},{"not_picked":["Defragment+1","Panic Button","Ball Lightning"],"picked":"SKIP","floor":56},{"not_picked":["Static Discharge+1","ReplaySort","ReplayTheSpireMod:Reroute Power"],"picked":"SKIP","floor":56},{"not_picked":["Rebound","Sweeping Beam"],"picked":"BootSequence","floor":58},{"not_picked":["Streamline","Echo Form+1","Leap"],"picked":"SKIP","floor":58},{"not_picked":["Skim","Static Discharge+1","Rebound"],"picked":"SKIP","floor":58},{"not_picked":["Sweeping Beam","Hologram","BasicCrystalCard"],"picked":"SKIP","floor":58}],"player_experience":1593895,"relics_obtained":[{"floor":9.0,"key":"Gremlin Horn"},{"floor":11.0,"key":"Replay:Mystery Machine"},{"floor":13.0,"key":"Frozen Egg 2"},{"floor":23.0,"key":"Replay:Accelerometer"},{"floor":26.0,"key":"DemoMod:AgedBell"},{"floor":43.0,"key":"ReplayTheSpireMod:Ninjato"}],"event_choices":[{"damage_healed":0.0,"max_hp_gain":0.0,"max_hp_loss":0.0,"gold_gain":0.0,"event_name":"Upgrade Shrine","player_choice":"Upgraded","floor":4.0,"gold_loss":0.0,"damage_taken":0.0,"cards_upgraded":["Loop"]},{"damage_healed":0,"gold_gain":0,"player_choice":"0 cards matched","damage_taken":0,"max_hp_gain":0,"max_hp_loss":0,"event_name":"Match and Keep!","floor":54,"gold_loss":0,"cards_obtained":[]}],"is_beta":false,"boss_relics":[{"not_picked":["Coffee Dripper","halation:CatFaceCupcake"],"picked":"ChewingGum"},{"not_picked":["halation:PlatinumPhoenix","SlaversCollar"],"picked":"beaked:SacredDeck"},{"not_picked":["Runic Dome","hubris:ScarierMask"],"picked":"halation:Prosthetics"}],"items_purged_floors":[45],"is_endless":true,"potions_floor_spawned":[8,11,16,18,21,25,29,37,39,41,55,58],"killed_by":"Blue Slaver","ascension_level":0}}