{"host":"y4fuci1jk2rsxnep","time":1613570396,"event":{"mods":["AchievementEnabler","BaseMod","Colored Powertips","Custom Start","Defuse TimeMaze Blight","Dio Mod","Downfall","Hermit","Hero for Fun","Hubris","Hunter ??","Infinite Spire","Minty Spire (QoL Compilation)","Quick Restart","Reliquary","Remove Card Discount Mod","Replay The Spire","StSLib","The Blackbeard","The Bug Knight","The Mystic","The Runesmith"],"gold_per_floor":[118,218,218,268,278,278,313,348,348,163,195,262,262,289,289,289,289],"floor_reached":16,"language":"ENG","playtime":1452,"items_purged":["hermit:Strike_Hermit"],"score":271,"play_id":"ecbf662c-8738-4fa5-be9e-ac88400a2a2a","local_time":"20210217145956","is_ascension_mode":true,"campfire_choices":[{"data":"hermit:Covet","floor":6,"key":"SMITH"},{"data":"hermit:ShadowCloak","floor":15,"key":"SMITH"}],"circlet_count":0,"master_deck":["hermit:Strike_Hermit","hermit:Strike_Hermit","hermit:Strike_Hermit","hermit:Defend_Hermit","hermit:Defend_Hermit","hermit:Defend_Hermit","hermit:Defend_Hermit","hermit:Snapshot","hermit:Covet+1","hermit:SprayPray","CurseOfTheBell","CurseOfTheBell","Looming Evil","hermit:DeadOrAlive","Voices","hubris:Compulsion","Normality","hermit:ShadowCloak+1","hermit:Manifest","hermit:HighCaliber+1","hubris:Disease","hermit:GhostlyPresence","hermit:Spite","hermit:Gestalt"],"relics":["hermit:Momento","downfall:ExtraCursedBell","Happy Flower","hubris:DeckOfHolding","hubris:Spice","hubris:Icosahedron","Ring of Greed","Replay:Wax Seal","reliquary:TuningFork","Lee\u0027s Waffle","hubris:Teleporter"],"acts_visited":["Exordium"],"potions_floor_usage":[12,16],"damage_taken":[{"damage":2,"enemies":"2 Louse","floor":1,"turns":3},{"damage":11,"enemies":"Jaw Worm","floor":5,"turns":4},{"damage":35,"enemies":"3 Sentries","floor":7,"turns":9},{"damage":6,"enemies":"Cultist","floor":8,"turns":3},{"damage":3,"enemies":"Blue Slaver","floor":11,"turns":2},{"damage":12,"enemies":"Lagavulin","floor":12,"turns":13},{"damage":0,"enemies":"Gremlin Gang","floor":14,"turns":5},{"damage":56,"enemies":"Slime Boss","floor":16,"turns":20}],"seed_played":"7583903102195537016","potions_obtained":[{"floor":1,"key":"AttackPotion"},{"floor":7,"key":"DistilledChaos"},{"floor":11,"key":"BlessingOfTheForge"},{"floor":14,"key":"SmokeBomb"}],"is_trial":false,"path_per_floor":["M","?","?","?","M","R","E","M","T","$","M","E","?","M","R","B"],"character_chosen":"HERMIT","items_purchased":["hermit:HighCaliber+1","Lee\u0027s Waffle"],"campfire_rested":0,"item_purchase_floors":[10,10],"current_hp_per_floor":[66,79,79,79,68,68,33,27,27,109,106,94,109,109,109,53,53],"gold":289,"neow_bonus":"TWENTY_PERCENT_HP_BONUS","is_daily":false,"chose_seed":false,"campfire_upgraded":2,"win_rate":0.0,"timestamp":1613570396,"path_taken":["M","?","?","?","M","R","E","?","T","$","M","E","?","?","R","BOSS"],"items_purchased_type":["Card","Relic"],"build_version":"2020-12-22","purchased_purges":1,"victory":false,"max_hp_per_floor":[89,102,102,102,102,102,102,102,102,109,109,109,109,109,109,109,109],"card_choices":[{"not_picked":["hermit:LowProfile","hermit:TrackingShot"],"picked":"hermit:SprayPray","floor":1},{"not_picked":["hermit:Manifest","hermit:Scavenge","hermit:LoneWolf"],"picked":"SKIP","floor":5},{"not_picked":["hermit:ItchyTrigger","hermit:Roulette"],"picked":"hermit:ShadowCloak","floor":7},{"not_picked":["hermit:LowProfile","hermit:HighCaliber"],"picked":"hermit:Manifest","floor":8},{"not_picked":["hermit:Ricochet","hermit:Coalescence"],"picked":"hermit:GhostlyPresence","floor":11},{"not_picked":["hermit:Snipe","hermit:Vantage"],"picked":"hermit:Spite","floor":12},{"not_picked":["hermit:LowProfile","hermit:Snipe"],"picked":"hermit:Gestalt","floor":14}],"player_experience":632932,"relics_obtained":[{"floor":2,"key":"Happy Flower"},{"floor":2,"key":"hubris:DeckOfHolding"},{"floor":2,"key":"hubris:Spice"},{"floor":4,"key":"Ring of Greed"},{"floor":4,"key":"Replay:Wax Seal"},{"floor":7,"key":"reliquary:TuningFork"},{"floor":12,"key":"hubris:Teleporter"}],"event_choices":[{"damage_healed":15,"gold_gain":0,"player_choice":"Full Heal","damage_taken":0,"max_hp_gain":0,"max_hp_loss":0,"event_name":"Wheel of Change","floor":13,"gold_loss":0}],"is_beta":false,"boss_relics":[],"items_purged_floors":[10],"is_endless":false,"potions_floor_spawned":[1,7,11,14],"killed_by":"Slime Boss","ascension_level":2}}