{"host":"smn2tb46ysgs1sad","time":1613603316,"event":{"mods":["AchievementEnabler","Aspiration","BaseMod","Colored Powertips","Downfall","Hermit","Minty Spire (QoL Compilation)","Reliquary","Replay The Spire","StSLib","The Cursed","The Disciple","The Hierophant"],"gold_per_floor":[95,108,108,120,137,137,162,162,162,162,167,229,275,338,338,334,334],"floor_reached":16,"language":"ENG","playtime":497,"items_purged":[],"score":106,"play_id":"c618baf0-56b5-4420-9977-fec7ceeb57e6","local_time":"20210217150836","is_ascension_mode":false,"campfire_choices":[{"floor":6,"key":"REST"},{"data":"hierophant:Kindle","floor":8,"key":"SMITH"},{"floor":15,"key":"REST"}],"circlet_count":0,"master_deck":["hierophant:Strike_Hierophant","hierophant:Strike_Hierophant","hierophant:Strike_Hierophant","hierophant:Strike_Hierophant","hierophant:Punish","hierophant:Defend_Hierophant","hierophant:Defend_Hierophant","hierophant:Defend_Hierophant","hierophant:Defend_Hierophant","hierophant:ChurchCoffers","hierophant:HolyVerse","hierophant:SealAway","hierophant:HolyVerse","hierophant:Doubloon","hierophant:Refuge","hierophant:Kindle+1","Parasite","hierophant:SecretStash","hierophant:Glossolalia","hierophant:RustyCrate","hierophant:Doubloon","hierophant:Doubloon","hierophant:OrnateBuckler"],"relics":["hierophant:PropheticMaskRelic","Mummified Hand","reliquary:BoilingFlask"],"acts_visited":["Exordium"],"potions_floor_usage":[],"damage_taken":[{"damage":1,"enemies":"Jaw Worm","floor":1,"turns":3},{"damage":1,"enemies":"Cultist","floor":2,"turns":3},{"damage":10,"enemies":"Small Slimes","floor":4,"turns":3},{"damage":16,"enemies":"Blue Slaver","floor":5,"turns":4},{"damage":4,"enemies":"Gremlin Gang","floor":7,"turns":2},{"damage":10,"enemies":"Looter","floor":11,"turns":2},{"damage":35,"enemies":"3 Sentries","floor":12,"turns":8},{"damage":6,"enemies":"2 Fungi Beasts","floor":13,"turns":5},{"damage":12,"enemies":"Blue Slaver","floor":14,"turns":3},{"damage":31,"enemies":"Slime Boss","floor":16,"turns":6}],"seed_played":"-3441092921209680035","potions_obtained":[{"floor":5,"key":"sneckomod:MuddlingPotion"},{"floor":7,"key":"BlessingOfTheForge"},{"floor":12,"key":"Dexterity Potion"}],"is_trial":false,"path_per_floor":["M","M","?","M","M","R","M","R","T","?","M","E","M","M","R","B"],"character_chosen":"HIEROPHANT","items_purchased":[],"campfire_rested":2,"item_purchase_floors":[],"current_hp_per_floor":[74,73,78,68,52,76,72,72,72,72,62,27,21,9,33,2,2],"gold":334,"neow_bonus":"THREE_CARDS","is_daily":false,"chose_seed":false,"campfire_upgraded":1,"win_rate":0.0,"timestamp":1613603316,"path_taken":["M","M","?","M","M","R","M","R","T","?","M","E","M","M","R","BOSS"],"items_purchased_type":[],"build_version":"2020-12-22","purchased_purges":0,"victory":false,"max_hp_per_floor":[75,75,80,80,80,80,80,80,80,80,80,80,80,80,80,80,80],"card_choices":[{"not_picked":["hierophant:Encroach","hierophant:FieryStrike"],"picked":"hierophant:HolyVerse","floor":0},{"not_picked":["hierophant:FieryStrike","hierophant:AuricBeam"],"picked":"hierophant:SealAway","floor":1},{"not_picked":["hierophant:Doubloon","hierophant:SealAway"],"picked":"hierophant:HolyVerse","floor":2},{"not_picked":["hierophant:SealAway","hierophant:FlamingChariot"],"picked":"hierophant:Refuge","floor":4},{"not_picked":["hierophant:Shelter","hierophant:Martyrdom","hierophant:ThreeLashes"],"picked":"SKIP","floor":5},{"not_picked":["hierophant:PristineSoul","hierophant:FaithHealing"],"picked":"hierophant:Kindle","floor":7},{"not_picked":["hierophant:Blessing","hierophant:ConvertCurrency"],"picked":"hierophant:SecretStash","floor":11},{"not_picked":["hierophant:Invocation","hierophant:OrnateBuckler"],"picked":"hierophant:Glossolalia","floor":12},{"not_picked":["hierophant:Rebuild","hierophant:Upheaval"],"picked":"hierophant:RustyCrate","floor":13},{"not_picked":["hierophant:MorningPrayer","hierophant:HammerAndAnvil"],"picked":"hierophant:OrnateBuckler","floor":14}],"player_experience":199060,"relics_obtained":[{"floor":9,"key":"Mummified Hand"},{"floor":12,"key":"reliquary:BoilingFlask"}],"event_choices":[{"damage_healed":0,"gold_gain":0,"player_choice":"Donut","damage_taken":0,"max_hp_gain":5,"max_hp_loss":0,"event_name":"Big Fish","floor":3,"gold_loss":0}],"is_beta":false,"boss_relics":[],"items_purged_floors":[],"is_endless":false,"potions_floor_spawned":[5,7,12,13],"killed_by":"Slime Boss","ascension_level":0}}