{"host":"t4313i2190y6fz3q","time":1613522220,"event":{"mods":["2.2 Compatiblity","AchievementEnabler","Act Like it!","BaseMod","Colored Powertips","Minty Spire (QoL Compilation)","Permanent Neow","Quick Restart","Rare Cards Sparkle","StSLib"],"gold_per_floor":[113,126,141,157,157,191,191,223,223,249,249,249,260,271,271,350,350,365,365,380,1,1,1,31,31,57,94,94,94,135,156,156,156,156],"floor_reached":33,"language":"ENG","playtime":1062,"items_purged":["Defend_B"],"score":549,"play_id":"c9f5583b-2384-473f-bf9d-da28af91e88b","local_time":"20210216163700","is_ascension_mode":true,"campfire_choices":[{"data":"Zap","floor":7.0,"key":"SMITH"},{"data":"Rip and Tear","floor":11.0,"key":"SMITH"},{"data":"Go for the Eyes","floor":15.0,"key":"SMITH"},{"data":"Biased Cognition","floor":23.0,"key":"SMITH"},{"data":"Dualcast","floor":25.0,"key":"SMITH"},{"data":"Hologram","floor":29.0,"key":"SMITH"},{"floor":32,"key":"DIG"}],"circlet_count":0,"master_deck":["AscendersBane","Strike_B+1","Strike_B+1","Zap+1","Dualcast+1","BootSequence","Steam","Go for the Eyes+1","Glacier","Ball Lightning","Rip and Tear+1","Conserve Battery","Sweeping Beam","Cold Snap","Sweeping Beam","Biased Cognition+1","Compile Driver+1","Gash+1","Rainbow+1","FTL","Rebound+1","Hologram+1","Static Discharge","Lockon+1"],"relics":["Cracked Core","Kunai","Cables","TungstenRod","Du-Vu Doll","Astrolabe","Ice Cream","Toy Ornithopter","CeramicFish","Molten Egg 2","Shovel","Bronze Scales"],"acts_visited":["Exordium","TheCity"],"potions_floor_usage":[30],"damage_taken":[{"damage":0.0,"enemies":"2 Louse","floor":1.0,"turns":2.0},{"damage":2.0,"enemies":"Jaw Worm","floor":2.0,"turns":3.0},{"damage":0.0,"enemies":"Small Slimes","floor":3.0,"turns":3.0},{"damage":0.0,"enemies":"Looter","floor":4.0,"turns":5.0},{"damage":25.0,"enemies":"3 Sentries","floor":6.0,"turns":7.0},{"damage":8.0,"enemies":"Lagavulin","floor":8.0,"turns":5.0},{"damage":3.0,"enemies":"3 Sentries","floor":10.0,"turns":6.0},{"damage":0.0,"enemies":"Exordium Thugs","floor":13.0,"turns":2.0},{"damage":0.0,"enemies":"2 Fungi Beasts","floor":14.0,"turns":2.0},{"damage":5.0,"enemies":"Hexaghost","floor":16.0,"turns":11.0},{"damage":0.0,"enemies":"3 Byrds","floor":18.0,"turns":4.0},{"damage":0.0,"enemies":"Spheric Guardian","floor":20.0,"turns":2.0},{"damage":8.0,"enemies":"Book of Stabbing","floor":24.0,"turns":5.0},{"damage":1.0,"enemies":"Gremlin Leader","floor":27.0,"turns":4.0},{"damage":11,"enemies":"Book of Stabbing","floor":30,"turns":4},{"damage":0,"enemies":"Centurion and Healer","floor":31,"turns":5},{"damage":40,"enemies":"Collector","floor":33,"turns":6}],"seed_played":"2621888857175867671","potions_obtained":[{"floor":1.0,"key":"EssenceOfSteel"},{"floor":2.0,"key":"AttackPotion"},{"floor":6.0,"key":"Strength Potion"},{"floor":8.0,"key":"FearPotion"},{"floor":18.0,"key":"Block Potion"},{"floor":24.0,"key":"PowerPotion"}],"is_trial":false,"path_per_floor":["M","M","M","M","?","E","R","E","T","E","R","?","M","M","R","B",null,"M","?","M","$","?","R","E","R","T","E","?","R","E","M","R","B"],"character_chosen":"DEFECT","items_purchased":["Ice Cream"],"campfire_rested":0,"item_purchase_floors":[21],"current_hp_per_floor":[64,62,62,62,67,42,42,34,34,31,31,17,17,17,17,12,60,60,60,60,60,47,47,39,39,39,43,43,43,37,37,37,0,0],"gold":156,"neow_bonus":"TRANSFORM_CARD","is_daily":false,"chose_seed":false,"campfire_upgraded":6,"win_rate":0.0,"timestamp":1613522220,"path_taken":["M","M","M","M","?","E","R","E","T","E","R","?","M","M","R","BOSS","M","?","M","$","?","R","E","R","T","E","?","R","E","M","R","BOSS"],"items_purchased_type":["Relic"],"build_version":"2020-12-22","purchased_purges":1,"victory":false,"max_hp_per_floor":[71,71,71,71,76,76,76,76,76,76,76,76,76,76,76,76,76,76,76,76,76,81,81,81,81,81,81,81,81,81,81,81,81,81],"card_choices":[{"not_picked":["Undo","Blizzard"],"picked":"Steam","floor":1.0},{"not_picked":["Fusion","Tempest"],"picked":"Go for the Eyes","floor":2.0},{"not_picked":["Auto Shields","Streamline"],"picked":"Glacier","floor":3.0},{"not_picked":["Glacier","Doom and Gloom"],"picked":"Ball Lightning","floor":4.0},{"not_picked":["Turbo","Streamline"],"picked":"Rip and Tear","floor":6.0},{"not_picked":["BootSequence","Self Repair"],"picked":"Conserve Battery","floor":8.0},{"not_picked":["Leap","Steam"],"picked":"Sweeping Beam","floor":10.0},{"not_picked":["Go for the Eyes","Double Energy"],"picked":"Cold Snap","floor":13.0},{"not_picked":["Coolheaded","Compile Driver"],"picked":"Sweeping Beam","floor":14.0},{"not_picked":["Rainbow","Amplify"],"picked":"Biased Cognition","floor":16.0},{"not_picked":["Redo","Go for the Eyes","Coolheaded"],"picked":"SKIP","floor":18.0},{"not_picked":["Tempest","Skim"],"picked":"FTL","floor":20.0},{"not_picked":["Compile Driver+1","Tempest"],"picked":"Rebound+1","floor":24.0},{"not_picked":["Rebound+1","Consume"],"picked":"Hologram","floor":27.0},{"not_picked":["Go for the Eyes+1","Multi-Cast"],"picked":"Static Discharge","floor":30},{"not_picked":["Static Discharge","Storm"],"picked":"Lockon+1","floor":31}],"player_experience":198815,"relics_obtained":[{"floor":6.0,"key":"Kunai"},{"floor":8.0,"key":"Cables"},{"floor":9.0,"key":"TungstenRod"},{"floor":10.0,"key":"Du-Vu Doll"},{"floor":24.0,"key":"Toy Ornithopter"},{"floor":26.0,"key":"CeramicFish"},{"floor":27.0,"key":"Molten Egg 2"},{"floor":30,"key":"Shovel"},{"floor":32,"key":"Bronze Scales"}],"event_choices":[{"damage_healed":0.0,"max_hp_gain":5.0,"max_hp_loss":0.0,"gold_gain":0.0,"event_name":"Big Fish","player_choice":"Donut","floor":5.0,"gold_loss":0.0,"damage_taken":0.0},{"damage_healed":0.0,"max_hp_gain":0.0,"max_hp_loss":0.0,"gold_gain":0.0,"event_name":"Shining Light","player_choice":"Entered Light","floor":12.0,"gold_loss":0.0,"damage_taken":15.0,"cards_upgraded":["Strike_B","Strike_B"]},{"cards_removed":["Defend_B"],"damage_healed":0.0,"max_hp_gain":0.0,"max_hp_loss":0.0,"gold_gain":0.0,"event_name":"Back to Basics","player_choice":"Elegance","floor":19.0,"gold_loss":0.0,"damage_taken":0.0},{"damage_healed":0.0,"max_hp_gain":5.0,"max_hp_loss":0.0,"gold_gain":0.0,"event_name":"Forgotten Altar","player_choice":"Shed Blood","floor":22.0,"gold_loss":0.0,"damage_taken":19.0},{"damage_healed":0.0,"max_hp_gain":0.0,"max_hp_loss":0.0,"gold_gain":0.0,"event_name":"Vampires","player_choice":"Ignored","floor":28.0,"gold_loss":0.0,"damage_taken":0.0}],"is_beta":false,"boss_relics":[{"not_picked":["SacredBark","Busted Crown"],"picked":"Astrolabe"}],"items_purged_floors":[21],"is_endless":false,"potions_floor_spawned":[1,2,4,6,8,18,24],"killed_by":"Collector","ascension_level":14}}