{"host":"CottonTail234","time":1613531777,"event":{"mods":["BaseMod","Colored Map","Minty Spire (QoL Compilation)","StSLib"],"gold_per_floor":[113,113,113,65,65,65,105,105,155,169,182,182,226,242,242,337,337,355,355,370,2,23,23,23,23],"floor_reached":24,"language":"ENG","playtime":726,"items_purged":[],"score":389,"play_id":"f490f79c-8e00-4c11-a082-c3a8a0b0d02c","local_time":"20210216201617","is_ascension_mode":true,"campfire_choices":[{"data":"Eruption","floor":6,"key":"SMITH"},{"data":"WaveOfTheHand","floor":8,"key":"SMITH"},{"data":"SashWhip","floor":12,"key":"SMITH"},{"floor":15,"key":"REST"},{"floor":23,"key":"REST"}],"circlet_count":0,"master_deck":["AscendersBane","Strike_P","Strike_P","Strike_P","Strike_P","Defend_P","Defend_P","Defend_P","Eruption+1","Vigilance","BowlingBash","SashWhip+1","WaveOfTheHand+1","Crescendo","ThirdEye","FlurryOfBlows","Scrawl","Tantrum","FlurryOfBlows","Evaluate","Meditate+1"],"relics":["PureWater","NeowsBlessing","Golden Idol","Bag of Preparation","Ancient Tea Set","Orichalcum","Shuriken","Philosopher\u0027s Stone","Nilry\u0027s Codex","Calipers"],"acts_visited":["Exordium","TheCity"],"potions_floor_usage":[13,16,22],"damage_taken":[{"damage":0,"enemies":"Small Slimes","floor":1,"turns":2},{"damage":0,"enemies":"Gremlin Nob","floor":7,"turns":1},{"damage":0,"enemies":"Jaw Worm","floor":10,"turns":1},{"damage":0,"enemies":"2 Louse","floor":11,"turns":2},{"damage":24,"enemies":"Lagavulin","floor":13,"turns":4},{"damage":23,"enemies":"Exordium Thugs","floor":14,"turns":3},{"damage":12,"enemies":"Hexaghost","floor":16,"turns":7},{"damage":12,"enemies":"2 Thieves","floor":18,"turns":4},{"damage":0,"enemies":"3 Byrds","floor":20,"turns":3},{"damage":19,"enemies":"Snake Plant","floor":22,"turns":5},{"damage":0,"enemies":"Gremlin Leader","floor":24,"turns":1}],"seed_played":"-8365167817030897650","potions_obtained":[{"floor":1,"key":"LiquidBronze"},{"floor":7,"key":"ColorlessPotion"},{"floor":13,"key":"PowerPotion"}],"is_trial":false,"path_per_floor":["M","?","?","$","?","R","E","R","T","M","M","R","E","M","R","B",null,"M","?","M","$","M","R","E"],"character_chosen":"WATCHER","items_purchased":["SashWhip","Calipers","Evaluate"],"campfire_rested":2,"item_purchase_floors":[4,21,21],"current_hp_per_floor":[61,54,54,54,51,51,51,51,51,51,51,51,27,4,22,10,50,38,22,22,22,3,21,21,21],"gold":23,"neow_bonus":"THREE_ENEMY_KILL","is_daily":false,"chose_seed":false,"campfire_upgraded":3,"win_rate":0.0,"timestamp":1613531777,"path_taken":["M","?","?","?","?","R","E","R","T","M","?","R","E","M","R","BOSS","M","?","M","$","M","R","E"],"items_purchased_type":["Card","Relic","Card"],"build_version":"2020-12-18","purchased_purges":0,"victory":false,"max_hp_per_floor":[68,68,63,63,63,63,63,63,63,63,63,63,63,63,63,63,63,63,63,63,63,63,63,63,63],"card_choices":[{"not_picked":["FlyingSleeves","CrushJoints"],"picked":"BowlingBash","floor":1},{"not_picked":["ReachHeaven","ThirdEye"],"picked":"WaveOfTheHand","floor":7},{"not_picked":["Consecrate","Protect"],"picked":"Crescendo","floor":10},{"not_picked":["BowlingBash","Protect"],"picked":"ThirdEye","floor":11},{"not_picked":["CutThroughFate","Study","Perseverance"],"picked":"SKIP","floor":13},{"not_picked":["SashWhip","Wallop"],"picked":"FlurryOfBlows","floor":14},{"not_picked":["DevaForm","Devotion"],"picked":"Scrawl","floor":16},{"not_picked":["Halt","EmptyBody"],"picked":"Tantrum","floor":18},{"not_picked":["EmptyBody","ThirdEye"],"picked":"FlurryOfBlows","floor":20},{"not_picked":["BowlingBash","WaveOfTheHand"],"picked":"Meditate+1","floor":22}],"player_experience":2199476,"relics_obtained":[{"floor":7,"key":"Ancient Tea Set"},{"floor":9,"key":"Orichalcum"},{"floor":13,"key":"Shuriken"},{"floor":19,"key":"Nilry\u0027s Codex"}],"event_choices":[{"cards_removed":["Defend_P"],"damage_healed":0,"gold_gain":0,"player_choice":"Card Removal","damage_taken":7,"max_hp_gain":0,"max_hp_loss":0,"event_name":"Golden Wing","floor":2,"gold_loss":0},{"damage_healed":0,"gold_gain":0,"player_choice":"Lose Max HP","damage_taken":0,"relics_obtained":["Golden Idol"],"max_hp_gain":0,"max_hp_loss":5,"event_name":"Golden Idol","floor":3,"gold_loss":0},{"damage_healed":0,"gold_gain":0,"player_choice":"Success","damage_taken":3,"relics_obtained":["Bag of Preparation"],"max_hp_gain":0,"max_hp_loss":0,"event_name":"Scrap Ooze","floor":5,"gold_loss":0},{"damage_healed":0,"gold_gain":0,"player_choice":"Obtained Book","damage_taken":16,"max_hp_gain":0,"max_hp_loss":0,"event_name":"Cursed Tome","floor":19,"gold_loss":0}],"is_beta":true,"boss_relics":[{"not_picked":["Calling Bell","SlaversCollar"],"picked":"Philosopher\u0027s Stone"}],"items_purged_floors":[],"is_endless":false,"potions_floor_spawned":[1,7,13],"killed_by":"Gremlin Leader","ascension_level":14}}