{"host":"iwx63wjdqe91ab4t","time":1613596456,"event":{"mods":["AchievementEnabler","Act Like it!","Aspiration","BaseMod","BetterRewards","Downfall","Friendly Minions","Hermit","Hubris","Infinite Spire","Jorbs\u0027s Wanderer Trilogy","Marisa????????","Mimic Mod","Minty Spire (QoL Compilation)","Quick Restart","Reliquary","Replay The Spire","StSLib","The Bug Knight","The Construct","The Cursed","The Disciple","The Hierophant","The Jungle","The Necromancer","The Runesmith","The Servant 0.9.4"],"gold_per_floor":[99,99,99,111,128,145,145,165,177,33,48,33,33,61,81,131,131,131],"floor_reached":16,"language":"ENG","playtime":1370,"items_purged":["Languid"],"score":104,"play_id":"d087780a-2a45-4ed6-8455-8f7dc3ba58cb","local_time":"20210217151416","is_ascension_mode":false,"campfire_choices":[{"data":"champ:SteelEdge","floor":1,"key":"SMITH"},{"data":"champ:Circumvent","floor":13,"key":"SMITH"}],"circlet_count":0,"master_deck":["champ:Strike","champ:Strike","champ:Defend","champ:Defend","champ:Defend","champ:Execute","champ:Taunt","champ:SteelEdge+1","champ:Encircle","champ:GutPunch","champ:BerserkersShout","champ:RecklessLeap","champ:StanceDance","champ:Parry","champ:Parry","champ:Circumvent+1","champ:ShieldThrow","champ:CheapShot","champ:FlashCut"],"relics":["champ:ChampionCrown","ReplayTheSpireMod:TigerMarble","Garlic","hubris:MobiusCoin"],"acts_visited":["Exordium"],"potions_floor_usage":[6,12,15],"damage_taken":[{"damage":29,"enemies":"Cultist","floor":4,"turns":5},{"damage":34,"enemies":"Jaw Worm","floor":5,"turns":7},{"damage":0,"enemies":"infinitespire:Voidling","floor":6,"turns":1},{"damage":20,"enemies":"Blue Slaver","floor":8,"turns":3},{"damage":35,"enemies":"Exordium Wildlife","floor":9,"turns":5},{"damage":50,"enemies":"downfall:FleeingMerchant","floor":10,"turns":5},{"damage":9,"enemies":"Large Slime","floor":11,"turns":2},{"damage":20,"enemies":"downfall:FleeingMerchant","floor":12,"turns":4},{"damage":33,"enemies":"HollowMod:MossKnight","floor":14,"turns":4},{"damage":14,"enemies":"Blue Slaver","floor":15,"turns":2},{"damage":44,"enemies":"WA_ARCHETYPE_RETAIN","floor":16,"turns":6}],"seed_played":"3447416405329565860","potions_obtained":[{"floor":5,"key":"Explosive Potion"},{"floor":11,"key":"BlessingOfTheForge"},{"floor":14,"key":"PowerPotion"}],"is_trial":false,"path_per_floor":["R","?","?","M","M","M","T","M","M","$","M","$","R","E","M","B"],"character_chosen":"THE_CHAMP","items_purchased":["champ:Parry"],"campfire_rested":0,"item_purchase_floors":[10],"current_hp_per_floor":[90,78,78,69,65,65,65,55,55,55,46,41,41,33,29,0,0,0],"gold":131,"neow_bonus":"ONE_RANDOM_RARE_CARD","is_daily":false,"chose_seed":false,"campfire_upgraded":2,"win_rate":0.0,"timestamp":1613596456,"path_taken":["R","?","?","M","M","?","T","M","M","$","M","$","R","E","M","BOSS"],"items_purchased_type":["Card"],"build_version":"2020-12-22","purchased_purges":1,"victory":false,"max_hp_per_floor":[90,90,90,90,90,90,90,90,90,90,90,90,90,90,90,90,90,90],"card_choices":[{"not_picked":["champ:BringItOn","champ:FanOfKnives"],"picked":"champ:Encircle","floor":4},{"not_picked":["champ:EnGarde","champ:Circumvent"],"picked":"champ:GutPunch","floor":5},{"not_picked":["champ:EndlessRage","champ:DefensiveShout"],"picked":"champ:BerserkersShout","floor":6},{"not_picked":["champ:EndlessRage","champ:PreemptiveStrike"],"picked":"champ:RecklessLeap","floor":8},{"not_picked":["champ:AdrenalArmor","champ:HeavySlash"],"picked":"champ:StanceDance","floor":9},{"not_picked":["champ:BerserkersShout","champ:AdrenalArmor","champ:CrookedStrike"],"picked":"SKIP","floor":10},{"not_picked":["champ:Shatter","champ:DeathBlow"],"picked":"champ:Circumvent","floor":11},{"not_picked":["champ:PreciseThrust","champ:Parry"],"picked":"champ:ShieldThrow","floor":12},{"not_picked":["champ:EnGarde","champ:ViciousMockery"],"picked":"champ:CheapShot","floor":14},{"not_picked":["champ:IronFortress","champ:Shatter"],"picked":"champ:FlashCut","floor":15}],"player_experience":299510,"relics_obtained":[{"floor":7,"key":"Garlic"},{"floor":14,"key":"hubris:MobiusCoin"}],"event_choices":[{"damage_healed":0,"gold_gain":0,"player_choice":"Success","damage_taken":12,"relics_obtained":["ReplayTheSpireMod:TigerMarble"],"max_hp_gain":0,"max_hp_loss":0,"event_name":"Scrap Ooze","floor":2,"gold_loss":0}],"is_beta":false,"boss_relics":[],"items_purged_floors":[10],"is_endless":false,"potions_floor_spawned":[5,11,14],"killed_by":"WA_ARCHETYPE_RETAIN","ascension_level":0}}