{"host":"51qmnr9isyv85d0p","time":1613546261,"event":{"mods":["AchievementEnabler","BaseMod","Colored Map","Colored Powertips","Curses Come First","Downfall","Minty Spire (QoL Compilation)","Red Circlet Mod","Relic Stats","Replay The Spire","StSLib","TestMod"],"gold_per_floor":[99,112,96236,96428,96428,96428,96428,96459,96043,96062,96062,96062,96062,96093,96093,96105,96126,96224,96224,96224,96224,96224,96224,96224,96224,96251,96281,96302,96002,96013,96013,96013,95043,95067,95176,95176,95176,95194,95214,95214,95267,95667,95693,95709,95731,95767,94633,94654,93820,93853,93871,93880,93880,93916,93205,93205,93214,93222],"floor_reached":59,"language":"ZHS","playtime":1912,"items_purged":["champ:Defend","champ:Defend","champ:Defend","downfall:Bewildered","Delirium","Clumsy"],"score":1945,"play_id":"0579f1a4-3d2f-4dd7-bb36-6cf15edfbf29","local_time":"20210217151741","is_ascension_mode":true,"campfire_choices":[{"data":"champ:Strike","floor":1,"key":"SMITH"},{"data":"champ:PerfectedStrike","floor":15,"key":"SMITH"},{"floor":20,"key":"RECALL"},{"data":"champ:RapidStrikes","floor":29,"key":"SMITH"},{"data":"champ:RapidStrikes","floor":32,"key":"SMITH"},{"data":"champ:TripleStrike","floor":37,"key":"SMITH"},{"data":"Swift Strike","floor":37,"key":"SMITH"},{"data":"champ:RapidStrikes","floor":56,"key":"SMITH"},{"data":"champ:RapidStrikes","floor":56,"key":"SMITH"}],"circlet_count":0,"master_deck":["champ:Strike","champ:Strike","champ:Strike","champ:Strike+1","champ:Execute","champ:Taunt","champ:BerserkerStyle","champ:LastStand","champ:RapidStrikes+1","champ:PerfectedStrike+1","champ:RapidStrikes+1","champ:BerserkersShout","Swift Strike+1","champ:FocusedBerserking","champ:CalledShot","champ:StanceDance","champ:VampiricStrike","champ:PerfectedStrike+1","champ:FlashCut+1","RitualDagger+1","champ:RageSigil","champ:DefensiveStyle","champ:ShieldSigil+1","champ:TripleStrike+1","champ:RapidStrikes+1","champ:SwordSigil+1","Replay:SS_hec_1","champ:RapidStrikes+1","champ:ArenaPreparation+1","champ:TripleStrike","champ:FlashCut","champ:ArenaPreparation","champ:RapidStrikes+1","champ:ArenaPreparation"],"relics":["champ:ChampionCrown","testmod-HeartOfStrike","Dream Catcher","testmod-Nyarlathotep","ReplayFunnel","testmod-EqualTreatment","Onion Ring","testmod-Acrobat","Nunchaku","Toolbox","Snack Pack","Coffee Dripper","Lantern","Enchiridion","Blood Vial","downfall:HeartBlessingRed","downfall:HeartBlessingGreen","downfall:HeartBlessingBlue","Replay:Arrowhead","Potion Belt","Sling","Replay:Ancient Bell","Guardian:PocketSentry","Matryoshka","Girya","testmod-BouquetWithThorns","Strawberry","Oddly Smooth Stone","MealTicket","PreservedInsect","Replay:Multitool","bronze:DonusWashers","Counterbalance","hexamod:BolsterEngine","TheAbacus","Garlic","ReplayTheSpireMod:Lightbulb","champ:FightingForDummies","testmod-Hope","BargainBundle"],"acts_visited":["Exordium","TheCity","TheBeyond","TheEnding"],"potions_floor_usage":[9,27,35,46,58,58,58,58],"damage_taken":[{"damage":0,"enemies":"Cultist","floor":2,"turns":2},{"damage":32,"enemies":"downfall:FleeingMerchant","floor":3,"turns":4},{"damage":0,"enemies":"Gremlin Nob","floor":8,"turns":2},{"damage":0,"enemies":"downfall:FleeingMerchant","floor":9,"turns":2},{"damage":0,"enemies":"Small Slimes","floor":10,"turns":1},{"damage":0,"enemies":"3 Sentries","floor":14,"turns":2},{"damage":0,"enemies":"Jaw Worm","floor":16,"turns":1},{"damage":0,"enemies":"Large Slime","floor":17,"turns":1},{"damage":5,"enemies":"SI_SHIV_ARCHETYPE","floor":18,"turns":2},{"damage":0,"enemies":"Chosen","floor":21,"turns":1},{"damage":35,"enemies":"Gremlin Leader","floor":27,"turns":1},{"damage":16,"enemies":"Shell Parasite","floor":28,"turns":2},{"damage":0,"enemies":"3 Cultists","floor":30,"turns":1},{"damage":0,"enemies":"Centurion and Healer","floor":34,"turns":2},{"damage":21,"enemies":"DF_ARCHETYPE_CLAW","floor":35,"turns":2},{"damage":0,"enemies":"3 Shapes","floor":38,"turns":1},{"damage":0,"enemies":"3 Darklings","floor":39,"turns":1},{"damage":7,"enemies":"2 Orb Walkers","floor":41,"turns":1},{"damage":5,"enemies":"Spire Growth","floor":44,"turns":2},{"damage":25,"enemies":"Transient","floor":45,"turns":4},{"damage":14,"enemies":"R_Hoarder","floor":46,"turns":2},{"damage":15,"enemies":"Jaw Worm Horde","floor":48,"turns":1},{"damage":37,"enemies":"Nemesis","floor":50,"turns":1},{"damage":50,"enemies":"Sphere and 2 Shapes","floor":51,"turns":1},{"damage":29,"enemies":"IC_BLOCK_ARCHETYPE","floor":52,"turns":2},{"damage":0,"enemies":"downfall:CharBossMerchant","floor":54,"turns":1},{"damage":112,"enemies":"downfall:NeowBoss","floor":57,"turns":3},{"damage":52,"enemies":"downfall:NeowBossFinal","floor":58,"turns":4}],"seed_played":"-4739889698439749211","potions_obtained":[{"floor":2,"key":"DuplicationPotion"},{"floor":14,"key":"Energy Potion"},{"floor":18,"key":"champ:TechniquePotion"},{"floor":27,"key":"bronze:BurnAndBuffPotion"},{"floor":31,"key":"CultistPotion"},{"floor":45,"key":"Explosive Potion"},{"floor":46,"key":"Elixir"}],"is_trial":false,"path_per_floor":["R","M","$","?","?","?","T","E","$","M","PTL","PTL","?","E","R","M","M","B",null,"R","M","?","?","?","?","T","E","M","R","M","?","R","$","M","B",null,"R","M","M","?","?","?","T","M","M","E","$","M","$","E","M","B",null,"E","$","R","B","B",null],"character_chosen":"THE_CHAMP","items_purchased":["Dream Catcher","testmod-Nyarlathotep","LiquidMemories","Doom Potion","champ:RapidStrikes","testmod-Acrobat","Nunchaku","Toolbox","Swift Strike","champ:FocusedBerserking","Fire Potion","Replay:Arrowhead","Potion Belt","Sling","champ:OpenerPotion","BlessingOfTheForge","champ:RageSigil","champ:DefensiveStyle","PreservedInsect","Replay:Multitool","bronze:DonusWashers","champ:TripleStrike","champ:FlashCut","testmod-TimePotion","Flashbang","Counterbalance","hexamod:BolsterEngine","TheAbacus","champ:ArenaPreparation","champ:FightingForDummies","testmod-Hope","BargainBundle","champ:ArenaPreparation"],"campfire_rested":0,"item_purchase_floors":[3,3,3,3,3,9,9,9,9,9,9,33,33,33,33,33,33,33,47,47,47,47,47,47,47,49,49,49,49,55,55,55,55],"current_hp_per_floor":[99,99,94,55,48,48,48,48,48,48,48,48,48,48,48,48,50,50,87,87,87,87,87,87,71,71,73,74,84,86,86,86,86,90,95,106,106,108,109,109,109,109,116,116,116,116,116,116,116,116,116,116,116,116,116,116,116,109],"gold":93222,"neow_bonus":"TEN_PERCENT_HP_BONUS","is_daily":false,"chose_seed":false,"campfire_upgraded":8,"win_rate":0.0,"timestamp":1613546261,"path_taken":["R","M","$","?","?","?","T","E","$","M","PTL","PTL","?","E","R","?","M","BOSS","R","M","?","?","?","?","T","E","M","R","M","?","R","$","M","BOSS","R","M","M","?","?","?","T","?","M","E","?","M","$","E","M","BOSS","E","$","R","BOSS","BOSS"],"items_purchased_type":["Relic","Relic","Potion","Potion","Card","Relic","Relic","Relic","Card","Card","Potion","Relic","Relic","Relic","Potion","Potion","Card","Card","Relic","Relic","Relic","Card","Card","Potion","Potion","Relic","Relic","Relic","Card","Relic","Relic","Relic","Card"],"build_version":"2020-12-22","purchased_purges":6,"victory":true,"max_hp_per_floor":[99,99,99,99,99,99,99,99,99,99,99,99,99,99,99,99,99,99,99,99,99,99,99,99,99,99,99,99,109,109,109,109,109,109,109,109,109,109,109,109,109,109,116,116,116,116,116,116,116,116,116,116,116,116,116,116,116,116],"relic_stats":{"Blood Vial":11,"Dream Catcher":0,"Nunchaku":[10],"TheAbacus":[0],"counters":[28,50],"MealTicket":0,"PreservedInsect":122,"obtain_stats":[{"ReplayFunnel":5,"testmod-HeartOfStrike":0,"Lantern":22,"testmod-EqualTreatment":7,"Enchiridion":25,"champ:ChampionCrown":0,"downfall:HeartBlessingGreen":29,"Replay:Multitool":47,"testmod-Nyarlathotep":3,"Sling":33,"testmod-BouquetWithThorns":41,"Blood Vial":27,"Dream Catcher":3,"Nunchaku":9,"downfall:BrokenWingStatue":13,"Matryoshka":36,"TheAbacus":49,"DollysMirror":23,"downfall:HeartBlessingBlue":29,"Strawberry":43,"Toolbox":9,"MealTicket":46,"champ:FightingForDummies":55,"Potion Belt":33,"Girya":36,"bronze:DonusWashers":47,"BargainBundle":55,"testmod-TestBox":0,"downfall:HeartBlessingRed":29,"Counterbalance":49,"Oddly Smooth Stone":43,"PreservedInsect":47,"Replay:Ancient Bell":36,"Guardian:PocketSentry":36,"Replay:Arrowhead":33,"testmod-Acrobat":9,"testmod-Hope":55,"Onion Ring":8,"Snack Pack":14,"Coffee Dripper":19,"Garlic":50,"hexamod:BolsterEngine":49,"ReplayTheSpireMod:Lightbulb":54},{"ReplayFunnel":2,"testmod-HeartOfStrike":0,"Lantern":10,"testmod-EqualTreatment":2,"Enchiridion":10,"champ:ChampionCrown":0,"downfall:HeartBlessingGreen":12,"Replay:Multitool":21,"testmod-Nyarlathotep":2,"Sling":13,"testmod-BouquetWithThorns":18,"Blood Vial":11,"Dream Catcher":2,"Nunchaku":4,"downfall:BrokenWingStatue":5,"Matryoshka":15,"TheAbacus":22,"DollysMirror":10,"downfall:HeartBlessingBlue":12,"Strawberry":18,"Toolbox":4,"MealTicket":21,"champ:FightingForDummies":26,"Potion Belt":13,"Girya":15,"bronze:DonusWashers":21,"BargainBundle":26,"testmod-TestBox":0,"downfall:HeartBlessingRed":12,"Counterbalance":22,"Oddly Smooth Stone":18,"PreservedInsect":21,"Replay:Ancient Bell":15,"Guardian:PocketSentry":15,"Replay:Arrowhead":13,"testmod-Acrobat":4,"testmod-Hope":26,"Onion Ring":3,"Snack Pack":6,"Coffee Dripper":9,"Garlic":23,"hexamod:BolsterEngine":22,"ReplayTheSpireMod:Lightbulb":26},{"ReplayFunnel":6,"testmod-HeartOfStrike":0,"Lantern":18,"testmod-EqualTreatment":6,"Enchiridion":18,"champ:ChampionCrown":0,"downfall:HeartBlessingGreen":21,"Replay:Multitool":37,"testmod-Nyarlathotep":6,"Sling":22,"testmod-BouquetWithThorns":29,"Blood Vial":19,"Dream Catcher":6,"Nunchaku":10,"downfall:BrokenWingStatue":11,"Matryoshka":26,"TheAbacus":38,"DollysMirror":18,"downfall:HeartBlessingBlue":21,"Strawberry":29,"Toolbox":10,"MealTicket":37,"champ:FightingForDummies":43,"Potion Belt":22,"Girya":26,"bronze:DonusWashers":37,"BargainBundle":43,"testmod-TestBox":0,"downfall:HeartBlessingRed":21,"Counterbalance":38,"Oddly Smooth Stone":29,"PreservedInsect":37,"Replay:Ancient Bell":26,"Guardian:PocketSentry":26,"Replay:Arrowhead":22,"testmod-Acrobat":10,"testmod-Hope":43,"Onion Ring":8,"Snack Pack":13,"Coffee Dripper":17,"Garlic":39,"hexamod:BolsterEngine":38,"ReplayTheSpireMod:Lightbulb":43}]},"card_choices":[{"not_picked":["champ:BerserkersShout","champ:FocusedDefense"],"picked":"champ:BerserkerStyle","floor":2},{"not_picked":["champ:ShieldWall","champ:PreciseThrust"],"picked":"champ:LastStand","floor":3},{"not_picked":["champ:EnGarde","champ:BringItOn"],"picked":"champ:PerfectedStrike","floor":4},{"not_picked":["champ:IronFortress","champ:Shatter"],"picked":"champ:RapidStrikes","floor":8},{"not_picked":["champ:Haymaker","champ:DeathBlow"],"picked":"champ:BerserkersShout","floor":9},{"not_picked":["champ:BladeFlurry","champ:GutPunch","champ:TornadoPunch"],"picked":"SKIP","floor":10},{"not_picked":["champ:DefensiveStyle","champ:BerserkerStyle"],"picked":"champ:CalledShot","floor":14},{"not_picked":["champ:DefensiveStyle","champ:Shatter"],"picked":"champ:StanceDance","floor":16},{"not_picked":["champ:HeartStrike","champ:Circumvent","champ:GutPunch"],"picked":"SKIP","floor":17},{"not_picked":["champ:SteelEdge","champ:GladiatorForm"],"picked":"champ:VampiricStrike","floor":18},{"not_picked":["champ:Circumvent","champ:PreciseThrust","champ:StanceDance"],"picked":"SKIP","floor":21},{"not_picked":["champ:ShieldSigil","champ:GutPunch"],"picked":"champ:FlashCut+1","floor":27},{"not_picked":["champ:Backstep","champ:Parry","champ:Haymaker"],"picked":"SKIP","floor":28},{"not_picked":["champ:BladeFlurry","champ:CheapShot","champ:PreemptiveStrike"],"picked":"SKIP","floor":30},{"not_picked":["champ:GutPunch","champ:Backstep"],"picked":"champ:ShieldSigil+1","floor":34},{"not_picked":["champ:CheapShot","champ:UltimateStance"],"picked":"champ:TripleStrike","floor":35},{"not_picked":["Spreading Infection","ReplayTheSpireMod:Splinters"],"picked":"Clumsy","floor":36},{"not_picked":["ReplayTheSpireMod:Restless Dread","Spreading Infection"],"picked":"downfall:Bewildered","floor":36},{"not_picked":["Looming Evil","downfall:Bewildered"],"picked":"Delirium","floor":36},{"not_picked":["champ:Backstep+1","champ:BerserkerStyle+1"],"picked":"champ:RapidStrikes","floor":38},{"not_picked":["champ:Encircle","champ:Haymaker+1"],"picked":"champ:SwordSigil+1","floor":39},{"not_picked":["Replay:SS_forest_2","Replay:SS_fish_1"],"picked":"Replay:SS_hec_1","floor":40},{"not_picked":["champ:ShieldWall+1","champ:PreciseThrust"],"picked":"champ:RapidStrikes+1","floor":44},{"not_picked":["champ:EndlessRage","champ:Shatter"],"picked":"champ:ArenaPreparation+1","floor":45},{"not_picked":["champ:VampiricStrike","champ:BladeFlurry","champ:Parry"],"picked":"SKIP","floor":46},{"not_picked":["champ:StanceDance","champ:CrownThrow+1","champ:Shatter+1"],"picked":"SKIP","floor":48},{"not_picked":["champ:SkillfulDodge+1","champ:DefensiveShout+1"],"picked":"champ:RapidStrikes","floor":50},{"not_picked":["champ:Encircle+1","champ:GutPunch","champ:BladeFlurry+1"],"picked":"SKIP","floor":51},{"not_picked":["champ:Endure","champ:EnGarde","champ:PreciseThrust+1"],"picked":"SKIP","floor":54}],"player_experience":108520,"relics_obtained":[{"floor":7,"key":"testmod-EqualTreatment"},{"floor":8,"key":"Onion Ring"},{"floor":14,"key":"Snack Pack"},{"floor":25,"key":"Enchiridion"},{"floor":27,"key":"Blood Vial"},{"floor":41,"key":"testmod-BouquetWithThorns"},{"floor":43,"key":"Strawberry"},{"floor":43,"key":"Oddly Smooth Stone"},{"floor":46,"key":"MealTicket"},{"floor":50,"key":"Garlic"},{"floor":54,"key":"ReplayTheSpireMod:Lightbulb"}],"event_choices":[{"damage_healed":0,"gold_gain":0,"player_choice":"Success","damage_taken":7,"relics_obtained":["ReplayFunnel"],"max_hp_gain":0,"max_hp_loss":0,"event_name":"Scrap Ooze","floor":5,"gold_loss":0},{"damage_healed":0,"gold_gain":0,"player_choice":"Swap Relic","damage_taken":0,"relics_obtained":["DollysMirror"],"max_hp_gain":0,"max_hp_loss":0,"event_name":"给自己的盒子","floor":23,"relics_lost":["DollysMirror"],"gold_loss":0},{"damage_healed":0,"gold_gain":0,"player_choice":"Fight","damage_taken":0,"max_hp_gain":0,"max_hp_loss":0,"event_name":"Mysterious Sphere","floor":41,"gold_loss":0},{"damage_healed":0,"gold_gain":400,"player_choice":"Sell","damage_taken":0,"max_hp_gain":0,"max_hp_loss":0,"event_name":"恩洛斯的盘子","floor":42,"relics_lost":["testmod-TestBox"],"gold_loss":0}],"is_beta":false,"boss_relics":[{"not_picked":["Snecko Eye","Replay:Grab Bag"],"picked":"Coffee Dripper"},{"not_picked":["testmod-Prudence","ReplayTheSpireMod:DimensionalGlitch"],"picked":"Replay:Ancient Bell"},{"not_picked":["Bronze Scales","ReplayTheSpireMod:TigerMarble"],"picked":"Guardian:PocketSentry"},{"not_picked":["Question Card","bronze:DecasWashers"],"picked":"Matryoshka"},{"not_picked":["testmod-ThousandKnives","Pocketwatch"],"picked":"Girya"}],"items_purged_floors":[3,9,33,47,49,55],"is_endless":false,"potions_floor_spawned":[2,10,14,17,18,27,28,45,46,51],"ascension_level":5}}