{"host":"00f1p9ihhzi7hxfk","time":1613580222,"event":{"mods":["AchievementEnabler","BaseMod","Colored Map","Colored Powertips","Minty Spire (QoL Compilation)","Rare Cards Sparkle","Relic Stats"],"gold_per_floor":[218,228,245,245,215,215,250,250,250,425,495,509,535,610,610,610,610],"floor_reached":16,"language":"DEU","playtime":501,"items_purged":[],"score":98,"play_id":"f11fdac4-f394-4de4-96cc-312432643ab0","local_time":"20210217174342","is_ascension_mode":false,"campfire_choices":[{"data":"Shockwave","floor":6,"key":"SMITH"},{"floor":8,"key":"REST"},{"floor":15,"key":"REST"}],"circlet_count":0,"master_deck":["Strike_R","Strike_R","Strike_R","Strike_R","Strike_R","Defend_R","Defend_R","Defend_R","Defend_R","Bash","Heavy Blade","Impervious","Shockwave+1","Anger","Doubt","Anger"],"relics":["Burning Blood","Golden Idol","Letter Opener","Kunai","Happy Flower"],"acts_visited":["Exordium"],"potions_floor_usage":[],"damage_taken":[{"damage":5,"enemies":"Cultist","floor":1,"turns":4},{"damage":8,"enemies":"Jaw Worm","floor":2,"turns":3},{"damage":0,"enemies":"Small Slimes","floor":3,"turns":4},{"damage":10,"enemies":"Looter","floor":5,"turns":4},{"damage":60,"enemies":"3 Sentries","floor":7,"turns":11},{"damage":14,"enemies":"3 Louse","floor":12,"turns":3},{"damage":44,"enemies":"Slime Boss","floor":16,"turns":5}],"seed_played":"3795421294944534900","potions_obtained":[{"floor":2,"key":"EssenceOfSteel"},{"floor":3,"key":"Swift Potion"},{"floor":7,"key":"PowerPotion"}],"is_trial":false,"path_per_floor":["M","M","M","?","M","R","E","R","T","?","?","M","T","?","R","B"],"character_chosen":"IRONCLAD","items_purchased":[],"campfire_rested":2,"item_purchase_floors":[],"current_hp_per_floor":[80,78,80,74,70,70,16,38,38,38,38,30,30,19,41,0,0],"gold":610,"neow_bonus":"HUNDRED_GOLD","is_daily":false,"chose_seed":false,"campfire_upgraded":1,"win_rate":0.0,"timestamp":1613580222,"path_taken":["M","M","M","?","M","R","E","R","T","?","?","M","?","?","R","BOSS"],"items_purchased_type":[],"build_version":"2020-12-22","purchased_purges":0,"victory":false,"max_hp_per_floor":[80,80,80,74,74,74,74,74,74,74,74,74,74,74,74,74,74],"relic_stats":{"Happy Flower":[1],"counters":[7,34],"Golden Idol":10,"Letter Opener":[0],"Kunai":[3],"obtain_stats":[{"Happy Flower":13,"Golden Idol":4,"Letter Opener":7,"Kunai":9,"Burning Blood":0},{"Happy Flower":6,"Golden Idol":3,"Letter Opener":5,"Kunai":5,"Burning Blood":0},{"Happy Flower":29,"Golden Idol":11,"Letter Opener":26,"Kunai":26,"Burning Blood":0}],"Burning Blood":31},"card_choices":[{"not_picked":["Havoc","Body Slam"],"picked":"Heavy Blade","floor":1},{"not_picked":["Shockwave","Clothesline"],"picked":"Impervious","floor":2},{"not_picked":["Sever Soul","Intimidate","Perfected Strike"],"picked":"SKIP","floor":3},{"not_picked":["Shrug It Off","Rupture"],"picked":"Shockwave","floor":5},{"not_picked":["Clothesline","Dropkick"],"picked":"Anger","floor":7},{"not_picked":["Seeing Red","Wild Strike"],"picked":"Anger","floor":12}],"player_experience":111272,"relics_obtained":[{"floor":7,"key":"Letter Opener"},{"floor":9,"key":"Kunai"},{"floor":13,"key":"Happy Flower"}],"event_choices":[{"damage_healed":0,"gold_gain":0,"player_choice":"Lose Max HP","damage_taken":0,"relics_obtained":["Golden Idol"],"max_hp_gain":0,"max_hp_loss":6,"event_name":"Golden Idol","floor":4,"gold_loss":0},{"damage_healed":0,"gold_gain":175,"player_choice":"AGREE","damage_taken":0,"max_hp_gain":0,"max_hp_loss":0,"event_name":"Liars Game","floor":10,"gold_loss":0,"cards_obtained":["Doubt"]},{"damage_healed":0,"gold_gain":70,"player_choice":"Gained Gold","damage_taken":0,"max_hp_gain":0,"max_hp_loss":0,"event_name":"Golden Wing","floor":11,"gold_loss":0},{"damage_healed":0,"gold_gain":75,"player_choice":"Gather Gold","damage_taken":11,"max_hp_gain":0,"max_hp_loss":0,"event_name":"World of Goop","floor":14,"gold_loss":0}],"is_beta":false,"boss_relics":[],"items_purged_floors":[],"is_endless":false,"potions_floor_spawned":[2,3,7],"killed_by":"Slime Boss","ascension_level":0}}