{"host":"b1dzdo8uo7e6jx8g","time":1613590517,"event":{"mods":["AchievementEnabler","BaseMod","BetterRewards","Colored Map","Downfall","Highlight Path","Minty Spire (QoL Compilation)","StSLib"],"gold_per_floor":[111,186,186,186,186,186,202,202,202,202,214,214],"floor_reached":11,"language":"ENG","playtime":241,"items_purged":[],"score":71,"play_id":"1eaed029-7df6-46e1-9ea2-303a7342b448","local_time":"20210217203517","is_ascension_mode":true,"campfire_choices":[{"floor":6,"key":"REST"},{"data":"Neutralize","floor":8,"key":"SMITH"}],"circlet_count":0,"master_deck":["Strike_G","Strike_G","Strike_G","Strike_G","Strike_G","Defend_G","Defend_G","Defend_G","Defend_G","Survivor","Neutralize+1","Accuracy","Adrenaline","Dagger Spray"],"relics":["Ring of the Snake","Toolbox","Golden Idol","Meat on the Bone","Juzu Bracelet","MawBank"],"acts_visited":["Exordium"],"potions_floor_usage":[11],"damage_taken":[{"damage":0,"enemies":"Small Slimes","floor":1,"turns":3},{"damage":7,"enemies":"Jaw Worm","floor":7,"turns":3},{"damage":41,"enemies":"Lagavulin","floor":11,"turns":6}],"seed_played":"5146736456520047962","potions_obtained":[{"floor":1,"key":"Guardian:BlockOnCardUsePotion"}],"is_trial":false,"path_per_floor":["M","?","?","?","?","R","M","R","T","T","E"],"character_chosen":"THE_SILENT","items_purchased":["Accuracy","Adrenaline","Toolbox"],"campfire_rested":1,"item_purchase_floors":[0,0,0],"current_hp_per_floor":[57,46,39,22,15,36,41,41,41,41,0,0],"gold":214,"neow_bonus":"","is_daily":false,"chose_seed":false,"campfire_upgraded":1,"win_rate":0.0,"timestamp":1613590517,"path_taken":["M","?","?","?","?","R","?","R","T","?","E"],"items_purchased_type":["Card","Card","Relic"],"build_version":"2020-12-22","purchased_purges":0,"victory":false,"max_hp_per_floor":[70,70,70,70,70,70,70,70,70,70,70,70],"card_choices":[{"not_picked":["Sucker Punch","Flechettes"],"picked":"Dagger Spray","floor":1},{"not_picked":["Underhanded Strike","Deadly Poison","Calculated Gamble"],"picked":"SKIP","floor":7}],"player_experience":258408,"relics_obtained":[{"floor":9,"key":"Juzu Bracelet"},{"floor":10,"key":"MawBank"}],"event_choices":[{"damage_healed":0,"gold_gain":75,"player_choice":"Gather Gold","damage_taken":11,"max_hp_gain":0,"max_hp_loss":0,"event_name":"World of Goop","floor":2,"gold_loss":0},{"cards_removed":["Defend_G"],"damage_healed":0,"gold_gain":0,"player_choice":"Card Removal","damage_taken":7,"max_hp_gain":0,"max_hp_loss":0,"event_name":"Golden Wing","floor":3,"gold_loss":0},{"damage_healed":0,"gold_gain":0,"player_choice":"Take Damage","damage_taken":17,"relics_obtained":["Golden Idol"],"max_hp_gain":0,"max_hp_loss":0,"event_name":"Golden Idol","floor":4,"gold_loss":0},{"damage_healed":0,"gold_gain":0,"player_choice":"Success","damage_taken":7,"relics_obtained":["Meat on the Bone"],"max_hp_gain":0,"max_hp_loss":0,"event_name":"Scrap Ooze","floor":5,"gold_loss":0}],"is_beta":false,"boss_relics":[],"items_purged_floors":[],"is_endless":false,"potions_floor_spawned":[1],"killed_by":"Lagavulin","ascension_level":4}}