{"host":"qm1va34thld9e1ze","time":1613548136,"event":{"mods":["BaseMod","BetterRewards","Colored Powertips","Downfall","Hubris","Infinite Spire","Minty Spire (QoL Compilation)","Quick Restart","Replay The Spire","StSLib","everything is the same but u backflip on backflip"],"gold_per_floor":[110,110,185,201,217,217,217,235,235,235,265,32,45,45,45,142,142,161,161,161,161,18,28,46,46,46,22,22,22,22,142,142,142,142],"floor_reached":33,"language":"ENG","playtime":8759,"items_purged":["Writhe"],"score":343,"play_id":"362c1ac0-2dc0-4f33-b494-812a6edc3007","local_time":"20210217084856","is_ascension_mode":false,"campfire_choices":[{"data":"Doom and Gloom","floor":7,"key":"SMITH"},{"floor":10,"key":"REST"},{"floor":15,"key":"REST"},{"floor":28,"key":"REST"},{"floor":30,"key":"DIG"},{"floor":32,"key":"REST"}],"circlet_count":0,"master_deck":["Defend_B","Defend_B","Defend_B","Defend_B","Zap","Dualcast","Doom and Gloom+1","Conserve Battery","Go for the Eyes","Auto Shields","Sweeping Beam","Go for the Eyes","Redo","Cold Snap","Gash+1","Redo","Gash","Buffer","CurseOfTheBell","Leap","Slimebound:Tackle+1","Slimebound:Tackle+1","Slimebound:Tackle+1","Doom and Gloom","Defragment","Leap","Gash","BootSequence+1"],"relics":["Cracked Core","Lee\u0027s Waffle","Question Card","FossilizedHelix","Regal Pillow","Calling Bell","Orichalcum","Replay:Bottled Snecko","StoneCalendar","hubris:Icosahedron","Replay:Multitool","Pear","infinitespire:Lychee Nut","Mercury Hourglass"],"acts_visited":["Exordium","TheCity"],"potions_floor_usage":[16,16,24],"damage_taken":[{"damage":0,"enemies":"Jaw Worm","floor":1,"turns":3},{"damage":0,"enemies":"2 Louse","floor":4,"turns":2},{"damage":0,"enemies":"Small Slimes","floor":5,"turns":2},{"damage":3,"enemies":"Exordium Wildlife","floor":8,"turns":3},{"damage":19,"enemies":"3 Sentries","floor":11,"turns":6},{"damage":10,"enemies":"Lots of Slimes","floor":13,"turns":2},{"damage":20,"enemies":"The Guardian","floor":16,"turns":11},{"damage":24,"enemies":"2 Thieves","floor":18,"turns":4},{"damage":11,"enemies":"Shell Parasite","floor":23,"turns":5},{"damage":20,"enemies":"Cultist and Chosen","floor":24,"turns":7},{"damage":20,"enemies":"Chosen and Byrds","floor":31,"turns":7},{"damage":0,"enemies":"Collector","floor":33,"turns":2}],"seed_played":"7200701911071244497","potions_obtained":[{"floor":5,"key":"CultistPotion"},{"floor":13,"key":"Adrenaline Potion"},{"floor":18,"key":"Swift Potion"},{"floor":23,"key":"FearPotion"}],"is_trial":false,"path_per_floor":["M","?","?","M","M","?","R","M","T","R","E","$","M","?","R","B",null,"M","?","?","?","$","M","M","$","T","$","R","?","R","M","R","B"],"character_chosen":"DEFECT","items_purchased":["Lee\u0027s Waffle","Doom and Gloom","Conserve Battery","Regal Pillow","Gash+1","Redo","Doom and Gloom","Gash"],"campfire_rested":4,"item_purchase_floors":[0,0,0,12,12,12,22,27],"current_hp_per_floor":[82,82,71,71,71,71,71,68,68,82,63,63,53,46,82,62,82,58,58,58,58,58,47,27,27,37,37,79,69,69,49,69,69,69],"gold":142,"neow_bonus":"","is_daily":false,"chose_seed":false,"campfire_upgraded":1,"win_rate":0.0,"timestamp":1613548136,"path_taken":["M","?","?","M","M","?","R","?","T","R","E","?","M","?","R","BOSS","M","?","?","?","?","M","?","$","T","$","R","?","R","M","R","BOSS"],"items_purchased_type":["Relic","Card","Card","Relic","Card","Card","Card","Card"],"build_version":"2020-12-22","purchased_purges":1,"victory":false,"max_hp_per_floor":[82,82,82,82,82,82,82,82,82,82,82,82,82,82,82,82,82,82,82,82,82,82,82,82,82,92,92,92,69,69,69,69,69,69],"card_choices":[{"not_picked":["Beam Cell","Rebound"],"picked":"Auto Shields","floor":1},{"not_picked":["Barrage","Leap"],"picked":"Sweeping Beam","floor":4},{"not_picked":["BasicCrystalCard","Barrage"],"picked":"Go for the Eyes","floor":5},{"not_picked":["Hologram","Chill"],"picked":"Redo","floor":8},{"not_picked":["Meteor Strike","Steam","Compile Driver"],"picked":"Cold Snap","floor":11},{"not_picked":["Genetic Algorithm","Go for the Eyes","Fusion"],"picked":"Gash","floor":13},{"not_picked":["hubris:DoWhile","Echo Form","Machine Learning"],"picked":"Buffer","floor":16},{"not_picked":["Storm","Ball Lightning+1","Heatsinks"],"picked":"Leap","floor":18},{"not_picked":["ReplayTheSpireMod:Reroute Power","FIFO Queue","Steam"],"picked":"Defragment","floor":23},{"not_picked":["Barrage+1","Sweeping Beam","Self Repair"],"picked":"Leap","floor":24},{"not_picked":["Machine Learning","Time Bomb+1","Sweeping Beam"],"picked":"BootSequence+1","floor":31}],"player_experience":271035,"relics_obtained":[{"floor":9,"key":"Question Card"},{"floor":11,"key":"FossilizedHelix"},{"floor":17,"key":"Orichalcum"},{"floor":17,"key":"Replay:Bottled Snecko"},{"floor":17,"key":"StoneCalendar"},{"floor":26,"key":"Pear"},{"floor":30,"key":"Mercury Hourglass"}],"event_choices":[{"damage_healed":0,"gold_gain":75,"player_choice":"Gather Gold","damage_taken":11,"max_hp_gain":0,"max_hp_loss":0,"event_name":"World of Goop","floor":3,"gold_loss":0},{"cards_removed":["Spreading Infection"],"damage_healed":0,"gold_gain":0,"player_choice":"Card Removal","damage_taken":7,"max_hp_gain":0,"max_hp_loss":0,"event_name":"Golden Wing","floor":14,"gold_loss":0},{"damage_healed":0,"gold_gain":0,"player_choice":"Opened","damage_taken":0,"relics_obtained":["Replay:Multitool"],"max_hp_gain":0,"max_hp_loss":0,"event_name":"The Mausoleum","floor":20,"gold_loss":0,"cards_obtained":["Writhe"]},{"damage_healed":0,"gold_gain":0,"player_choice":"Gave Potion","damage_taken":0,"relics_obtained":["infinitespire:Lychee Nut"],"max_hp_gain":0,"max_hp_loss":0,"event_name":"WeMeetAgain","floor":29,"gold_loss":0}],"is_beta":false,"boss_relics":[{"not_picked":["hubris:BlackHole","ChewingGum"],"picked":"Calling Bell"}],"items_purged_floors":[22],"is_endless":false,"potions_floor_spawned":[5,13,18,23],"killed_by":"Collector","ascension_level":0}}