{"host":"Berg","time":1613591011,"event":{"mods":["AchievementEnabler","BaseMod","Better Third Choice","Colored Map","Downfall","Gremlin Skip","Highlight Path","Minty Spire (QoL Compilation)","Relic Stats","StSLib"],"gold_per_floor":[99,99,99,99,99,99,99,125,141,8,21,21,54,2,14,110,110,10,20,20,20,52,82,82,82,82,82,115,115,138,149,166,269,269,269,286,286,635,645,234,261,278,278,78,113,123,123,142,160,160,160,194,18,18,18,18],"floor_reached":57,"language":"ENG","playtime":5174,"items_purged":["Writhe"],"score":1394,"play_id":"b4ab26cc-25fc-474e-a3a4-d3def082932d","local_time":"20210217144331","is_ascension_mode":true,"campfire_choices":[{"data":"Slimebound:Tackle","floor":1.0,"key":"SMITH"},{"data":"Slimebound:Split","floor":6.0,"key":"SMITH"},{"data":"champ:GladiatorStyle","floor":18.0,"key":"SMITH"},{"data":"Slimebound:LevelUp","floor":26.0,"key":"SMITH"},{"data":"Slimebound:CorrosiveSpit","floor":29.0,"key":"SMITH"},{"floor":35.0,"key":"RECALL"},{"data":"Disarm","floor":44,"key":"SMITH"},{"data":"Slimebound:LivingWall","floor":47,"key":"SMITH"},{"data":"Corruption","floor":54,"key":"SMITH"}],"circlet_count":0,"master_deck":["Slimebound:Strike_Slimebound","Slimebound:Strike_Slimebound","Slimebound:Tackle+1","Slimebound:Defend_Slimebound","Slimebound:Defend_Slimebound","Slimebound:Defend_Slimebound","Slimebound:Defend_Slimebound","Slimebound:Split+1","Slimebound:CorrosiveSpit+1","Slimebound:ItLooksTasty","Slimebound:LevelUp+1","Slimebound:SplitAcid","Slimebound:Nibble","Slimebound:SplitAcid","Dagger Spray","Scrape","champ:GladiatorStyle+1","Slimebound:LivingWall+1","Slimebound:Dissolve","PiercingWail","Slimebound:ComboTackle+1","Terror+1","Secret Technique+1","Disarm+1","Metallicize","champ:StrikeOfGenius","expansioncontent:DashGenerateEvil+1","Dual Wield","Shrug It Off+1","Corruption+1"],"relics":["Slimebound:AbsorbEndCombat","downfall:HeartsMalice","downfall:ShatteredFragment","The Courier","Bag of Preparation","PrismaticShard","Shuriken","Coffee Dripper","downfall:HeartBlessingGreen","Molten Egg 2","Red Mask","Bottled Lightning","Singing Bowl","Nilry\u0027s Codex","Pantograph","Nunchaku","Runic Pyramid","Old Coin","Pen Nib","Oddly Smooth Stone","Medical Kit","Omamori","Potion Belt","downfall:HeartBlessingRed","downfall:HeartBlessingBlue","Blue Candle","Blood Vial","HandDrill"],"acts_visited":["Exordium","TheCity","TheBeyond","TheEnding"],"potions_floor_usage":[48,49,50,50,50,56,56],"damage_taken":[{"damage":0.0,"enemies":"2 Louse","floor":2.0,"turns":1.0},{"damage":0.0,"enemies":"Small Slimes","floor":3.0,"turns":1.0},{"damage":0.0,"enemies":"3 Sentries","floor":8.0,"turns":1.0},{"damage":9.0,"enemies":"Jaw Worm","floor":9.0,"turns":3.0},{"damage":5.0,"enemies":"downfall:FleeingMerchant","floor":10.0,"turns":4.0},{"damage":6.0,"enemies":"Blue Slaver","floor":11.0,"turns":3.0},{"damage":0.0,"enemies":"Gremlin Nob","floor":13.0,"turns":3.0},{"damage":10.0,"enemies":"downfall:FleeingMerchant","floor":14.0,"turns":4.0},{"damage":0.0,"enemies":"Exordium Wildlife","floor":15.0,"turns":3.0},{"damage":21.0,"enemies":"DF_ARCHETYPE_STREAMLINE","floor":16.0,"turns":6.0},{"damage":9.0,"enemies":"Shell Parasite","floor":19.0,"turns":4.0},{"damage":0.0,"enemies":"Masked Bandits","floor":22.0,"turns":2.0},{"damage":18.0,"enemies":"Gremlin Leader","floor":23.0,"turns":5.0},{"damage":8.0,"enemies":"Slavers","floor":28.0,"turns":3.0},{"damage":0.0,"enemies":"3 Byrds","floor":31.0,"turns":3.0},{"damage":5.0,"enemies":"Sentry and Sphere","floor":32.0,"turns":4.0},{"damage":12.0,"enemies":"SI_MIRROR_ARCHETYPE","floor":33.0,"turns":7.0},{"damage":0.0,"enemies":"3 Shapes","floor":36.0,"turns":3.0},{"damage":24.0,"enemies":"2 Orb Walkers","floor":38.0,"turns":4.0},{"damage":12.0,"enemies":"Orb Walker","floor":39.0,"turns":3.0},{"damage":0.0,"enemies":"downfall:FleeingMerchant","floor":40.0,"turns":4.0},{"damage":3.0,"enemies":"Transient","floor":42.0,"turns":5.0},{"damage":13,"enemies":"Reptomancer","floor":45,"turns":4},{"damage":3,"enemies":"Writhing Mass","floor":46,"turns":4},{"damage":1,"enemies":"Maw","floor":48,"turns":6},{"damage":4,"enemies":"3 Darklings","floor":49,"turns":4},{"damage":50,"enemies":"IC_BLOCK_ARCHETYPE","floor":50,"turns":9},{"damage":45,"enemies":"downfall:CharBossMerchant","floor":52,"turns":6},{"damage":21,"enemies":"downfall:NeowBoss","floor":55,"turns":13},{"damage":64,"enemies":"downfall:NeowBossFinal","floor":56,"turns":10}],"seed_played":"-4579650061911291994","potions_obtained":[{"floor":8.0,"key":"hexamod:SoulburnPotion"},{"floor":11.0,"key":"Slimebound:SlimedPotion"},{"floor":16.0,"key":"Swift Potion"},{"floor":19.0,"key":"DistilledChaos"},{"floor":31.0,"key":"BlessingOfTheForge"},{"floor":32.0,"key":"champ:CounterPotion"},{"floor":33.0,"key":"Dexterity Potion"},{"floor":39.0,"key":"Swift Potion"},{"floor":42.0,"key":"ColorlessPotion"},{"floor":46,"key":"Block Potion"},{"floor":48,"key":"BlessingOfTheForge"},{"floor":49,"key":"Slimebound:SlimedPotion"}],"is_trial":false,"path_per_floor":["R","M","M","?","?","R","T","E","M","$","M","?","E","$","M","B",null,"R","M","?","?","?","E","T","?","R","?","E","R","T","M","M","B",null,"R","M","?","?","M","$","T","M","?","R","E","M","R","M","M","B",null,"E","$","R","B","B",null],"character_chosen":"SLIMEBOUND","items_purchased":["PrismaticShard","Slimebound:LivingWall","Pen Nib","Oddly Smooth Stone","expansioncontent:DashGenerateEvil","Medical Kit","Omamori","Potion Belt","HandDrill"],"campfire_rested":0,"item_purchase_floors":[10,14,40,40,40,40,40,40,53],"current_hp_per_floor":[65,65,65,47,47,47,47,47,42,45,45,45,51,49,55,42,65,65,62,62,62,62,46,46,30,30,30,32,32,32,40,43,64,69,69,69,69,53,47,49,49,56,48,58,53,58,58,65,65,45,87,45,45,45,59,30],"gold":18,"neow_bonus":"THREE_ENEMY_KILL","is_daily":false,"chose_seed":false,"campfire_upgraded":8,"win_rate":0.0,"timestamp":1613591011,"path_taken":["R","M","M","?","?","R","T","E","M","$","M","?","E","?","M","BOSS","R","M","?","?","?","E","T","?","R","?","E","R","?","M","M","BOSS","R","M","?","?","M","$","T","M","?","R","E","M","R","M","M","BOSS","E","$","R","BOSS","BOSS"],"items_purchased_type":["Relic","Card","Relic","Relic","Card","Relic","Relic","Relic","Relic"],"build_version":"2020-12-18","purchased_purges":1,"victory":true,"max_hp_per_floor":[65,65,65,65,65,65,65,65,65,65,65,65,65,65,65,65,65,65,65,65,65,65,65,65,65,65,65,67,67,67,67,69,69,69,69,69,69,71,71,71,71,73,73,83,85,87,87,87,87,87,87,87,87,87,87,87],"relic_stats":{"Blood Vial":4,"Nunchaku":[23],"Singing Bowl":12,"counters":[30,126],"Shuriken":[57],"Pantograph":97,"Blue Candle":[14],"Pen Nib":[16],"Bag of Preparation":[54],"HandDrill":[40],"Medical Kit":[4],"obtain_stats":[{"Singing Bowl":24,"Nilry\u0027s Codex":25,"downfall:HeartBlessingGreen":18,"Bag of Preparation":8,"PrismaticShard":10,"Old Coin":38,"Blood Vial":52,"Nunchaku":30,"downfall:HeartBlessingBlue":44,"Pantograph":28,"Red Mask":22,"HandDrill":53,"Runic Pyramid":34,"Potion Belt":40,"downfall:ShatteredFragment":4,"downfall:HeartBlessingRed":44,"Blue Candle":45,"Oddly Smooth Stone":40,"downfall:HeartsMalice":0,"The Courier":7,"Pen Nib":40,"Omamori":40,"Medical Kit":40,"Shuriken":13,"Molten Egg 2":21,"Slimebound:AbsorbEndCombat":0,"Coffee Dripper":17,"Bottled Lightning":23},{"Singing Bowl":13,"Nilry\u0027s Codex":13,"downfall:HeartBlessingGreen":10,"Bag of Preparation":3,"PrismaticShard":5,"Old Coin":19,"Blood Vial":28,"Nunchaku":14,"downfall:HeartBlessingBlue":22,"Pantograph":14,"Red Mask":12,"HandDrill":28,"Runic Pyramid":17,"Potion Belt":21,"downfall:ShatteredFragment":2,"downfall:HeartBlessingRed":22,"Blue Candle":23,"Oddly Smooth Stone":21,"downfall:HeartsMalice":0,"The Courier":2,"Pen Nib":21,"Omamori":21,"Medical Kit":21,"Shuriken":7,"Molten Egg 2":11,"Slimebound:AbsorbEndCombat":0,"Coffee Dripper":10,"Bottled Lightning":13},{"Singing Bowl":37,"Nilry\u0027s Codex":37,"downfall:HeartBlessingGreen":26,"Bag of Preparation":0,"PrismaticShard":7,"Old Coin":60,"Blood Vial":103,"Nunchaku":40,"downfall:HeartBlessingBlue":70,"Pantograph":40,"Red Mask":32,"HandDrill":103,"Runic Pyramid":53,"Potion Belt":65,"downfall:ShatteredFragment":0,"downfall:HeartBlessingRed":70,"Blue Candle":74,"Oddly Smooth Stone":65,"downfall:HeartsMalice":0,"The Courier":0,"Pen Nib":65,"Omamori":65,"Medical Kit":65,"Shuriken":13,"Molten Egg 2":30,"Slimebound:AbsorbEndCombat":0,"Coffee Dripper":26,"Bottled Lightning":37}]},"card_choices":[{"not_picked":["Slimebound:LeechEnergy","Slimebound:SlimeBrawl"],"picked":"Slimebound:ItLooksTasty","floor":2.0},{"not_picked":["Slimebound:LeechEnergy","Slimebound:Replication"],"picked":"Slimebound:LevelUp","floor":3.0},{"not_picked":["Slimebound:MinionMaster","Slimebound:LeechEnergy"],"picked":"Slimebound:SplitAcid","floor":8.0},{"not_picked":["Slimebound:PressTheAttack","Slimebound:HauntingLick"],"picked":"Slimebound:Nibble","floor":9.0},{"not_picked":["Slimebound:HauntingLick","Slimebound:RollThrough"],"picked":"Slimebound:SplitAcid","floor":10.0},{"not_picked":["Infinite Blades","sneckomod:ImprovisedAttack"],"picked":"Dagger Spray","floor":11.0},{"not_picked":["hexamod:NightmareGuise","bronze:BugBarrage"],"picked":"Scrape","floor":13.0},{"not_picked":["hexamod:SwordOfDarkness","Conclude"],"picked":"champ:GladiatorStyle","floor":14.0},{"not_picked":["Guardian:Incinerate","hexamod:PowerFromBeyond"],"picked":"Slimebound:Dissolve","floor":15.0},{"not_picked":["Guardian:Repulse+1","Headbutt+1"],"picked":"PiercingWail","floor":19.0},{"not_picked":["bronze:OilSpill+1","hexamod:RadiantFlame"],"picked":"Slimebound:ComboTackle+1","floor":22.0},{"not_picked":["bronze:BuggyMess","expansioncontent:Hexaburn","champ:ArenaPreparation"],"picked":"SKIP","floor":23.0},{"not_picked":["hexamod:Again+1","Slimebound:SplitAcid+1","Searing Blow+1"],"picked":"Singing Bowl","floor":28.0},{"not_picked":["Slimebound:Prepare","champ:Lariat"],"picked":"Terror+1","floor":31.0},{"not_picked":["Dodge and Roll","Deflect","Evaluate"],"picked":"Singing Bowl","floor":32.0},{"not_picked":["sneckomod:DangerNoodle+1","bronze:SpaghettiCode"],"picked":"Secret Technique","floor":33.0},{"not_picked":["Outmaneuver+1","hexamod:HauntingEcho+1"],"picked":"Disarm","floor":36.0},{"not_picked":["champ:DefensiveShout+1","Flying Knee+1","Coolheaded"],"picked":"Singing Bowl","floor":38.0},{"not_picked":["SandsOfTime+1","CutThroughFate+1"],"picked":"Metallicize","floor":39.0},{"not_picked":["hexamod:ThermalTransfer+1","Guardian:Gem_Lightblue"],"picked":"champ:StrikeOfGenius","floor":40.0},{"not_picked":["bronze:DigitalCarnage+1","Dagger Throw+1","Slimebound:Prepare"],"picked":"Singing Bowl","floor":42.0},{"not_picked":["champ:DancingMaster","Jack Of All Trades","Catalyst+1"],"picked":"Singing Bowl","floor":45},{"not_picked":["bronze:DelayedGuard","Sunder+1","Turbo+1"],"picked":"Singing Bowl","floor":46},{"not_picked":["Predator+1","Darkness"],"picked":"Dual Wield","floor":48},{"not_picked":["expansioncontent:GuardianWhirl+1","sneckomod:DiceBlock"],"picked":"Shrug It Off+1","floor":49},{"not_picked":["hexamod:AdvancingGuard+1","Guardian:Recover+1"],"picked":"Corruption","floor":52}],"player_experience":1408389,"relics_obtained":[{"floor":7.0,"key":"The Courier"},{"floor":8.0,"key":"Bag of Preparation"},{"floor":13.0,"key":"Shuriken"},{"floor":22.0,"key":"Red Mask"},{"floor":23.0,"key":"Bottled Lightning"},{"floor":24.0,"key":"Singing Bowl"},{"floor":25.0,"key":"Nilry\u0027s Codex"},{"floor":28.0,"key":"Pantograph"},{"floor":30.0,"key":"Nunchaku"},{"floor":38.0,"key":"Old Coin"},{"floor":45,"key":"Blue Candle"},{"floor":52,"key":"Blood Vial"}],"event_choices":[{"damage_healed":0.0,"max_hp_gain":0.0,"max_hp_loss":0.0,"gold_gain":0.0,"event_name":"Masked Bandits","player_choice":"Fought Bandits","floor":22.0,"gold_loss":0.0,"damage_taken":0.0},{"damage_healed":0.0,"max_hp_gain":0.0,"max_hp_loss":0.0,"gold_gain":0.0,"event_name":"Mysterious Sphere","player_choice":"Fight","floor":38.0,"gold_loss":0.0,"damage_taken":0.0}],"is_beta":true,"boss_relics":[{"not_picked":["bronze:MakeshiftBattery","Empty Cage"],"picked":"Coffee Dripper"},{"not_picked":["Sozu","Calling Bell"],"picked":"Runic Pyramid"}],"items_purged_floors":[53],"is_endless":false,"potions_floor_spawned":[8,11,16,19,31,32,33,39,42,46,48,49],"ascension_level":2}}