{"host":"kaame4qwxxqnygv7","time":1613547503,"event":{"mods":["AchievementEnabler","BaseMod","Better Match","Better Skull","Better Third Choice","BetterRewards","Block Reminder","Bossed Relics","DeckTracker","Energized Spire","GungeonMod","Minty Spire (QoL Compilation)","Quick Restart","Red Circlet Mod","StSLib","SuperFastMode","The Blue Laboratory"],"gold_per_floor":[116,116,59,59,72,72,72,72],"floor_reached":7,"language":"KOR","playtime":159,"items_purged":["DemoMod:Defend_Huntress"],"score":74,"play_id":"5327397a-8502-46fa-b4d7-88e2f7fc6309","local_time":"20210217163823","is_ascension_mode":true,"campfire_choices":[{"floor":6,"key":"REST"}],"circlet_count":0,"master_deck":["AscendersBane","DemoMod:Strike_Huntress","DemoMod:Strike_Huntress","DemoMod:Strike_Huntress","DemoMod:Defend_Huntress","DemoMod:Defend_Huntress","DemoMod:Defend_Huntress","DemoMod:Roll","DemoMod:ManualReload","DemoMod:RustySidearm","DemoMod:CrossBow","DemoMod:Evolver","Injury"],"relics":["DemoMod:Dog","Lizard Tail","DemoMod:GnawedKey","Tiny Chest","Oddly Smooth Stone","Golden Idol"],"acts_visited":["Exordium"],"potions_floor_usage":[],"damage_taken":[{"damage":0,"enemies":"Cultist","floor":1,"turns":3},{"damage":6,"enemies":"2 Louse","floor":5,"turns":4},{"damage":10,"enemies":"3 Sentries","floor":7,"turns":3}],"seed_played":"5722089915513625433","potions_obtained":[{"floor":5,"key":"blueLaboratory:BottleOfVodka"}],"is_trial":false,"path_per_floor":["M","?","?","?","M","R","E"],"character_chosen":"HUNTRESS","items_purchased":["DemoMod:GnawedKey","Tiny Chest"],"campfire_rested":1,"item_purchase_floors":[0,0],"current_hp_per_floor":[30,19,19,19,13,31,21,21],"gold":72,"neow_bonus":"","is_daily":false,"chose_seed":false,"campfire_upgraded":0,"win_rate":0.0,"timestamp":1613547503,"path_taken":["M","?","?","?","M","R","E"],"items_purchased_type":["Relic","Relic"],"build_version":"2020-12-22","purchased_purges":1,"victory":false,"max_hp_per_floor":[63,63,63,63,63,63,63,63],"card_choices":[{"not_picked":["DemoMod:ZorGun","DemoMod:DirectionalPad"],"picked":"DemoMod:Evolver","floor":1},{"not_picked":["DemoMod:PracticeMakesPerfect","DemoMod:ChanceBullets","DemoMod:AC15"],"picked":"SKIP","floor":5}],"player_experience":304360,"relics_obtained":[],"event_choices":[{"damage_healed":0,"gold_gain":0,"player_choice":"Relic ","damage_taken":11,"max_hp_gain":0,"max_hp_loss":0,"event_name":"betterThird:BetterScrap","floor":2,"gold_loss":0,"cards_obtained":["Chaos"]},{"damage_healed":0,"gold_gain":0,"player_choice":"Left","damage_taken":0,"max_hp_gain":0,"max_hp_loss":0,"event_name":"betterThird:BetterGoop","floor":3,"gold_loss":57},{"damage_healed":0,"gold_gain":0,"player_choice":"Take Wound","damage_taken":0,"relics_obtained":["Golden Idol"],"max_hp_gain":0,"max_hp_loss":0,"event_name":"Golden Idol","floor":4,"gold_loss":0,"cards_obtained":["Injury"]}],"is_beta":false,"boss_relics":[],"items_purged_floors":[0],"is_endless":false,"potions_floor_spawned":[5],"killed_by":"3 Sentries","ascension_level":18}}