{"host":"aaqofma31c3gm2hj","time":1613528393,"event":{"mods":["BaseMod","GungeonMod","Minty Spire (QoL Compilation)","Replay The Spire","Spicy Shops","StSLib"],"gold_per_floor":[116,129,145,198,15,15,57,57,57,57,100,144,144,144,30,30,30,154,154,178,178,20,20,20,20,20,20,74,74,74,129,190,90,138,138,168,168],"floor_reached":36,"language":"ZHS","playtime":875,"items_purged":["Strike_R","Strike_R"],"score":536,"play_id":"59a42237-3587-4d55-9031-c960444bdf54","local_time":"20210217101953","is_ascension_mode":true,"campfire_choices":[{"data":"Apotheosis","floor":6.0,"key":"SMITH"},{"floor":13.0,"key":"RECALL"},{"data":"Evolve","floor":16.0,"key":"SMITH"},{"data":"Burning Pact","floor":25.0,"key":"SMITH"},{"data":"Demon Form","floor":27.0,"key":"SMITH"}],"circlet_count":0,"master_deck":["AscendersBane","Strike_R","Strike_R","Strike_R","Defend_R","Defend_R","Defend_R","Defend_R","Bash","Apotheosis+1","Carnage","Impervious","DemoMod:Deposit","Shrug It Off","Evolve+1","Demon Form+1","Burning Pact+1","Sword Boomerang+1","Burning Pact"],"relics":["Burning Blood","Bag of Preparation","Golden Idol","DemoMod:LamentConfigurum","Meat on the Bone","Calipers","ReplayTheSpireMod:Ring of Addiction","Chameleon Ring","White Beast Statue","Electric Blood","Enchiridion","Garlic","ReplayTheSpireMod:Shallot"],"acts_visited":["Exordium","TheCity"],"potions_floor_usage":[36,36],"damage_taken":[{"damage":4.0,"enemies":"Jaw Worm","floor":1.0,"turns":4.0},{"damage":0.0,"enemies":"2 Louse","floor":2.0,"turns":3.0},{"damage":1.0,"enemies":"Small Slimes","floor":3.0,"turns":3.0},{"damage":4.0,"enemies":"Red Slaver","floor":7.0,"turns":5.0},{"damage":8.0,"enemies":"Exordium Thugs","floor":11.0,"turns":8.0},{"damage":15.0,"enemies":"2 Fungi Beasts","floor":12.0,"turns":6.0},{"damage":29.0,"enemies":"The Guardian","floor":18.0,"turns":11.0},{"damage":27.0,"enemies":"Spheric Guardian","floor":20.0,"turns":4.0},{"damage":8.0,"enemies":"Chosen","floor":31.0,"turns":4.0},{"damage":21.0,"enemies":"Book of Stabbing","floor":32.0,"turns":5.0},{"damage":22.0,"enemies":"Sentry and Sphere","floor":34.0,"turns":6.0},{"damage":53,"enemies":"Automaton","floor":36,"turns":6}],"seed_played":"-3861390643395931722","potions_obtained":[{"floor":1.0,"key":"BloodPotion"},{"floor":2.0,"key":"Weak Potion"},{"floor":4.0,"key":"DemoMod:LeadSkinPotion"},{"floor":17.0,"key":"Strength Potion"},{"floor":18.0,"key":"DistilledChaos"},{"floor":30.0,"key":"Doom Potion"},{"floor":31.0,"key":"Flashbang"},{"floor":32.0,"key":"Dexterity Potion"},{"floor":34.0,"key":"Dexterity Potion"},{"floor":35.0,"key":"DemoMod:BlankPotion"}],"is_trial":false,"path_per_floor":["M","M","M","?","$","R","M","?","T","T","M","M","R","?","$","R","R","B",null,"M","?","$","?","?","R","?","R","T","T","R","M","E","$","M","R","B"],"character_chosen":"IRONCLAD","items_purchased":["DemoMod:Deposit","Evolve","Burning Pact"],"campfire_rested":0,"item_purchase_floors":[5,15,22],"current_hp_per_floor":[52,58,63,63,63,63,65,39,39,39,49,52,52,57,57,57,80,57,74,53,53,53,32,32,32,32,32,32,32,32,42,39,39,35,35,0,0],"gold":168,"neow_bonus":"RANDOM_COLORLESS_2","is_daily":false,"chose_seed":false,"campfire_upgraded":4,"win_rate":0.0,"timestamp":1613528393,"path_taken":["M","M","M","?","$","R","M","?","T","T","M","M","R","?","?","R","R","BOSS","M","?","$","?","?","R","?","R","T","T","R","M","E","$","?","R","BOSS"],"items_purchased_type":["Card","Card","Card"],"build_version":"2020-12-22","purchased_purges":2,"victory":false,"max_hp_per_floor":[75,75,75,75,75,75,75,75,75,75,75,75,75,80,80,80,80,80,80,80,80,80,78,78,78,78,78,78,76,76,76,76,76,76,76,76,76],"card_choices":[{"not_picked":["ReplayTheSpireMod:Brewmster","Master of Strategy"],"picked":"Apotheosis","floor":0.0},{"not_picked":["ReplayTheSpireMod:Strike From Hell","Flex"],"picked":"Carnage","floor":1.0},{"not_picked":["Havoc","Thunderclap","Abandon"],"picked":"SKIP","floor":2.0},{"not_picked":["Havoc","Perfected Strike"],"picked":"Impervious","floor":3.0},{"not_picked":["True Grit","Replay:Undeath\u0027s Touch"],"picked":"Shrug It Off","floor":7.0},{"not_picked":["Sword Boomerang","Metallicize","Run Through"],"picked":"SKIP","floor":11.0},{"not_picked":["Heavy Blade","Sentinel","Seeing Red"],"picked":"SKIP","floor":12.0},{"not_picked":["Demonic Infusion","Brutality"],"picked":"Demon Form","floor":18.0},{"not_picked":["Rampage","Heavy Blade","True Grit"],"picked":"SKIP","floor":20.0},{"not_picked":["DemoMod:BlackBlade","Dual Wield","Carnage"],"picked":"SKIP","floor":31.0},{"not_picked":["Body Slam","Pommel Strike"],"picked":"Sword Boomerang+1","floor":32.0},{"not_picked":["Armaments","ReplayTheSpireMod:LeadingStrike"],"picked":"Burning Pact","floor":34.0}],"player_experience":672077,"relics_obtained":[{"floor":4.0,"key":"Bag of Preparation"},{"floor":9.0,"key":"DemoMod:LamentConfigurum"},{"floor":10.0,"key":"Meat on the Bone"},{"floor":17.0,"key":"ReplayTheSpireMod:Ring of Addiction"},{"floor":17.0,"key":"Chameleon Ring"},{"floor":17.0,"key":"White Beast Statue"},{"floor":23.0,"key":"Enchiridion"},{"floor":29.0,"key":"Garlic"},{"floor":32.0,"key":"ReplayTheSpireMod:Shallot"}],"event_choices":[{"damage_healed":0.0,"max_hp_gain":0.0,"max_hp_loss":0.0,"gold_gain":0.0,"event_name":"Golden Idol","player_choice":"Take Damage","floor":8.0,"gold_loss":0.0,"damage_taken":26.0,"relics_obtained":["Golden Idol"]},{"damage_healed":0.0,"max_hp_gain":5.0,"max_hp_loss":0.0,"gold_gain":0.0,"event_name":"Big Fish","player_choice":"Donut","floor":14.0,"gold_loss":0.0,"damage_taken":0.0},{"damage_healed":0.0,"max_hp_gain":0.0,"max_hp_loss":0.0,"gold_gain":0.0,"event_name":"The Mausoleum","player_choice":"Ignored","floor":21.0,"gold_loss":0.0,"damage_taken":0.0},{"damage_healed":0.0,"max_hp_gain":0.0,"max_hp_loss":0.0,"gold_gain":0.0,"event_name":"Cursed Tome","player_choice":"Obtained Book","floor":23.0,"gold_loss":0.0,"damage_taken":21.0},{"damage_healed":0.0,"max_hp_gain":0.0,"max_hp_loss":0.0,"gold_gain":0.0,"event_name":"Vampires","player_choice":"Ignored","floor":24.0,"gold_loss":0.0,"damage_taken":0.0}],"is_beta":false,"boss_relics":[{"not_picked":["Black Star","Kintsugi"],"picked":"Electric Blood"}],"items_purged_floors":[15,33],"is_endless":false,"potions_floor_spawned":[1,2,18,20,31,32,34],"killed_by":"Automaton","ascension_level":20}}