{"host":"jlz4is0nf6zo9oab","time":1613602820,"event":{"mods":["AchievementEnabler","BaseMod","Colored Map","Colored Powertips","Highlight Path","Minty Spire (QoL Compilation)","StSLib"],"gold_per_floor":[117,46,46,46,46,71,87,87,162,162,191,202,230,244,244,320,320,333,349,349,363,383,383,383,309,309,339,339,371,371,391,391,465,465,475,13,32,0,0,0,0,19,19,19,49,49,80,80,80,80],"floor_reached":51,"language":"SPA","playtime":1592,"items_purged":[],"score":1311,"play_id":"70846d01-1608-444e-99c4-12a0bc64611d","local_time":"20210218000020","is_ascension_mode":true,"campfire_choices":[{"data":"Accuracy","floor":8,"key":"SMITH"},{"data":"Infinite Blades","floor":10,"key":"SMITH"},{"floor":15,"key":"REST"},{"floor":23,"key":"REST"},{"floor":28,"key":"REST"},{"floor":32,"key":"REST"},{"floor":40,"key":"REST"},{"floor":44,"key":"REST"},{"data":"Cloak And Dagger","floor":46,"key":"SMITH"},{"floor":49,"key":"REST"}],"circlet_count":0,"master_deck":["AscendersBane","Strike_G+1","Strike_G+1","Strike_G+1","Strike_G+1","Defend_G+1","Defend_G+1","Defend_G+1","Defend_G+1","Defend_G+1","Survivor","Neutralize","Cloak And Dagger+1","Accuracy+1","Infinite Blades+1","Accuracy+1","Cloak And Dagger+1","Blur+1","After Image","Accuracy","Accuracy","Cloak And Dagger+1","A Thousand Cuts","Blade Dance"],"relics":["Ring of the Snake","NeowsBlessing","Toy Ornithopter","Meat on the Bone","Bag of Preparation","Bottled Tornado","Black Star","Shuriken","Centennial Puzzle","Strawberry","Mercury Hourglass","Singing Bowl","HoveringKite","Nunchaku","Lee\u0027s Waffle","Red Mask","Gremlin Horn","HornCleat","The Courier","War Paint","Gambling Chip"],"acts_visited":["Exordium","TheCity","TheBeyond"],"potions_floor_usage":[11,13,13,21,22,29,29,33,37,50,50],"damage_taken":[{"damage":0,"enemies":"Jaw Worm","floor":1,"turns":1},{"damage":0,"enemies":"3 Sentries","floor":6,"turns":1},{"damage":0,"enemies":"Cultist","floor":7,"turns":1},{"damage":28,"enemies":"Gremlin Nob","floor":11,"turns":4},{"damage":0,"enemies":"2 Louse","floor":12,"turns":2},{"damage":9,"enemies":"Lagavulin","floor":13,"turns":4},{"damage":7,"enemies":"Exordium Thugs","floor":14,"turns":4},{"damage":17,"enemies":"Slime Boss","floor":16,"turns":9},{"damage":12,"enemies":"Shell Parasite","floor":18,"turns":4},{"damage":6,"enemies":"Chosen","floor":19,"turns":4},{"damage":14,"enemies":"Sentry and Sphere","floor":21,"turns":4},{"damage":22,"enemies":"Shelled Parasite and Fungi","floor":22,"turns":5},{"damage":29,"enemies":"Book of Stabbing","floor":27,"turns":6},{"damage":28,"enemies":"Gremlin Leader","floor":29,"turns":7},{"damage":10,"enemies":"Chosen and Byrds","floor":31,"turns":5},{"damage":37,"enemies":"Collector","floor":33,"turns":9},{"damage":3,"enemies":"3 Shapes","floor":35,"turns":4},{"damage":46,"enemies":"3 Darklings","floor":37,"turns":4},{"damage":27,"enemies":"Transient","floor":42,"turns":5},{"damage":11,"enemies":"Giant Head","floor":45,"turns":6},{"damage":33,"enemies":"Reptomancer","floor":47,"turns":4},{"damage":59,"enemies":"Time Eater","floor":50,"turns":7}],"seed_played":"1284791858947363988","potions_obtained":[{"floor":6,"key":"SteroidPotion"},{"floor":7,"key":"DistilledChaos"},{"floor":12,"key":"FearPotion"},{"floor":19,"key":"Dexterity Potion"},{"floor":21,"key":"Regen Potion"},{"floor":22,"key":"Poison Potion"},{"floor":27,"key":"ColorlessPotion"},{"floor":31,"key":"SkillPotion"},{"floor":45,"key":"Regen Potion"}],"is_trial":false,"path_per_floor":["M","$","?","$","?","E","M","R","T","R","E","M","E","M","R","B",null,"M","M","?","M","M","R","?","$","T","E","R","E","?","M","R","B",null,"M","$","M","?","?","R","$","M","T","R","E","R","E","?","R","B",null],"character_chosen":"THE_SILENT","items_purchased":["Accuracy","Accuracy","Blade Dance","Nunchaku","Lee\u0027s Waffle","Strength Potion","Energy Potion"],"campfire_rested":7,"item_purchase_floors":[2,25,36,36,36,36,36],"current_hp_per_floor":[63,63,63,63,63,63,63,63,63,63,40,40,41,46,67,50,65,53,47,47,38,47,68,68,68,68,46,69,49,49,41,64,44,70,69,88,56,56,56,83,83,58,58,85,76,76,57,57,85,51],"gold":80,"neow_bonus":"THREE_ENEMY_KILL","is_daily":false,"chose_seed":false,"campfire_upgraded":3,"win_rate":0.0,"timestamp":1613602820,"path_taken":["M","$","?","?","?","E","M","R","T","R","E","?","E","M","R","BOSS","M","M","?","M","M","R","?","?","T","E","R","E","?","?","R","BOSS","M","$","M","?","?","R","?","?","T","R","E","R","E","?","R","BOSS"],"items_purchased_type":["Card","Card","Card","Relic","Relic","Potion","Potion"],"build_version":"2020-12-22","purchased_purges":0,"victory":true,"max_hp_per_floor":[70,70,70,70,70,70,70,70,70,70,70,70,70,70,70,70,70,70,70,70,70,70,70,70,70,70,77,77,77,77,79,79,79,79,81,88,90,90,90,90,90,92,92,92,94,94,96,96,96,96],"card_choices":[{"not_picked":["Dagger Spray","Outmaneuver"],"picked":"Cloak And Dagger","floor":1},{"not_picked":["Dagger Throw","Noxious Fumes"],"picked":"Infinite Blades","floor":6},{"not_picked":["Heel Hook","Blur","Accuracy"],"picked":"SKIP","floor":7},{"not_picked":["Heel Hook","Blur"],"picked":"Accuracy","floor":7},{"not_picked":["Backflip","Expertise"],"picked":"Cloak And Dagger","floor":11},{"not_picked":["Poisoned Stab","Dagger Throw"],"picked":"Blur","floor":12},{"not_picked":["Deadly Poison","Endless Agony","Quick Slash"],"picked":"SKIP","floor":13},{"not_picked":["Leg Sweep","Quick Slash","Outmaneuver"],"picked":"SKIP","floor":14},{"not_picked":["Phantasmal Killer","Glass Knife"],"picked":"After Image","floor":16},{"not_picked":["All Out Attack","Terror","Dagger Spray"],"picked":"SKIP","floor":18},{"not_picked":["Bane","Quick Slash","Catalyst"],"picked":"SKIP","floor":19},{"not_picked":["Dagger Throw","Catalyst","Expertise+1"],"picked":"SKIP","floor":21},{"not_picked":["Quick Slash","Bane+1"],"picked":"Footwork","floor":22},{"not_picked":["Dodge and Roll","Concentrate+1"],"picked":"Accuracy","floor":27},{"not_picked":["Bullet Time","Skewer"],"picked":"Cloak And Dagger","floor":29},{"not_picked":["Noxious Fumes","Outmaneuver","Sucker Punch"],"picked":"Singing Bowl","floor":31},{"not_picked":["Die Die Die","Malaise"],"picked":"A Thousand Cuts","floor":33},{"not_picked":["Dagger Throw","Concentrate+1","Slice+1"],"picked":"Singing Bowl","floor":35},{"not_picked":["Caltrops","Predator","Prepared+1"],"picked":"Singing Bowl","floor":37},{"not_picked":["Dagger Throw","Underhanded Strike","Deadly Poison"],"picked":"Singing Bowl","floor":42},{"not_picked":["Expertise","Catalyst","Deadly Poison"],"picked":"Singing Bowl","floor":45},{"not_picked":["Outmaneuver","Reflex","Noxious Fumes"],"picked":"Singing Bowl","floor":47}],"player_experience":973076,"relics_obtained":[{"floor":6,"key":"Toy Ornithopter"},{"floor":9,"key":"Meat on the Bone"},{"floor":11,"key":"Bag of Preparation"},{"floor":13,"key":"Bottled Tornado"},{"floor":26,"key":"Shuriken"},{"floor":27,"key":"Centennial Puzzle"},{"floor":27,"key":"Strawberry"},{"floor":29,"key":"Mercury Hourglass"},{"floor":29,"key":"Singing Bowl"},{"floor":43,"key":"Gremlin Horn"},{"floor":45,"key":"HornCleat"},{"floor":45,"key":"The Courier"},{"floor":47,"key":"War Paint"},{"floor":47,"key":"Gambling Chip"}],"event_choices":[{"damage_healed":0,"gold_gain":0,"player_choice":"Forge","damage_taken":0,"max_hp_gain":0,"max_hp_loss":0,"event_name":"Accursed Blacksmith","floor":3,"gold_loss":0,"cards_upgraded":["Accuracy"]},{"damage_healed":0,"gold_gain":0,"player_choice":"Upgraded","damage_taken":0,"max_hp_gain":0,"max_hp_loss":0,"event_name":"Upgrade Shrine","floor":5,"gold_loss":0,"cards_upgraded":["Cloak And Dagger"]},{"damage_healed":0,"gold_gain":0,"player_choice":"Ignored","damage_taken":0,"max_hp_gain":0,"max_hp_loss":0,"event_name":"Cursed Tome","floor":20,"gold_loss":0},{"damage_healed":0,"gold_gain":0,"player_choice":"Simplicity","damage_taken":0,"max_hp_gain":0,"max_hp_loss":0,"event_name":"Back to Basics","floor":24,"gold_loss":0,"cards_upgraded":["Strike_G","Strike_G","Strike_G","Strike_G","Strike_G","Defend_G","Defend_G","Defend_G","Defend_G","Defend_G"]},{"cards_removed":["Strike_G"],"damage_healed":0,"gold_gain":0,"player_choice":"Purged","damage_taken":0,"max_hp_gain":0,"max_hp_loss":0,"event_name":"Purifier","floor":30,"gold_loss":0},{"damage_healed":0,"gold_gain":0,"player_choice":"Paid","damage_taken":0,"relics_obtained":["Red Mask"],"max_hp_gain":0,"max_hp_loss":0,"event_name":"Tomb of Lord Red Mask","floor":38,"gold_loss":32},{"cards_removed":["Footwork"],"damage_healed":0,"gold_gain":0,"player_choice":"Removed Power","damage_taken":0,"max_hp_gain":0,"max_hp_loss":0,"event_name":"Falling","floor":39,"gold_loss":0},{"damage_healed":0,"gold_gain":0,"player_choice":"Ignored","damage_taken":0,"max_hp_gain":0,"max_hp_loss":0,"event_name":"Mysterious Sphere","floor":48,"gold_loss":0}],"is_beta":false,"boss_relics":[{"not_picked":["Runic Dome","Coffee Dripper"],"picked":"Black Star"},{"not_picked":["Fusion Hammer","Velvet Choker"],"picked":"HoveringKite"}],"items_purged_floors":[],"is_endless":false,"potions_floor_spawned":[6,7,12,19,21,22,27,31,45,47],"ascension_level":13}}