{"host":"1eshbq9n813iloto","time":1613527054,"event":{"mods":["BaseMod","Better Third Choice","Hubris","Minty Spire (QoL Compilation)","SOS???????","StSLib"],"gold_per_floor":[119,119,119,119,134,161,173,173,200,275,275,303,338,338,338,338,338],"floor_reached":16,"language":"ENG","playtime":692,"items_purged":[],"score":125,"play_id":"adf9d833-57e9-4733-8d1f-c98ba0e9565e","local_time":"20210216205734","is_ascension_mode":false,"campfire_choices":[{"data":"Gilgamesh","floor":8,"key":"SMITH"},{"data":"Rebellion","floor":11,"key":"SMITH"},{"data":"LucifercomboA","floor":15,"key":"SMITH"}],"circlet_count":0,"master_deck":["Attack_a","Attack_a","Attack_b","Shoot","Shoot","Provocation","Defend_Dante","Defend_Dante","Defend_Dante","Defend_Dante","Redorb","Fullhouse+1","LucifercomboA+1","Gilgamesh+1","Rebellion+1","Shock","Gunstinger"],"relics":["SSS","Combocheck","NeowsBlessing","hubris:TenFootPole","Dream Catcher"],"acts_visited":["Exordium"],"potions_floor_usage":[13,16,16],"damage_taken":[{"damage":0,"enemies":"Small Slimes","floor":1,"turns":2},{"damage":0,"enemies":"2 Louse","floor":5,"turns":1},{"damage":0,"enemies":"Lagavulin","floor":6,"turns":1},{"damage":2,"enemies":"Cultist","floor":7,"turns":3},{"damage":27,"enemies":"Exordium Wildlife","floor":12,"turns":4},{"damage":17,"enemies":"2 Fungi Beasts","floor":13,"turns":3},{"damage":57,"enemies":"Slime Boss","floor":16,"turns":5}],"seed_played":"-5550920431119490301","potions_obtained":[{"floor":1,"key":"LiquidBronze"},{"floor":4,"key":"GamblersBrew"},{"floor":4,"key":"LiquidMemories"},{"floor":4,"key":"LiquidMemories"}],"is_trial":false,"path_per_floor":["M","?","?","?","M","E","M","R","T","?","R","M","M","?","R","B"],"character_chosen":"DANTE","items_purchased":[],"campfire_rested":0,"item_purchase_floors":[],"current_hp_per_floor":[80,80,80,80,80,80,78,78,78,73,73,46,29,55,55,0,0],"gold":338,"neow_bonus":"THREE_ENEMY_KILL","is_daily":false,"chose_seed":false,"campfire_upgraded":3,"win_rate":0.0,"timestamp":1613527054,"path_taken":["M","?","?","?","?","E","M","R","T","?","R","M","M","?","R","BOSS"],"items_purchased_type":[],"build_version":"2020-12-13","purchased_purges":0,"victory":false,"max_hp_per_floor":[80,80,80,80,80,80,80,80,80,80,80,80,80,80,80,80,80],"card_choices":[{"not_picked":["Holywater","DT"],"picked":"Fullhouse","floor":1},{"not_picked":["Chargeshoot","Holywater"],"picked":"LucifercomboA","floor":5},{"not_picked":["Pandora","Fullhouse"],"picked":"Gilgamesh","floor":6},{"not_picked":["Gilgamesh","Doubleshoot"],"picked":"Rebellion","floor":7},{"not_picked":["Holywater","Dash1"],"picked":"Shock","floor":12},{"not_picked":["Doubleshoot","VitalstarS"],"picked":"Gunstinger","floor":13}],"player_experience":29894,"relics_obtained":[{"floor":6,"key":"hubris:TenFootPole"},{"floor":9,"key":"Dream Catcher"}],"event_choices":[{"damage_healed":0,"gold_gain":0,"player_choice":"Grow","damage_taken":0,"max_hp_gain":0,"max_hp_loss":0,"event_name":"Living Wall","floor":2,"gold_loss":0,"cards_upgraded":["Fullhouse"]},{"damage_healed":0,"gold_gain":0,"player_choice":"Leave","damage_taken":0,"max_hp_gain":0,"max_hp_loss":0,"event_name":"The Cleric","floor":3,"gold_loss":0},{"damage_healed":0,"gold_gain":0,"player_choice":"Got Potions","damage_taken":0,"max_hp_gain":0,"max_hp_loss":0,"event_name":"Lab","floor":4,"gold_loss":0},{"damage_healed":0,"gold_gain":75,"player_choice":"Gold","damage_taken":11,"max_hp_gain":0,"max_hp_loss":0,"event_name":"betterThird:BetterGoop","floor":10,"gold_loss":0},{"damage_healed":26,"gold_gain":0,"player_choice":"Banana","damage_taken":0,"max_hp_gain":0,"max_hp_loss":0,"event_name":"Big Fish","floor":14,"gold_loss":0}],"is_beta":false,"boss_relics":[],"items_purged_floors":[],"is_endless":false,"potions_floor_spawned":[1,12],"killed_by":"Slime Boss","ascension_level":0}}