{"host":"ufhw4cf0hh51lveu","time":1613558668,"event":{"mods":["BaseMod","DeckTracker","Minty Spire (QoL Compilation)","SuperFastMode"],"gold_per_floor":[115,66,66,80,80,80,26,26,78,111,131,209,159,169,169,270,270,281,206,206,221,18,18,34,34,34,44,44,143,154,181,181,279,279,298,345,345,356,356,356,366,16,16,16,66,66,80,95,95,95,95],"floor_reached":50,"language":"KOR","playtime":1197,"items_purged":["Strike_R","Strike_R"],"score":488,"play_id":"1c367583-fc6f-4c3d-839c-25754522f668","local_time":"20210217194428","is_ascension_mode":false,"campfire_choices":[{"data":"Heavy Blade","floor":6.0,"key":"SMITH"},{"data":"Bash","floor":8.0,"key":"SMITH"},{"data":"Ghostly Armor","floor":15.0,"key":"SMITH"},{"data":"Inflame","floor":23.0,"key":"SMITH"},{"data":"Inflame","floor":25.0,"key":"SMITH"},{"data":"Inflame","floor":28.0,"key":"SMITH"},{"data":"Searing Blow","floor":32.0,"key":"SMITH"},{"data":"Feed","floor":40,"key":"SMITH"},{"data":"Twin Strike","floor":44,"key":"SMITH"},{"data":"Ghostly Armor","floor":46,"key":"SMITH"},{"floor":49,"key":"REST"}],"circlet_count":0,"master_deck":["Defend_R","Defend_R","Defend_R","Defend_R","Bash+1","Heavy Blade+1","Inflame+1","Cleave","Shrug It Off","Ghostly Armor+1","Sword Boomerang","Reaper","Inflame+1","Twin Strike+1","Searing Blow+1","Feed+1","Heavy Blade","Inflame+1","Rampage","Ghostly Armor+1"],"relics":["Burning Blood","NeowsBlessing","Regal Pillow","Bronze Scales","Sozu","Nloth\u0027s Gift","Oddly Smooth Stone","Strawberry","SacredBark","Bird Faced Urn","Shuriken","Frozen Egg 2","StoneCalendar"],"acts_visited":["Exordium","TheCity","TheBeyond"],"potions_floor_usage":[],"damage_taken":[{"damage":0.0,"enemies":"Jaw Worm","floor":1.0,"turns":1.0},{"damage":0.0,"enemies":"Cultist","floor":4.0,"turns":1.0},{"damage":0.0,"enemies":"3 Sentries","floor":10.0,"turns":2.0},{"damage":10.0,"enemies":"2 Louse","floor":11.0,"turns":2.0},{"damage":7.0,"enemies":"2 Fungi Beasts","floor":14.0,"turns":3.0},{"damage":33.0,"enemies":"Slime Boss","floor":16.0,"turns":12.0},{"damage":15.0,"enemies":"2 Thieves","floor":18.0,"turns":4.0},{"damage":13.0,"enemies":"Spheric Guardian","floor":21.0,"turns":4.0},{"damage":6.0,"enemies":"Snake Plant","floor":24.0,"turns":4.0},{"damage":1.0,"enemies":"Snecko","floor":27.0,"turns":3.0},{"damage":7.0,"enemies":"Shelled Parasite and Fungi","floor":30.0,"turns":3.0},{"damage":36.0,"enemies":"Champ","floor":33.0,"turns":8.0},{"damage":1.0,"enemies":"3 Darklings","floor":35.0,"turns":6.0},{"damage":78,"enemies":"2 Orb Walkers","floor":36,"turns":6},{"damage":14,"enemies":"3 Shapes","floor":38,"turns":4},{"damage":11,"enemies":"Jaw Worm Horde","floor":41,"turns":3},{"damage":4,"enemies":"Mind Bloom Boss Battle","floor":45,"turns":5},{"damage":69,"enemies":"Writhing Mass","floor":47,"turns":5},{"damage":65,"enemies":"4 Shapes","floor":48,"turns":4},{"damage":88,"enemies":"Awakened One","floor":50,"turns":5}],"seed_played":"8582850474427207460","potions_obtained":[{"floor":1.0,"key":"HeartOfIron"},{"floor":10.0,"key":"Energy Potion"},{"floor":11.0,"key":"Regen Potion"},{"floor":16.0,"key":"DuplicationPotion"}],"is_trial":false,"path_per_floor":["M","$","?","M","?","R","$","R","T","E","M","?","?","M","R","B",null,"M","?","?","M","$","R","M","R","T","M","R","?","M","T","R","B",null,"M","?","?","M","?","R","M","$","T","R","?","R","M","M","R","B"],"character_chosen":"IRONCLAD","items_purchased":["Heavy Blade","Cleave","Twin Strike","Inflame","Shuriken"],"campfire_rested":1,"item_purchase_floors":[2,7,22,22,42],"current_hp_per_floor":[80,80,80,80,77,77,77,77,77,80,76,76,76,80,80,53,80,71,71,71,64,64,64,64,64,64,69,69,69,79,86,86,69,87,87,41,76,75,75,75,78,78,78,78,83,83,33,10,51,0,0],"gold":95,"neow_bonus":"THREE_ENEMY_KILL","is_daily":false,"chose_seed":false,"campfire_upgraded":10,"win_rate":0.0,"timestamp":1613558668,"path_taken":["M","$","?","?","?","R","?","R","T","E","M","?","?","M","R","BOSS","M","?","?","M","$","R","M","R","T","?","R","?","M","?","R","BOSS","M","?","?","M","?","R","M","$","T","R","?","R","M","M","R","BOSS"],"items_purchased_type":["Card","Card","Card","Card","Relic"],"build_version":"2020-12-22","purchased_purges":2,"victory":false,"max_hp_per_floor":[80,80,80,80,80,80,80,80,80,80,80,80,80,80,80,80,80,80,80,80,80,80,80,80,80,80,80,80,80,80,87,87,87,87,87,87,76,79,79,79,83,83,83,83,83,83,83,87,87,91,91],"card_choices":[{"not_picked":["Infernal Blade","Headbutt","Clash"],"picked":"SKIP","floor":1.0},{"not_picked":["Perfected Strike","Dual Wield"],"picked":"Inflame","floor":4.0},{"not_picked":["Second Wind","Uppercut"],"picked":"Shrug It Off","floor":10.0},{"not_picked":["Second Wind","Body Slam"],"picked":"Ghostly Armor","floor":11.0},{"not_picked":["Armaments","Headbutt"],"picked":"Sword Boomerang","floor":14.0},{"not_picked":["Barricade","Immolate"],"picked":"Reaper","floor":16.0},{"not_picked":["Anger","Headbutt"],"picked":"Inflame","floor":18.0},{"not_picked":["Headbutt","Body Slam","Armaments"],"picked":"SKIP","floor":21.0},{"not_picked":["Body Slam","Seeing Red"],"picked":"Searing Blow","floor":24.0},{"not_picked":["Fire Breathing","Infernal Blade","Thunderclap"],"picked":"SKIP","floor":27.0},{"not_picked":["Cleave","Second Wind","Clash"],"picked":"SKIP","floor":30.0},{"not_picked":["Reaper","Corruption"],"picked":"Feed","floor":33.0},{"not_picked":["Pommel Strike","Warcry"],"picked":"Heavy Blade","floor":35},{"not_picked":["Metallicize","Headbutt"],"picked":"Inflame+1","floor":36},{"not_picked":["Wild Strike+1","Body Slam+1"],"picked":"Rampage","floor":38},{"not_picked":["Perfected Strike+1","Body Slam+1","True Grit+1"],"picked":"SKIP","floor":41},{"not_picked":["Pommel Strike","Shrug It Off"],"picked":"Ghostly Armor","floor":45},{"not_picked":["Perfected Strike+1","Iron Wave+1","Anger"],"picked":"SKIP","floor":47},{"not_picked":["Metallicize+1","Twin Strike","Clothesline"],"picked":"SKIP","floor":48}],"player_experience":27544,"relics_obtained":[{"floor":9.0,"key":"Regal Pillow"},{"floor":10.0,"key":"Bronze Scales"},{"floor":26.0,"key":"Oddly Smooth Stone"},{"floor":31.0,"key":"Strawberry"},{"floor":36,"key":"Bird Faced Urn"},{"floor":43,"key":"Frozen Egg 2"},{"floor":45,"key":"StoneCalendar"}],"event_choices":[{"cards_removed":["Strike_R"],"damage_healed":0.0,"max_hp_gain":0.0,"max_hp_loss":0.0,"gold_gain":0.0,"event_name":"Purifier","player_choice":"Purged","floor":3.0,"gold_loss":0.0,"damage_taken":0.0},{"damage_healed":0.0,"max_hp_gain":0.0,"max_hp_loss":0.0,"gold_gain":0.0,"event_name":"Scrap Ooze","player_choice":"Success","floor":5.0,"gold_loss":0.0,"damage_taken":3.0,"relics_obtained":["Potion Belt"]},{"damage_healed":0.0,"max_hp_gain":0.0,"max_hp_loss":0.0,"gold_gain":78.0,"event_name":"Golden Wing","player_choice":"Gained Gold","floor":12.0,"gold_loss":0.0,"damage_taken":0.0},{"cards_removed":["Strike_R"],"damage_healed":0.0,"max_hp_gain":0.0,"max_hp_loss":0.0,"gold_gain":0.0,"event_name":"The Cleric","player_choice":"Card Removal","floor":13.0,"gold_loss":50.0,"damage_taken":0.0},{"cards_removed":["Strike_R"],"damage_healed":0.0,"max_hp_gain":0.0,"max_hp_loss":0.0,"gold_gain":0.0,"event_name":"Beggar","player_choice":"Gave Gold","floor":19.0,"gold_loss":75.0,"damage_taken":0.0},{"damage_healed":0.0,"max_hp_gain":0.0,"max_hp_loss":0.0,"gold_gain":0.0,"event_name":"N\u0027loth","player_choice":"Traded Relic","floor":20.0,"relics_lost":["Potion Belt"],"gold_loss":0.0,"damage_taken":0.0,"relics_obtained":["Nloth\u0027s Gift"]},{"damage_healed":0.0,"max_hp_gain":0.0,"max_hp_loss":0.0,"gold_gain":99.0,"event_name":"Nest","player_choice":"Stole From Cult","floor":29.0,"gold_loss":0.0,"damage_taken":0.0},{"damage_healed":0,"gold_gain":0,"player_choice":"Fight","damage_taken":0,"max_hp_gain":0,"max_hp_loss":0,"event_name":"Mysterious Sphere","floor":36,"gold_loss":0},{"damage_healed":76,"gold_gain":0,"player_choice":"Heal","damage_taken":0,"max_hp_gain":0,"max_hp_loss":11,"event_name":"The Moai Head","floor":37,"gold_loss":0},{"cards_removed":["Inflame"],"damage_healed":0,"gold_gain":0,"player_choice":"Removed Power","damage_taken":0,"max_hp_gain":0,"max_hp_loss":0,"event_name":"Falling","floor":39,"gold_loss":0},{"damage_healed":0,"gold_gain":0,"player_choice":"Fight","damage_taken":0,"max_hp_gain":0,"max_hp_loss":0,"event_name":"MindBloom","floor":45,"gold_loss":0}],"is_beta":false,"boss_relics":[{"not_picked":["Runic Cube","Astrolabe"],"picked":"Sozu"},{"not_picked":["Velvet Choker","Cursed Key"],"picked":"SacredBark"}],"items_purged_floors":[22,42],"is_endless":false,"potions_floor_spawned":[1,10,11,16,21,38,45,47,48],"killed_by":"Awakened One","ascension_level":0}}