{"host":"en4narc5947t7k9n","time":1613542017,"event":{"mods":["AchievementEnabler","BaseMod","Colored Map","Minty Spire (QoL Compilation)","SuperFastMode"],"gold_per_floor":[211,211,229,154,164,164,181,202,202,202,202,277,304,15,15,116,116,135,135,148,166,181,181,195,213,213,313,313,340,340,375,375,375,375],"floor_reached":33,"language":"KOR","playtime":1958,"items_purged":["Strike_R"],"score":265,"play_id":"1726b386-8422-41e5-878c-366472abb34e","local_time":"20210217150657","is_ascension_mode":false,"campfire_choices":[{"data":"Anger","floor":6,"key":"SMITH"},{"data":"Rampage","floor":10,"key":"SMITH"},{"data":"Infernal Blade","floor":15,"key":"SMITH"},{"data":"Exhume","floor":23,"key":"SMITH"},{"data":"Barricade","floor":28,"key":"SMITH"},{"data":"Shockwave","floor":32,"key":"SMITH"}],"circlet_count":0,"master_deck":["Strike_R","Strike_R+1","Strike_R","Defend_R","Defend_R","Defend_R","Defend_R","Bash+1","Rampage+1","Anger+1","Dropkick","Flame Barrier","Power Through","Flex","Infernal Blade+1","Exhume+1","Headbutt","Infernal Blade+1","Fire Breathing","Intimidate","Pommel Strike+1","Clash","Barricade+1","Shockwave+1"],"relics":["Burning Blood","Odd Mushroom","Gremlin Horn","Mercury Hourglass","Sundial","Coffee Dripper","Eternal Feather","Ornamental Fan","StoneCalendar","InkBottle","Lantern","Matryoshka","MealTicket"],"acts_visited":["Exordium","TheCity"],"potions_floor_usage":[8,8,13,13,16,22,27,33,33,33],"damage_taken":[{"damage":11,"enemies":"Small Slimes","floor":1,"turns":5},{"damage":7,"enemies":"2 Louse","floor":3,"turns":3},{"damage":1,"enemies":"Cultist","floor":5,"turns":4},{"damage":4,"enemies":"3 Louse","floor":7,"turns":4},{"damage":25,"enemies":"The Mushroom Lair","floor":8,"turns":4},{"damage":1,"enemies":"Gremlin Nob","floor":13,"turns":4},{"damage":30,"enemies":"The Guardian","floor":16,"turns":9},{"damage":3,"enemies":"Shell Parasite","floor":18,"turns":5},{"damage":11,"enemies":"2 Thieves","floor":20,"turns":4},{"damage":2,"enemies":"Snake Plant","floor":21,"turns":3},{"damage":0,"enemies":"Chosen and Byrds","floor":22,"turns":3},{"damage":23,"enemies":"Snecko","floor":24,"turns":6},{"damage":29,"enemies":"Centurion and Healer","floor":25,"turns":5},{"damage":13,"enemies":"Colosseum Slavers","floor":27,"turns":3},{"damage":5,"enemies":"Colosseum Nobs","floor":27,"turns":4},{"damage":22,"enemies":"Slavers","floor":31,"turns":4},{"damage":43,"enemies":"Collector","floor":33,"turns":6}],"seed_played":"-4209397048507828914","potions_obtained":[{"floor":1,"key":"DuplicationPotion"},{"floor":5,"key":"GamblersBrew"},{"floor":7,"key":"GamblersBrew"},{"floor":8,"key":"CultistPotion"},{"floor":13,"key":"Strength Potion"},{"floor":18,"key":"GamblersBrew"},{"floor":21,"key":"GamblersBrew"},{"floor":25,"key":"SteroidPotion"},{"floor":27,"key":"Fire Potion"},{"floor":31,"key":"Strength Potion"}],"is_trial":false,"path_per_floor":["M","?","M","$","M","R","M","?","T","R","?","?","E","$","R","B",null,"M","?","M","M","M","R","M","M","T","?","R","T","T","E","R","B"],"character_chosen":"IRONCLAD","items_purchased":["Infernal Blade","Sundial"],"campfire_rested":0,"item_purchase_floors":[14,14],"current_hp_per_floor":[75,59,58,58,63,63,65,46,46,46,46,35,40,40,40,16,80,80,80,75,79,80,80,63,40,40,34,46,46,46,30,42,0,0],"gold":375,"neow_bonus":"HUNDRED_GOLD","is_daily":false,"chose_seed":false,"campfire_upgraded":6,"win_rate":0.0,"timestamp":1613542017,"path_taken":["M","?","M","$","M","R","M","?","T","R","?","?","E","$","R","BOSS","M","?","M","M","?","R","M","M","T","?","R","?","?","E","R","BOSS"],"items_purchased_type":["Card","Relic"],"build_version":"2020-12-22","purchased_purges":1,"victory":false,"max_hp_per_floor":[80,80,80,80,80,80,80,80,80,80,80,80,80,80,80,80,80,80,80,80,80,80,80,80,80,80,80,80,80,80,80,80,80,80],"card_choices":[{"not_picked":["Entrench","Heavy Blade"],"picked":"Rampage","floor":1},{"not_picked":["Twin Strike","Hemokinesis"],"picked":"Flex","floor":3},{"not_picked":["Twin Strike","Brutality"],"picked":"Anger","floor":5},{"not_picked":["Armaments","Iron Wave"],"picked":"Dropkick","floor":7},{"not_picked":["Flex","Pommel Strike"],"picked":"Flame Barrier","floor":8},{"not_picked":["Iron Wave","Hemokinesis"],"picked":"Flex","floor":13},{"not_picked":["Offering","Limit Break"],"picked":"Exhume","floor":16},{"not_picked":["Cleave","True Grit"],"picked":"Headbutt","floor":18},{"not_picked":["Clash+1","True Grit"],"picked":"Infernal Blade+1","floor":20},{"not_picked":["Heavy Blade","Wild Strike"],"picked":"Fire Breathing","floor":21},{"not_picked":["Wild Strike+1","Clothesline+1"],"picked":"Intimidate","floor":22},{"not_picked":["Dual Wield","Dark Embrace"],"picked":"Pommel Strike+1","floor":24},{"not_picked":["Headbutt","Shrug It Off"],"picked":"Clash","floor":25},{"not_picked":["Blood for Blood","Inflame"],"picked":"Barricade","floor":27},{"not_picked":["Iron Wave+1","Armaments"],"picked":"Shockwave","floor":31}],"player_experience":26959,"relics_obtained":[{"floor":8,"key":"Odd Mushroom"},{"floor":9,"key":"Gremlin Horn"},{"floor":13,"key":"Mercury Hourglass"},{"floor":26,"key":"Ornamental Fan"},{"floor":27,"key":"StoneCalendar"},{"floor":27,"key":"InkBottle"},{"floor":29,"key":"Lantern"},{"floor":30,"key":"Matryoshka"},{"floor":31,"key":"MealTicket"}],"event_choices":[{"damage_healed":0,"gold_gain":0,"player_choice":"Entered Light","damage_taken":16,"max_hp_gain":0,"max_hp_loss":0,"event_name":"Shining Light","floor":2,"gold_loss":0,"cards_upgraded":["Bash","Strike_R"]},{"damage_healed":0,"gold_gain":0,"player_choice":"Fought Mushrooms","damage_taken":0,"max_hp_gain":0,"max_hp_loss":0,"event_name":"Mushrooms","floor":8,"gold_loss":0},{"damage_healed":0,"gold_gain":0,"cards_transformed":["Strike_R"],"player_choice":"Change","damage_taken":0,"max_hp_gain":0,"max_hp_loss":0,"event_name":"Living Wall","floor":11,"gold_loss":0,"cards_obtained":["Power Through"]},{"damage_healed":0,"gold_gain":75,"player_choice":"Gather Gold","damage_taken":11,"max_hp_gain":0,"max_hp_loss":0,"event_name":"World of Goop","floor":12,"gold_loss":0},{"cards_removed":["Flex"],"damage_healed":0,"gold_gain":0,"player_choice":"Gave Card","damage_taken":0,"relics_obtained":["Eternal Feather"],"max_hp_gain":0,"max_hp_loss":0,"event_name":"WeMeetAgain","floor":19,"gold_loss":0},{"damage_healed":0,"gold_gain":0,"player_choice":"Fight","damage_taken":0,"max_hp_gain":0,"max_hp_loss":0,"event_name":"Colosseum","floor":27,"gold_loss":0},{"damage_healed":0,"gold_gain":0,"player_choice":"Fought Nobs","damage_taken":0,"max_hp_gain":0,"max_hp_loss":0,"event_name":"Colosseum","floor":27,"gold_loss":0}],"is_beta":false,"boss_relics":[{"not_picked":["Sozu","Runic Dome"],"picked":"Coffee Dripper"}],"items_purged_floors":[4],"is_endless":false,"potions_floor_spawned":[1,5,7,8,13,18,21,25,27,31],"killed_by":"Collector","ascension_level":0}}