{"host":"t4313i2190y6fz3q","time":1613530211,"event":{"mods":["2.2 Compatiblity","AchievementEnabler","Act Like it!","BaseMod","Colored Powertips","Minty Spire (QoL Compilation)","Permanent Neow","Quick Restart","Rare Cards Sparkle","StSLib"],"gold_per_floor":[117,117,127,302,312,312,326,326,326,99,129,129,171,199,199,285,285,298,213,236,261,283,283,283,283],"floor_reached":24,"language":"ENG","playtime":697,"items_purged":["Doubt"],"score":354,"play_id":"46319261-5627-4001-a856-526846b6d9ed","local_time":"20210216185011","is_ascension_mode":true,"campfire_choices":[{"floor":6.0,"key":"REST"},{"floor":8.0,"key":"REST"},{"data":"Dualcast","floor":15.0,"key":"SMITH"},{"floor":23,"key":"REST"}],"circlet_count":0,"master_deck":["AscendersBane","Strike_B","Strike_B","Strike_B+1","Strike_B","Defend_B","Defend_B","Defend_B","Defend_B","Zap","Dualcast+1","Electrodynamics","Conserve Battery+1","Chaos","Aggregate","Lockon","All For One","Loop","Cold Snap","Ball Lightning","Seek","Sunder+1","Steam Power","Defragment+1"],"relics":["Cracked Core","Ancient Tea Set","Pantograph","CeramicFish","SlaversCollar","Incense Burner"],"acts_visited":["Exordium","TheCity"],"potions_floor_usage":[22],"damage_taken":[{"damage":11.0,"enemies":"Jaw Worm","floor":1.0,"turns":4.0},{"damage":7.0,"enemies":"Small Slimes","floor":3.0,"turns":3.0},{"damage":0.0,"enemies":"2 Louse","floor":5.0,"turns":1.0},{"damage":18.0,"enemies":"Large Slime","floor":7.0,"turns":7.0},{"damage":15.0,"enemies":"3 Sentries","floor":11.0,"turns":4.0},{"damage":36.0,"enemies":"Gremlin Nob","floor":13.0,"turns":5.0},{"damage":1.0,"enemies":"2 Fungi Beasts","floor":14.0,"turns":2.0},{"damage":16.0,"enemies":"Slime Boss","floor":16.0,"turns":8.0},{"damage":0.0,"enemies":"2 Thieves","floor":18.0,"turns":1.0},{"damage":6.0,"enemies":"Spheric Guardian","floor":20.0,"turns":3.0},{"damage":13.0,"enemies":"Snecko","floor":21.0,"turns":4.0},{"damage":35,"enemies":"Centurion and Healer","floor":22,"turns":4},{"damage":26,"enemies":"Gremlin Leader","floor":24,"turns":4}],"seed_played":"-4173214326722479493","potions_obtained":[{"floor":1.0,"key":"Ancient Potion"},{"floor":7.0,"key":"PowerPotion"},{"floor":16.0,"key":"EntropicBrew"},{"floor":20.0,"key":"BlessingOfTheForge"},{"floor":21.0,"key":"Energy Potion"}],"is_trial":false,"path_per_floor":["M","?","M","?","M","R","M","R","T","$","E","?","E","M","R","B",null,"M","?","M","M","M","R","E"],"character_chosen":"DEFECT","items_purchased":["All For One","Loop"],"campfire_rested":3,"item_purchase_floors":[10,10],"current_hp_per_floor":[35,21,14,14,14,35,17,38,38,38,23,46,10,9,9,18,58,58,58,52,39,4,25,0,0],"gold":283,"neow_bonus":"THREE_RARE_CARDS","is_daily":false,"chose_seed":false,"campfire_upgraded":1,"win_rate":0.0,"timestamp":1613530211,"path_taken":["M","?","M","?","M","R","M","R","T","$","E","?","E","M","R","BOSS","M","?","M","M","M","R","E"],"items_purchased_type":["Card","Card"],"build_version":"2020-12-22","purchased_purges":1,"victory":false,"max_hp_per_floor":[71,71,71,71,71,71,71,71,71,71,71,71,71,71,71,71,71,71,71,71,71,71,71,71,71],"card_choices":[{"not_picked":["Multi-Cast","Core Surge"],"picked":"Electrodynamics","floor":0.0},{"not_picked":["Doom and Gloom","Leap"],"picked":"Conserve Battery","floor":1.0},{"not_picked":["Leap","Redo"],"picked":"Chaos","floor":3.0},{"not_picked":["Rebound","Turbo"],"picked":"Aggregate","floor":5.0},{"not_picked":["Leap","BootSequence"],"picked":"Lockon","floor":7.0},{"not_picked":["Redo","Lockon","Turbo"],"picked":"SKIP","floor":11.0},{"not_picked":["Reprogram","Darkness"],"picked":"Cold Snap","floor":13.0},{"not_picked":["Electrodynamics","Doom and Gloom"],"picked":"Ball Lightning","floor":14.0},{"not_picked":["Meteor Strike","Reboot"],"picked":"Seek","floor":16.0},{"not_picked":["Cold Snap","Streamline","Redo"],"picked":"SKIP","floor":18.0},{"not_picked":["White Noise","Self Repair"],"picked":"Sunder+1","floor":20.0},{"not_picked":["Redo","Streamline"],"picked":"Steam Power","floor":21.0},{"not_picked":["Rebound","Compile Driver"],"picked":"Defragment+1","floor":22}],"player_experience":199886,"relics_obtained":[{"floor":9.0,"key":"Ancient Tea Set"},{"floor":11.0,"key":"Pantograph"},{"floor":13.0,"key":"CeramicFish"}],"event_choices":[{"damage_healed":0.0,"max_hp_gain":0.0,"max_hp_loss":0.0,"gold_gain":0.0,"event_name":"Shining Light","player_choice":"Entered Light","floor":2.0,"gold_loss":0.0,"damage_taken":14.0,"cards_upgraded":["Conserve Battery","Strike_B"]},{"damage_healed":0.0,"max_hp_gain":0.0,"max_hp_loss":0.0,"gold_gain":175.0,"event_name":"Liars Game","player_choice":"AGREE","floor":4.0,"gold_loss":0.0,"damage_taken":0.0,"cards_obtained":["Doubt"]},{"damage_healed":23.0,"max_hp_gain":0.0,"max_hp_loss":0.0,"gold_gain":0.0,"event_name":"Big Fish","player_choice":"Banana","floor":12.0,"gold_loss":0.0,"damage_taken":0.0},{"damage_healed":0.0,"max_hp_gain":0.0,"max_hp_loss":0.0,"gold_gain":0.0,"event_name":"Addict","player_choice":"Obtained Relic","floor":19.0,"gold_loss":85.0,"damage_taken":0.0,"relics_obtained":["Incense Burner"]}],"is_beta":false,"boss_relics":[{"not_picked":["Velvet Choker","Runic Pyramid"],"picked":"SlaversCollar"}],"items_purged_floors":[10],"is_endless":false,"potions_floor_spawned":[1,7,11,16,20,21],"killed_by":"Gremlin Leader","ascension_level":14}}