{"host":"15dd7v8o90xso62x","time":1613575071,"event":{"mods":["BaseMod","Minty Spire (QoL Compilation)","Quick Restart","StSLib","SuperFastMode"],"gold_per_floor":[112,112,187,112,125,125,159,159,159,159,183,201,219,238,238,311,311,324,339,356,366,9,9,28,28,28,82,109,128,128,141,141,141,141],"floor_reached":33,"language":"KOR","playtime":836,"items_purged":["Strike_G"],"score":548,"play_id":"b1f9ec8b-d72c-4829-a784-5f843641ee0a","local_time":"20210218001751","is_ascension_mode":true,"campfire_choices":[{"data":"Blade Dance","floor":6.0,"key":"SMITH"},{"data":"Eviscerate","floor":8.0,"key":"SMITH"},{"data":"Malaise","floor":15.0,"key":"SMITH"},{"floor":23.0,"key":"REST"},{"data":"Cloak And Dagger","floor":25.0,"key":"SMITH"},{"data":"Prepared","floor":32.0,"key":"SMITH"}],"circlet_count":0,"master_deck":["AscendersBane","Strike_G","Strike_G","Strike_G","Strike_G","Defend_G","Defend_G+1","Defend_G","Defend_G","Survivor+1","Neutralize","Eviscerate+1","Blade Dance+1","Malaise+1","After Image","CurseOfTheBell","Blade Dance+1","PiercingWail","Blur","Cloak And Dagger+1","Corpse Explosion","Prepared+1"],"relics":["Ring of the Snake","NeowsBlessing","Happy Flower","Du-Vu Doll","Art of War","Calling Bell","Oddly Smooth Stone","Ninja Scroll","Shovel","Sundial","Singing Bowl","Potion Belt","Pen Nib"],"acts_visited":["Exordium","TheCity"],"potions_floor_usage":[33],"damage_taken":[{"damage":0.0,"enemies":"Jaw Worm","floor":1.0,"turns":1.0},{"damage":0.0,"enemies":"2 Louse","floor":5.0,"turns":1.0},{"damage":0.0,"enemies":"Gremlin Nob","floor":7.0,"turns":1.0},{"damage":0.0,"enemies":"Small Slimes","floor":12.0,"turns":2.0},{"damage":7.0,"enemies":"Red Slaver","floor":13.0,"turns":4.0},{"damage":15.0,"enemies":"Exordium Thugs","floor":14.0,"turns":7.0},{"damage":20.0,"enemies":"The Guardian","floor":16.0,"turns":17.0},{"damage":0.0,"enemies":"Spheric Guardian","floor":18.0,"turns":1.0},{"damage":1.0,"enemies":"2 Thieves","floor":19.0,"turns":3.0},{"damage":30.0,"enemies":"Shelled Parasite and Fungi","floor":20.0,"turns":5.0},{"damage":4.0,"enemies":"Cultist and Chosen","floor":21.0,"turns":7.0},{"damage":1.0,"enemies":"Centurion and Healer","floor":24.0,"turns":9.0},{"damage":0.0,"enemies":"3 Cultists","floor":29.0,"turns":5.0},{"damage":0.0,"enemies":"Snake Plant","floor":31.0,"turns":2.0},{"damage":48,"enemies":"Collector","floor":33,"turns":5}],"seed_played":"-4449366107859412941","potions_obtained":[{"floor":1.0,"key":"Ancient Potion"},{"floor":12.0,"key":"BlessingOfTheForge"},{"floor":18.0,"key":"SmokeBomb"},{"floor":19.0,"key":"CunningPotion"},{"floor":21.0,"key":"PowerPotion"}],"is_trial":false,"path_per_floor":["M","?","?","?","M","R","E","R","T","?","T","M","M","M","R","B",null,"M","M","M","M","$","R","M","R","T","T","T","M","?","M","R","B"],"character_chosen":"THE_SILENT","items_purchased":["Sundial"],"campfire_rested":1,"item_purchase_floors":[22],"current_hp_per_floor":[59,39,28,28,28,28,28,28,28,50,50,50,43,28,28,8,52,52,51,21,17,17,36,35,35,35,35,35,35,35,35,35,0,0],"gold":141,"neow_bonus":"THREE_ENEMY_KILL","is_daily":false,"chose_seed":false,"campfire_upgraded":5,"win_rate":0.0,"timestamp":1613575071,"path_taken":["M","?","?","?","M","R","E","R","T","?","?","M","M","M","R","BOSS","M","M","M","M","$","R","M","R","T","?","?","?","?","M","R","BOSS"],"items_purchased_type":["Relic"],"build_version":"2020-12-22","purchased_purges":1,"victory":false,"max_hp_per_floor":[66,66,66,66,66,66,66,66,66,66,66,66,66,66,66,66,66,66,66,66,66,66,66,66,66,66,66,66,66,66,66,66,66,66],"card_choices":[{"not_picked":["Flying Knee","Sucker Punch"],"picked":"Eviscerate","floor":1.0},{"not_picked":["All Out Attack","Masterful Stab"],"picked":"Blade Dance","floor":5.0},{"not_picked":["PiercingWail","Bane","Eviscerate"],"picked":"SKIP","floor":7.0},{"not_picked":["Heel Hook","Deflect"],"picked":"Malaise","floor":12.0},{"not_picked":["Deadly Poison","Skewer","Bane"],"picked":"SKIP","floor":13.0},{"not_picked":["Deadly Poison","Blade Dance","Sucker Punch"],"picked":"SKIP","floor":14.0},{"not_picked":["Night Terror","Doppelganger"],"picked":"After Image","floor":16.0},{"not_picked":["Outmaneuver","Underhanded Strike"],"picked":"Blade Dance+1","floor":18.0},{"not_picked":["Blade Dance","PiercingWail","Outmaneuver"],"picked":"SKIP","floor":19.0},{"not_picked":["Blade Dance","Outmaneuver"],"picked":"PiercingWail","floor":19.0},{"not_picked":["PiercingWail","Quick Slash"],"picked":"Blur","floor":20.0},{"not_picked":["Outmaneuver","Setup","PiercingWail"],"picked":"SKIP","floor":21.0},{"not_picked":["Eviscerate","Dodge and Roll"],"picked":"Cloak And Dagger","floor":24.0},{"not_picked":["Sucker Punch","Underhanded Strike"],"picked":"Corpse Explosion","floor":29.0},{"not_picked":["Underhanded Strike","Flying Knee"],"picked":"Prepared","floor":31.0}],"player_experience":955441,"relics_obtained":[{"floor":7.0,"key":"Happy Flower"},{"floor":9.0,"key":"Du-Vu Doll"},{"floor":11.0,"key":"Art of War"},{"floor":17.0,"key":"Oddly Smooth Stone"},{"floor":17.0,"key":"Ninja Scroll"},{"floor":17.0,"key":"Shovel"},{"floor":26.0,"key":"Singing Bowl"},{"floor":27.0,"key":"Potion Belt"},{"floor":28.0,"key":"Pen Nib"}],"event_choices":[{"damage_healed":0.0,"max_hp_gain":0.0,"max_hp_loss":0.0,"gold_gain":0.0,"event_name":"Shining Light","player_choice":"Entered Light","floor":2.0,"gold_loss":0.0,"damage_taken":20.0,"cards_upgraded":["Defend_G","Survivor"]},{"damage_healed":0.0,"max_hp_gain":0.0,"max_hp_loss":0.0,"gold_gain":75.0,"event_name":"World of Goop","player_choice":"Gather Gold","floor":3.0,"gold_loss":0.0,"damage_taken":11.0},{"cards_removed":["Defend_G"],"damage_healed":0.0,"max_hp_gain":0.0,"max_hp_loss":0.0,"gold_gain":0.0,"event_name":"The Cleric","player_choice":"Card Removal","floor":4.0,"gold_loss":75.0,"damage_taken":0.0},{"damage_healed":22.0,"max_hp_gain":0.0,"max_hp_loss":0.0,"gold_gain":0.0,"event_name":"Big Fish","player_choice":"Banana","floor":10.0,"gold_loss":0.0,"damage_taken":0.0},{"damage_healed":0.0,"max_hp_gain":0.0,"max_hp_loss":0.0,"gold_gain":0.0,"event_name":"The Mausoleum","player_choice":"Ignored","floor":30.0,"gold_loss":0.0,"damage_taken":0.0}],"is_beta":false,"boss_relics":[{"not_picked":["SacredBark","Empty Cage"],"picked":"Calling Bell"}],"items_purged_floors":[22],"is_endless":false,"potions_floor_spawned":[1,12,13,18,19,21],"killed_by":"Collector","ascension_level":20}}