{"host":"rolltorest","time":1613523591,"event":{"mods":["BaseMod","Minty Spire (QoL Compilation)","Relic Stats","Slay the Relics Exporter","StSLib"],"gold_per_floor":[360,330,159,175,36,36,71,71,71,91,91,48,74,136,148,239,251,280,292,229,254,2,31,31,66,66,66,30,30,30,50,50,123,123,136,136,148,148,148,175,175,194,194,40,71,96,16,26,26,26,26,26],"floor_reached":51,"language":"ENG","playtime":1910,"items_purged":["Decay","Strike_G","Pain"],"score":1440,"play_id":"4cc57a60-aee3-44b0-8212-d2e053a167a9","local_time":"20210216165951","is_ascension_mode":true,"campfire_choices":[{"data":"Dagger Spray","floor":6,"key":"SMITH"},{"data":"Blade Dance","floor":8,"key":"SMITH"},{"data":"Footwork","floor":11,"key":"SMITH"},{"data":"Accuracy","floor":15,"key":"SMITH"},{"data":"Glass Knife","floor":24,"key":"SMITH"},{"data":"Neutralize","floor":27,"key":"SMITH"},{"data":"Well Laid Plans","floor":30,"key":"SMITH"},{"data":"Infinite Blades","floor":32,"key":"SMITH"},{"data":"Cloak And Dagger","floor":41,"key":"SMITH"},{"floor":49,"key":"RECALL"}],"circlet_count":0,"master_deck":["AscendersBane","Defend_G+1","Defend_G+1","Defend_G+1","Defend_G+1","Defend_G+1","Survivor","Neutralize+1","Dagger Spray+1","Blade Dance+1","Well Laid Plans+1","Escape Plan","Footwork+1","Dodge and Roll","Accuracy+1","Backstab","Glass Knife+1","Slice","Cloak And Dagger+1","Infinite Blades+1","Escape Plan","Phantasmal Killer","Footwork+1","Backflip","Footwork","Acrobatics","Accuracy"],"relics":["Ring of the Snake","Lantern","Eternal Feather","MawBank","Empty Cage","Shuriken","Matryoshka","Tiny Chest","Juzu Bracelet","Letter Opener","MutagenicStrength","Cursed Key","Bronze Scales","Blood Vial","Singing Bowl","Dead Branch"],"acts_visited":["Exordium","TheCity","TheBeyond"],"potions_floor_usage":[7,7,7,25,31,40],"damage_taken":[{"damage":2,"enemies":"Small Slimes","floor":1,"turns":5},{"damage":1,"enemies":"Cultist","floor":4,"turns":4},{"damage":8,"enemies":"Gremlin Nob","floor":7,"turns":3},{"damage":0,"enemies":"2 Louse","floor":10,"turns":2},{"damage":3,"enemies":"Lagavulin","floor":13,"turns":7},{"damage":9,"enemies":"The Guardian","floor":16,"turns":16},{"damage":26,"enemies":"Shell Parasite","floor":18,"turns":7},{"damage":0,"enemies":"Chosen","floor":21,"turns":6},{"damage":0,"enemies":"Gremlin Leader","floor":23,"turns":5},{"damage":28,"enemies":"Book of Stabbing","floor":25,"turns":6},{"damage":3,"enemies":"Shelled Parasite and Fungi","floor":31,"turns":3},{"damage":21,"enemies":"Champ","floor":33,"turns":12},{"damage":0,"enemies":"Orb Walker","floor":35,"turns":2},{"damage":0,"enemies":"3 Shapes","floor":37,"turns":6},{"damage":19,"enemies":"Reptomancer","floor":40,"turns":6},{"damage":1,"enemies":"Transient","floor":42,"turns":6},{"damage":3,"enemies":"Nemesis","floor":45,"turns":7},{"damage":23,"enemies":"Mind Bloom Boss Battle","floor":46,"turns":5},{"damage":8,"enemies":"Spire Growth","floor":48,"turns":4},{"damage":27,"enemies":"Time Eater","floor":50,"turns":11},{"damage":29,"enemies":"Donu and Deca","floor":51,"turns":5}],"seed_played":"5787128494160060736","potions_obtained":[{"floor":2,"key":"Explosive Potion"},{"floor":2,"key":"EntropicBrew"},{"floor":7,"key":"LiquidMemories"},{"floor":23,"key":"Dexterity Potion"},{"floor":25,"key":"SteroidPotion"},{"floor":35,"key":"AttackPotion"},{"floor":40,"key":"Explosive Potion"}],"is_trial":false,"path_per_floor":["M","?","$","M","$","R","E","R","T","M","R","$","E","?","R","B",null,"M","?","?","M","$","E","R","E","T","R","$","?","R","M","R","B",null,"M","?","M","?","T","E","R","M","T","$","E","?","$","M","R","B","B"],"character_chosen":"THE_SILENT","items_purchased":["Blade Dance","Well Laid Plans","Footwork","Accuracy","Shuriken","Infinite Blades","Acrobatics","Accuracy"],"campfire_rested":0,"item_purchase_floors":[3,3,5,12,22,28,44,47],"current_hp_per_floor":[57,57,57,56,56,56,48,48,48,48,57,57,54,54,66,57,64,38,38,38,38,38,38,50,22,22,34,34,34,46,43,55,34,58,58,58,58,58,58,39,54,55,55,55,56,37,37,33,48,23,0,0],"gold":26,"neow_bonus":"TWO_FIFTY_GOLD","is_daily":false,"chose_seed":false,"campfire_upgraded":9,"win_rate":0.0,"timestamp":1613523591,"path_taken":["M","?","$","M","$","R","E","R","T","M","R","?","E","?","R","BOSS","M","?","?","M","?","E","R","E","T","R","$","?","R","M","R","BOSS","M","?","M","?","?","E","R","M","T","?","E","?","$","M","R","BOSS","BOSS"],"items_purchased_type":["Card","Card","Card","Card","Relic","Card","Card","Card"],"build_version":"2020-12-18","purchased_purges":3,"victory":false,"max_hp_per_floor":[66,66,66,66,66,66,66,66,66,66,66,66,66,66,66,66,66,66,66,66,66,66,66,66,66,66,66,66,66,66,66,66,66,66,66,66,66,66,66,66,66,66,66,66,68,70,70,72,72,72,72,72],"relic_stats":{"Singing Bowl":6,"counters":[21,128],"Dead Branch":[40],"Eternal Feather":99,"Juzu Bracelet":2,"Letter Opener":[166],"MawBank":108,"Cursed Key":1,"Blood Vial":12,"Shuriken":[59],"Bronze Scales":[141],"Tiny Chest":1,"obtain_stats":[{"Lantern":7,"Singing Bowl":45,"Dead Branch":46,"Eternal Feather":9,"Juzu Bracelet":26,"Letter Opener":26,"MawBank":13,"Empty Cage":17,"Cursed Key":34,"Blood Vial":40,"Matryoshka":23,"Shuriken":22,"MutagenicStrength":29,"Bronze Scales":39,"Tiny Chest":25,"Ring of the Snake":0},{"Lantern":3,"Singing Bowl":17,"Dead Branch":18,"Eternal Feather":3,"Juzu Bracelet":10,"Letter Opener":10,"MawBank":5,"Empty Cage":6,"Cursed Key":12,"Blood Vial":15,"Matryoshka":9,"Shuriken":8,"MutagenicStrength":10,"Bronze Scales":14,"Tiny Chest":10,"Ring of the Snake":0},{"Lantern":12,"Singing Bowl":103,"Dead Branch":108,"Eternal Feather":12,"Juzu Bracelet":61,"Letter Opener":61,"MawBank":21,"Empty Cage":37,"Cursed Key":76,"Blood Vial":90,"Matryoshka":55,"Shuriken":50,"MutagenicStrength":61,"Bronze Scales":84,"Tiny Chest":61,"Ring of the Snake":0}],"Ring of the Snake":[42]},"card_choices":[{"not_picked":["Outmaneuver","Noxious Fumes"],"picked":"Dagger Spray","floor":1},{"not_picked":["Cloak And Dagger","Distraction"],"picked":"Escape Plan","floor":4},{"not_picked":["Riddle With Holes","Flying Knee","Choke"],"picked":"SKIP","floor":7},{"not_picked":["Predator","Infinite Blades"],"picked":"Dodge and Roll","floor":10},{"not_picked":["PiercingWail","Deadly Poison"],"picked":"Backstab","floor":13},{"not_picked":["Corpse Explosion","Tools of the Trade"],"picked":"Glass Knife","floor":16},{"not_picked":["Underhanded Strike","Backstab","Poisoned Stab"],"picked":"SKIP","floor":18},{"not_picked":["Acrobatics","Outmaneuver"],"picked":"Slice","floor":21},{"not_picked":["Underhanded Strike","Deflect"],"picked":"Cloak And Dagger","floor":23},{"not_picked":["Deadly Poison","Acrobatics","Endless Agony"],"picked":"SKIP","floor":25},{"not_picked":["Blur","Acrobatics"],"picked":"Escape Plan","floor":31},{"not_picked":["Venomology","Malaise"],"picked":"Phantasmal Killer","floor":33},{"not_picked":["Catalyst+1","Deadly Poison","Underhanded Strike"],"picked":"SKIP","floor":35},{"not_picked":["Blur+1","Underhanded Strike"],"picked":"Footwork+1","floor":37},{"not_picked":["Cloak And Dagger","Dagger Throw"],"picked":"Backflip","floor":40},{"not_picked":["Dodge and Roll","Bane"],"picked":"Footwork","floor":42},{"not_picked":["Deadly Poison","Glass Knife","Terror"],"picked":"Singing Bowl","floor":45},{"not_picked":["Heel Hook","Dagger Throw","Bane"],"picked":"Singing Bowl","floor":46},{"not_picked":["Masterful Stab","Outmaneuver+1","Dagger Throw"],"picked":"Singing Bowl","floor":48}],"player_experience":1996233,"relics_obtained":[{"floor":7,"key":"Lantern"},{"floor":9,"key":"Eternal Feather"},{"floor":13,"key":"MawBank"},{"floor":23,"key":"Matryoshka"},{"floor":25,"key":"Tiny Chest"},{"floor":26,"key":"Juzu Bracelet"},{"floor":26,"key":"Letter Opener"},{"floor":39,"key":"Bronze Scales"},{"floor":40,"key":"Blood Vial"},{"floor":45,"key":"Singing Bowl"},{"floor":46,"key":"Dead Branch"}],"event_choices":[{"damage_healed":0,"gold_gain":0,"player_choice":"Bought 2 Potions","damage_taken":0,"max_hp_gain":0,"max_hp_loss":0,"event_name":"The Woman in Blue","floor":2,"gold_loss":0},{"damage_healed":0,"gold_gain":50,"player_choice":"Pray","damage_taken":0,"max_hp_gain":0,"max_hp_loss":0,"event_name":"Golden Shrine","floor":14,"gold_loss":0},{"damage_healed":0,"gold_gain":0,"player_choice":"Simplicity","damage_taken":0,"max_hp_gain":0,"max_hp_loss":0,"event_name":"Back to Basics","floor":19,"gold_loss":0,"cards_upgraded":["Strike_G","Strike_G","Defend_G","Defend_G","Defend_G","Defend_G","Defend_G"]},{"cards_removed":["Strike_G"],"damage_healed":0,"gold_gain":0,"player_choice":"Gave Gold","damage_taken":0,"max_hp_gain":0,"max_hp_loss":0,"event_name":"Beggar","floor":20,"gold_loss":75},{"damage_healed":0,"gold_gain":0,"player_choice":"Inject Mutagens","damage_taken":0,"relics_obtained":["MutagenicStrength"],"max_hp_gain":0,"max_hp_loss":0,"event_name":"Drug Dealer","floor":29,"gold_loss":0},{"damage_healed":0,"gold_gain":0,"player_choice":"Ignored","damage_taken":0,"max_hp_gain":0,"max_hp_loss":0,"event_name":"Mysterious Sphere","floor":36,"gold_loss":0},{"cards_removed":["Strike_G"],"damage_healed":0,"gold_gain":0,"player_choice":"Purged","damage_taken":0,"max_hp_gain":0,"max_hp_loss":0,"event_name":"Purifier","floor":38,"gold_loss":0},{"damage_healed":0,"gold_gain":0,"player_choice":"Fight","damage_taken":0,"max_hp_gain":0,"max_hp_loss":0,"event_name":"MindBloom","floor":46,"gold_loss":0}],"is_beta":true,"boss_relics":[{"not_picked":["Ring of the Serpent","Snecko Eye"],"picked":"Empty Cage"},{"not_picked":["WristBlade","Philosopher\u0027s Stone"],"picked":"Cursed Key"}],"items_purged_floors":[3,5,44],"is_endless":false,"potions_floor_spawned":[4,7,16,23,25,35,40,42,46],"killed_by":"Donu and Deca","ascension_level":20}}