{"host":"8dytqszkx6ijebks","time":1613577274,"event":{"mods":["AchievementEnabler","BaseMod","Colored Map","DeckTracker","Keyboard Shortcuts","Minty Spire (QoL Compilation)","Permanent Neow","SuperFastMode","everything is the same but u backflip on backflip"],"gold_per_floor":[109,59,59,72,72,72,106,106,131,147,160,170,170,170,170,268,268,286,49,68,68,121,121,121,121],"floor_reached":24,"language":"KOR","playtime":794,"items_purged":[],"score":233,"play_id":"d21339ef-1fff-492a-9a30-f36a5b7b4b2e","local_time":"20210218005434","is_ascension_mode":true,"campfire_choices":[{"data":"Evolve","floor":6,"key":"SMITH"},{"data":"Brutality","floor":8,"key":"SMITH"},{"floor":13,"key":"REST"},{"floor":15,"key":"REST"},{"floor":23,"key":"REST"}],"circlet_count":0,"master_deck":["Strike_R+1","Strike_R","Strike_R","Strike_R","Defend_R","Defend_R","Defend_R","Defend_R","Bash+1","Evolve+1","Evolve","Brutality+1","Berserk","Shrug It Off+1","Reckless Charge","True Grit"],"relics":["Mark of Pain","Bag of Marbles","SacredBark","Toy Ornithopter","Whetstone"],"acts_visited":["Exordium","TheCity"],"potions_floor_usage":[7,16,24],"damage_taken":[{"damage":12,"enemies":"Jaw Worm","floor":1,"turns":2},{"damage":0,"enemies":"Small Slimes","floor":4,"turns":4},{"damage":33,"enemies":"Lagavulin","floor":7,"turns":7},{"damage":11,"enemies":"2 Louse","floor":10,"turns":2},{"damage":13,"enemies":"Blue Slaver","floor":11,"turns":3},{"damage":9,"enemies":"3 Louse","floor":12,"turns":3},{"damage":47,"enemies":"Slime Boss","floor":16,"turns":15},{"damage":58,"enemies":"Spheric Guardian","floor":18,"turns":6},{"damage":19,"enemies":"Chosen","floor":20,"turns":5},{"damage":14,"enemies":"Slavers","floor":24,"turns":2}],"seed_played":"-493916818442794492","potions_obtained":[{"floor":4,"key":"EssenceOfSteel"},{"floor":12,"key":"DistilledChaos"},{"floor":18,"key":"Swift Potion"}],"is_trial":false,"path_per_floor":["M","?","$","M","$","R","E","R","T","M","M","M","R","?","R","B",null,"M","$","M","?","T","R","E"],"character_chosen":"IRONCLAD","items_purchased":["Toy Ornithopter","Reckless Charge"],"campfire_rested":3,"item_purchase_floors":[19,19],"current_hp_per_floor":[68,68,68,68,68,68,35,35,35,24,11,2,26,26,50,3,80,22,22,3,3,3,27,18,18],"gold":121,"neow_bonus":"BOSS_RELIC","is_daily":false,"chose_seed":false,"campfire_upgraded":2,"win_rate":0.0,"timestamp":1613577274,"path_taken":["M","?","$","M","$","R","E","R","T","M","M","M","R","?","R","BOSS","M","$","M","?","?","R","E"],"items_purchased_type":["Relic","Card"],"build_version":"2020-12-22","purchased_purges":0,"victory":false,"max_hp_per_floor":[80,80,80,80,80,80,80,80,80,80,80,80,80,80,80,80,80,80,80,80,80,80,80,80,80],"card_choices":[{"not_picked":["Perfected Strike","Reckless Charge"],"picked":"Evolve","floor":1},{"not_picked":["Havoc","Pummel"],"picked":"Evolve","floor":4},{"not_picked":["Inflame","Searing Blow"],"picked":"Brutality","floor":7},{"not_picked":["Sever Soul","Perfected Strike","Headbutt"],"picked":"SKIP","floor":10},{"not_picked":["Iron Wave","Rage","Sword Boomerang"],"picked":"SKIP","floor":11},{"not_picked":["Dark Embrace","Clothesline","Pommel Strike"],"picked":"SKIP","floor":12},{"not_picked":["Impervious","Juggernaut"],"picked":"Berserk","floor":16},{"not_picked":["Infernal Blade","Cleave+1"],"picked":"Shrug It Off+1","floor":18},{"not_picked":["Warcry+1","Flex"],"picked":"True Grit","floor":20}],"player_experience":273894,"relics_obtained":[{"floor":7,"key":"Bag of Marbles"},{"floor":22,"key":"Whetstone"}],"event_choices":[{"cards_removed":["Strike_R"],"damage_healed":0,"gold_gain":0,"player_choice":"Card Removal","damage_taken":0,"max_hp_gain":0,"max_hp_loss":0,"event_name":"The Cleric","floor":2,"gold_loss":50},{"damage_healed":0,"gold_gain":0,"player_choice":"Ignored","damage_taken":0,"max_hp_gain":0,"max_hp_loss":0,"event_name":"Liars Game","floor":14,"gold_loss":0},{"damage_healed":0,"gold_gain":0,"player_choice":"Ignored","damage_taken":0,"max_hp_gain":0,"max_hp_loss":0,"event_name":"Vampires","floor":21,"gold_loss":0}],"is_beta":false,"boss_relics":[{"not_picked":["Busted Crown","Calling Bell"],"picked":"SacredBark"}],"items_purged_floors":[],"is_endless":false,"potions_floor_spawned":[4,12,18],"killed_by":"Slavers","ascension_level":4}}