{"host":"fhujvjnj99vjue08","time":1613605763,"event":{"mods":["2.2 Compatiblity","AchievementEnabler","Aspiration","Astrologer","BaseMod","Beaked The Cultist","BetterRewards","CatGirl Mod","Colored Map","Colored Powertips","Conjunction","Conspire","Custom Start","Downfall","Friendly Minions","GifTheSpireLib","Googly Eyes","Halation","Highlight Path","Hubris","Hyrulean Relics","Infinite Spire","Magitek Elite","Mimic Mod","Minty Spire (QoL Compilation)","Replay The Spire","Reworked Bosses","Shop Mod","StSLib","Strawberry Spire","Stuff the Spire","The Bug Knight","The Gatherer","The Jungle","The Servant 0.9.4","TheBandit","TheFirefly","egg","slay the spire mod where everything is the same but ironclad has a cowboy hat","thorton"],"gold_per_floor":[99,99,99,27,27,27,80,80,80,98,128,142,42,69,81,179,179,79,95,95,195,213,244,244,279,279,279,291,291,302,113,28,28,28],"floor_reached":33,"language":"ENG","playtime":1856,"items_purged":[],"score":332,"play_id":"6abdf46c-1539-4ba2-b03a-64094acb86ab","local_time":"20210217234923","is_ascension_mode":true,"campfire_choices":[{"floor":1,"key":"RECALL"},{"data":"HollowMod:DashSlash","floor":9,"key":"SMITH"},{"data":"HollowMod:ChannelNail","floor":13,"key":"SMITH"},{"data":"HollowMod:SoulEater","floor":18,"key":"SMITH"},{"data":"HollowMod:FocusHealStart","floor":27,"key":"SMITH"}],"circlet_count":0,"master_deck":["HollowMod:NailStrikeStart","HollowMod:NailStrikeStart","HollowMod:NailStrikeStart","HollowMod:NailStrikeStart","HollowMod:QuickDashStart","HollowMod:QuickDashStart","HollowMod:QuickDashStart","HollowMod:QuickDashStart","HollowMod:FocusHealStart+1","HollowMod:PogoStrike","HollowMod:NewLittleFool","HollowMod:InfectedCysts","HollowMod:DashSlash+1","HollowMod:GreatSlash+1","HollowMod:DoubleDash","HollowMod:HornetsHelp","HollowMod:ChannelNail+1","HollowMod:SoulEater+1","HollowMod:NewJinnsSoul","HollowMod:theNailsmith","HollowMod:HuntersJournal+1","HollowMod:BrokenVessel","HollowMod:MothsMistake","HollowMod:InfectedAttack","HollowMod:HuntersJournal","HollowMod:HuntersJournal","HollowMod:BrokenVessel","HollowMod:ChannelNail","HollowMod:TaintedHusks"],"relics":["HollowMod:VesselMask","downfall:HeartsMalice","HollowMod:PaleOreRelic","HornCleat","downfall:HeartBlessingRed","Replay:WaspNest","SacredBark","downfall:HeartBlessingGreen","Orichalcum","Replay:Ringing Soul","HollowMod:KingsBrand","ReplayTheSpireMod:CursedCoin","Bag of Preparation"],"acts_visited":["Exordium","TheCity"],"potions_floor_usage":[11,16,16,22,23],"damage_taken":[{"damage":0,"enemies":"Small Slimes","floor":2,"turns":1},{"damage":0,"enemies":"Cultist","floor":3,"turns":1},{"damage":0,"enemies":"downfall:FleeingMerchant","floor":4,"turns":1},{"damage":12,"enemies":"Jaw Worm","floor":10,"turns":2},{"damage":12,"enemies":"Gremlin Nob","floor":11,"turns":2},{"damage":5,"enemies":"Blue Slaver","floor":12,"turns":4},{"damage":4,"enemies":"3 Sentries","floor":14,"turns":3},{"damage":8,"enemies":"Gremlin Gang","floor":15,"turns":2},{"damage":21,"enemies":"SI_SHIV_ARCHETYPE","floor":16,"turns":6},{"damage":0,"enemies":"3 Byrds","floor":19,"turns":5},{"damage":0,"enemies":"Chosen","floor":20,"turns":1},{"damage":0,"enemies":"Centurion and Healer","floor":22,"turns":6},{"damage":11,"enemies":"Gremlin Leader","floor":23,"turns":6},{"damage":38,"enemies":"Slavers","floor":25,"turns":4},{"damage":23,"enemies":"Sentry and Sphere","floor":28,"turns":6},{"damage":0,"enemies":"Cultist and Chosen","floor":30,"turns":5},{"damage":0,"enemies":"downfall:FleeingMerchant","floor":31,"turns":4},{"damage":6,"enemies":"3 Cultists","floor":32,"turns":3},{"damage":29,"enemies":"DF_ARCHETYPE_CLAW","floor":33,"turns":3}],"seed_played":"2480905288085086561","potions_obtained":[{"floor":10,"key":"Death Potion"},{"floor":14,"key":"Regen Potion"},{"floor":15,"key":"champ:CounterPotion"},{"floor":16,"key":"FearPotion"},{"floor":19,"key":"Block Potion"},{"floor":23,"key":"champ:CounterPotion"},{"floor":25,"key":"Flashbang"},{"floor":30,"key":"CultistPotion"}],"is_trial":false,"path_per_floor":["R","M","M","$","?","?","T","?","R","M","E","M","R","E","M","B",null,"R","M","M","?","M","E","T","E","?","R","M","?","M","$","M","B"],"character_chosen":"THE_BUGKNIGHT","items_purchased":["HollowMod:GreatSlash","ReplayTheSpireMod:CursedCoin","HollowMod:HuntersJournal","HollowMod:BrokenVessel","HollowMod:ChannelNail","Bag of Preparation"],"campfire_rested":0,"item_purchase_floors":[4,31,31,31,31,31],"current_hp_per_floor":[75,75,75,75,75,75,75,75,75,69,63,58,58,54,46,46,75,75,75,75,75,75,64,64,26,26,26,13,13,16,25,28,0,0],"gold":28,"neow_bonus":"THREE_ENEMY_KILL","is_daily":false,"chose_seed":false,"campfire_upgraded":4,"win_rate":0.0,"timestamp":1613605763,"path_taken":["R","M","M","$","?","?","T","?","R","?","E","M","R","E","M","BOSS","R","M","M","?","M","E","T","E","?","R","M","?","M","$","M","BOSS"],"items_purchased_type":["Card","Relic","Card","Card","Card","Relic"],"build_version":"2020-12-22","purchased_purges":0,"victory":false,"max_hp_per_floor":[75,75,75,75,75,75,75,75,75,75,75,75,75,75,75,75,75,75,75,75,75,75,75,75,75,75,75,75,75,78,81,84,84,84],"card_choices":[{"not_picked":["HollowMod:NewJinnsSoul","HollowMod:Grubsong"],"picked":"HollowMod:NewLittleFool","floor":2},{"not_picked":["HollowMod:CornifersMapStart","HollowMod:ShadowDash"],"picked":"HollowMod:InfectedCysts","floor":3},{"not_picked":["HollowMod:BlackTendrils","HollowMod:CloakDash"],"picked":"HollowMod:DashSlash","floor":4},{"not_picked":["HollowMod:LifebloodCocoon","HollowMod:NewLittleFool"],"picked":"HollowMod:DoubleDash","floor":10},{"not_picked":["HollowMod:HowlingWraiths","HollowMod:CornifersMapStart"],"picked":"HollowMod:HornetsHelp","floor":11},{"not_picked":["HollowMod:MonarchWings","HollowMod:CornifersMapStart"],"picked":"HollowMod:ChannelNail","floor":12},{"not_picked":["HollowMod:CornifersMapStart","HollowMod:VengefulSpirit"],"picked":"HollowMod:SoulEater","floor":14},{"not_picked":["HollowMod:SoulStrike","HollowMod:CrystalDash"],"picked":"HollowMod:NewJinnsSoul","floor":15},{"not_picked":["HollowMod:HornetsHelp","HollowMod:ZotesMagnificence"],"picked":"HollowMod:theNailsmith","floor":16},{"not_picked":["HollowMod:VengefulVoid","HollowMod:NewJinnsSoul+1","HollowMod:SharpenedNail+1"],"picked":"SKIP","floor":19},{"not_picked":["HollowMod:NewJinnsSoul+1","HollowMod:VengefulVoid"],"picked":"HollowMod:HuntersJournal+1","floor":20},{"not_picked":["HollowMod:GoodIntentions","HollowMod:SoulStrike+1"],"picked":"HollowMod:BrokenVessel","floor":22},{"not_picked":["HollowMod:DoubleDash","HollowMod:LifebloodCocoon+1","HollowMod:RecoilStrike"],"picked":"SKIP","floor":23},{"not_picked":["HollowMod:GoodIntentions","HollowMod:WraithStrike","HollowMod:SoulMaster"],"picked":"SKIP","floor":25},{"not_picked":["HollowMod:DashSlash","HollowMod:LifebloodCocoon","HollowMod:DoubleDash"],"picked":"SKIP","floor":28},{"not_picked":["HollowMod:BaldurShell+1","HollowMod:CornifersMapStart+1"],"picked":"HollowMod:MothsMistake","floor":30},{"not_picked":["HollowMod:DescendingDark","HollowMod:CornifersMapStart+1"],"picked":"HollowMod:InfectedAttack","floor":31},{"not_picked":["HollowMod:DesolateDive","HollowMod:DescendingDark"],"picked":"HollowMod:TaintedHusks","floor":32}],"player_experience":352438,"relics_obtained":[{"floor":7,"key":"HollowMod:PaleOreRelic"},{"floor":11,"key":"HornCleat"},{"floor":14,"key":"Replay:WaspNest"},{"floor":23,"key":"Orichalcum"},{"floor":24,"key":"Replay:Ringing Soul"},{"floor":25,"key":"HollowMod:KingsBrand"}],"event_choices":[{"damage_healed":0,"gold_gain":0,"player_choice":"Ignored","damage_taken":0,"max_hp_gain":0,"max_hp_loss":0,"event_name":"Vampires","floor":29,"gold_loss":0}],"is_beta":false,"boss_relics":[{"not_picked":["hubris:Stopwatch","aspiration:FutureDiary"],"picked":"SacredBark"}],"items_purged_floors":[],"is_endless":false,"potions_floor_spawned":[10,14,15,16,19,23,25,30],"killed_by":"DF_ARCHETYPE_CLAW","ascension_level":1}}