{"host":"1eshbq9n813iloto","time":1613582370,"event":{"mods":["BaseMod","Better Third Choice","Hubris","Infinite Spire","Minty Spire (QoL Compilation)","StSLib"],"gold_per_floor":[111,36,54,54,229,262,262,277,277,277,294,304,331,363,375,486,498,529,541,563,575,606,618,649,661,673,503,517,517,517,517,517,621,621,636,651,449,464,464,498,498,498,498,498,498,548,548,0,0,0],"floor_reached":51,"language":"ENG","playtime":5248,"items_purged":["Strike_G","Strike_G","Strike_G+1","Defend_G"],"score":733,"play_id":"26a662fb-7382-4f16-8e28-2af85a5779af","local_time":"20210217121930","is_ascension_mode":false,"campfire_choices":[{"floor":10,"key":"REST"},{"floor":15,"key":"REST"},{"data":"Envenom","floor":23,"key":"SMITH"},{"data":"Infinite Blades","floor":25,"key":"SMITH"},{"floor":29,"key":"REST"},{"floor":32,"key":"REST"},{"floor":42,"key":"REST"},{"floor":45,"key":"REST"},{"data":"hubris:Sniper","floor":49,"key":"SMITH"}],"circlet_count":0,"master_deck":["Defend_G","Defend_G","Survivor+1","Neutralize","Infinite Blades","hubris:Sniper+1","Blade Dance","Infinite Blades","Blade Dance","Acrobatics","Blade Dance","Envenom+1","Footwork+1","Infinite Blades+1","Backflip+1","Writhe"],"relics":["hubris:Backtick","Membership Card","infinitespire:Satchel","Orichalcum","Shuriken","MawBank","Sozu","Bag of Marbles","Torii","Tough Bandages","Busted Crown","Orrery","infinitespire:Beetle Shell","Empty Cage","hubris:DeckOfHolding","Juzu Bracelet","infinitespire:ShieldingShard","Red Mask"],"acts_visited":["Exordium","TheCity","TheBeyond"],"potions_floor_usage":[13,16,50,50],"damage_taken":[{"damage":0,"enemies":"Small Slimes","floor":1,"turns":4},{"damage":0,"enemies":"2 Louse","floor":3,"turns":4},{"damage":33,"enemies":"3 Sentries","floor":6,"turns":11},{"damage":2,"enemies":"Cultist","floor":8,"turns":4},{"damage":9,"enemies":"Large Slime","floor":11,"turns":5},{"damage":0,"enemies":"3 Louse","floor":12,"turns":3},{"damage":0,"enemies":"Gremlin Nob","floor":13,"turns":3},{"damage":13,"enemies":"Exordium Thugs","floor":14,"turns":4},{"damage":0,"enemies":"Slime Boss","floor":16,"turns":5},{"damage":19,"enemies":"Shell Parasite","floor":18,"turns":5},{"damage":0,"enemies":"3 Byrds","floor":20,"turns":5},{"damage":10,"enemies":"Snecko","floor":22,"turns":5},{"damage":20,"enemies":"Snake Plant","floor":24,"turns":4},{"damage":1,"enemies":"Cultist and Chosen","floor":28,"turns":4},{"damage":22,"enemies":"Champ","floor":33,"turns":7},{"damage":2,"enemies":"3 Shapes","floor":35,"turns":4},{"damage":1,"enemies":"Orb Walker","floor":36,"turns":3},{"damage":15,"enemies":"Jaw Worm Horde","floor":38,"turns":3},{"damage":44,"enemies":"Nemesis","floor":40,"turns":5},{"damage":0,"enemies":"Mind Bloom Boss Battle","floor":46,"turns":5},{"damage":44,"enemies":"infinitespire:MassOfShapes","floor":50,"turns":8}],"seed_played":"-2155421129446374774","potions_obtained":[{"floor":6,"key":"Weak Potion"},{"floor":12,"key":"Poison Potion"},{"floor":14,"key":"SteroidPotion"},{"floor":16,"key":"EntropicBrew"}],"is_trial":false,"path_per_floor":["M","$","M","?","?","E","?","M","T","R","M","M","E","M","R","B",null,"M","?","M","?","M","R","M","R","T","$","M","R","AVR","?","R","B",null,"M","M","$","M","AVR","E","$","R","T","?","R","?","?","?","R","B",null],"character_chosen":"THE_SILENT","items_purchased":["infinitespire:Satchel","Torii","Orrery","infinitespire:Beetle Shell"],"campfire_rested":6,"item_purchase_floors":[2,27,37,37],"current_hp_per_floor":[70,70,70,56,56,23,23,21,21,42,33,33,33,20,41,41,70,51,51,51,51,41,41,21,21,21,21,20,41,41,41,62,40,70,68,67,67,52,52,8,8,29,29,29,50,50,68,68,68,24],"gold":0,"neow_bonus":"BOSS_RELIC","is_daily":false,"chose_seed":false,"campfire_upgraded":3,"win_rate":0.0,"timestamp":1613582370,"path_taken":["M","$","M","?","?","E","?","M","T","R","?","M","E","M","R","BOSS","M","?","M","?","M","R","M","R","T","$","?","R","AVR","?","R","BOSS","M","?","$","?","AVR","E","?","R","T","?","R","?","?","?","R","BOSS"],"items_purchased_type":["Relic","Relic","Relic","Relic"],"build_version":"2020-12-13","purchased_purges":4,"victory":true,"max_hp_per_floor":[70,70,70,70,70,70,70,70,70,70,70,70,70,70,70,70,70,70,70,70,70,70,70,70,70,70,70,70,70,70,70,70,70,70,70,70,70,70,70,70,70,70,70,70,70,70,70,70,70,70],"card_choices":[{"not_picked":["Tactician","Sucker Punch"],"picked":"Infinite Blades","floor":1},{"not_picked":["hubris:SlightOfHand","Backstab"],"picked":"hubris:Sniper","floor":3},{"not_picked":["Acrobatics","Masterful Stab"],"picked":"Blade Dance","floor":6},{"not_picked":["PiercingWail","Leg Sweep"],"picked":"Blade Dance","floor":8},{"not_picked":["Outmaneuver","Venomology"],"picked":"Acrobatics","floor":11},{"not_picked":["Underhanded Strike","Endless Agony"],"picked":"Blade Dance","floor":12},{"not_picked":["hubris:TrickCloak","Poisoned Stab","Crippling Poison"],"picked":"SKIP","floor":13},{"not_picked":["Dagger Throw","Underhanded Strike","hubris:SlightOfHand"],"picked":"SKIP","floor":14},{"not_picked":["Doppelganger","Glass Knife"],"picked":"Envenom","floor":16},{"not_picked":["Distraction","Outmaneuver+1"],"picked":"Footwork+1","floor":18},{"not_picked":["Flying Knee+1","Deadly Poison+1","Expertise"],"picked":"SKIP","floor":20},{"not_picked":["Prepared","Outmaneuver"],"picked":"Infinite Blades","floor":22},{"not_picked":["Slice","Tactician+1","Backstab"],"picked":"SKIP","floor":24},{"not_picked":["Quick Slash","Caltrops"],"picked":"Backflip+1","floor":28},{"not_picked":["Acrobatics"],"picked":"SKIP","floor":35},{"not_picked":["Flying Knee+1"],"picked":"SKIP","floor":36},{"not_picked":["hubris:TrickCloak"],"picked":"SKIP","floor":38},{"not_picked":["Tools of the Trade"],"picked":"SKIP","floor":40}],"player_experience":40224,"relics_obtained":[{"floor":6,"key":"Orichalcum"},{"floor":9,"key":"Shuriken"},{"floor":13,"key":"MawBank"},{"floor":26,"key":"Bag of Marbles"},{"floor":40,"key":"Juzu Bracelet"},{"floor":43,"key":"infinitespire:ShieldingShard"}],"event_choices":[{"damage_healed":70,"gold_gain":0,"player_choice":"Upgrade","damage_taken":14,"max_hp_gain":0,"max_hp_loss":70,"event_name":"betterThird:BetterShining","floor":4,"gold_loss":0,"cards_upgraded":["Strike_G","Survivor"]},{"damage_healed":0,"gold_gain":175,"player_choice":"AGREE","damage_taken":54,"max_hp_gain":0,"max_hp_loss":0,"event_name":"betterThird:BetterSerpent","floor":5,"gold_loss":0},{"damage_healed":0,"gold_gain":0,"cards_transformed":["Strike_G"],"player_choice":"Transformed","damage_taken":0,"max_hp_gain":0,"max_hp_loss":0,"event_name":"Transmorgrifier","floor":7,"gold_loss":0,"cards_obtained":["Infinite Blades"]},{"damage_healed":0,"gold_gain":0,"player_choice":"Ignored","damage_taken":0,"max_hp_gain":0,"max_hp_loss":0,"event_name":"The Mausoleum","floor":19,"gold_loss":0},{"cards_removed":["Doubt"],"damage_healed":0,"gold_gain":0,"player_choice":"Removed Curses","damage_taken":0,"max_hp_gain":0,"max_hp_loss":0,"event_name":"Fountain of Cleansing","floor":21,"gold_loss":0},{"cards_removed":["Strike_G"],"damage_healed":0,"gold_gain":0,"player_choice":"Purged","damage_taken":0,"max_hp_gain":0,"max_hp_loss":0,"event_name":"Purifier","floor":31,"gold_loss":0},{"damage_healed":0,"gold_gain":0,"player_choice":"Fight","damage_taken":0,"max_hp_gain":0,"max_hp_loss":0,"event_name":"MindBloom","floor":46,"gold_loss":0},{"damage_healed":18,"gold_gain":0,"player_choice":"Writhe","damage_taken":0,"max_hp_gain":0,"max_hp_loss":0,"event_name":"Winding Halls","floor":47,"gold_loss":0,"cards_obtained":["Writhe"]},{"damage_healed":0,"gold_gain":0,"player_choice":"Paid","damage_taken":0,"relics_obtained":["Red Mask"],"max_hp_gain":0,"max_hp_loss":0,"event_name":"Tomb of Lord Red Mask","floor":48,"gold_loss":548}],"is_beta":false,"boss_relics":[{"not_picked":["Calling Bell","Snecko Eye"],"picked":"Sozu"},{"not_picked":["hubris:BlackHole","Coffee Dripper"],"picked":"Busted Crown"}],"items_purged_floors":[27,30,37,39],"is_endless":false,"potions_floor_spawned":[6,12,14,16,18,28,33,35,38,40],"ascension_level":0}}