{"host":"xe7vird6mhwsic73","time":1613585440,"event":{"mods":["BaseMod","Minty Spire (QoL Compilation)","Relic Stats","StSLib"],"gold_per_floor":[115,128,78,101,101,131,131,162,162,197,210,237,237,237,237,339,339,358,358,200,210,220,254,270,270,343,373,127,139,169,100,100,204,204,221,233,78,0,47,59,99,111,123,135,157,44,44,60,60,60],"floor_reached":51,"language":"ENG","playtime":3287,"items_purged":["Strike_R"],"score":1021,"play_id":"939a4e3d-a49a-409d-8cd7-cd456e396654","local_time":"20210217131040","is_ascension_mode":true,"campfire_choices":[{"data":"Bash","floor":7,"key":"SMITH"},{"floor":15,"key":"REST"},{"floor":32,"key":"REST"},{"data":"Limit Break","floor":40,"key":"SMITH"},{"data":"Uppercut","floor":44,"key":"SMITH"},{"data":"Combust","floor":47,"key":"SMITH"},{"floor":49,"key":"REST"}],"circlet_count":0,"master_deck":["Strike_R","Strike_R","Strike_R","Defend_R","Defend_R","Defend_R","Defend_R","Bash+1","Finesse","Combust+1","Cleave","Fire Breathing","Feed","Demon Form+1","Inflame","Spot Weakness","Flash of Steel","Uppercut+1","Metallicize","Limit Break+1"],"relics":["Burning Blood","Happy Flower","Kunai","Blue Candle","Bottled Tornado","HornCleat","Self Forming Clay","MealTicket","Busted Crown","Dream Catcher","Mercury Hourglass","Tiny Chest","Singing Bowl","Bottled Lightning","Runic Pyramid","Strawberry","Red Mask","MawBank","Centennial Puzzle","Letter Opener","Ornamental Fan"],"acts_visited":["Exordium","TheCity","TheBeyond"],"potions_floor_usage":[6,12,14,22,27,33,35,50],"damage_taken":[{"damage":0,"enemies":"Small Slimes","floor":1,"turns":4},{"damage":12,"enemies":"Jaw Worm","floor":2,"turns":6},{"damage":19,"enemies":"Gremlin Nob","floor":6,"turns":3},{"damage":30,"enemies":"3 Sentries","floor":8,"turns":5},{"damage":35,"enemies":"Gremlin Nob","floor":10,"turns":4},{"damage":2,"enemies":"Cultist","floor":11,"turns":3},{"damage":5,"enemies":"3 Sentries","floor":12,"turns":4},{"damage":0,"enemies":"Looter","floor":14,"turns":1},{"damage":26,"enemies":"Hexaghost","floor":16,"turns":11},{"damage":6,"enemies":"Chosen","floor":18,"turns":4},{"damage":21,"enemies":"Spheric Guardian","floor":21,"turns":4},{"damage":7,"enemies":"Centurion and Healer","floor":22,"turns":5},{"damage":35,"enemies":"Book of Stabbing","floor":23,"turns":6},{"damage":18,"enemies":"Snake Plant","floor":24,"turns":4},{"damage":37,"enemies":"Gremlin Leader","floor":27,"turns":5},{"damage":8,"enemies":"3 Cultists","floor":29,"turns":4},{"damage":15,"enemies":"Book of Stabbing","floor":30,"turns":4},{"damage":44,"enemies":"Automaton","floor":33,"turns":9},{"damage":4,"enemies":"3 Shapes","floor":35,"turns":4},{"damage":6,"enemies":"Orb Walker","floor":36,"turns":3},{"damage":69,"enemies":"Nemesis","floor":41,"turns":7},{"damage":21,"enemies":"Sphere and 2 Shapes","floor":45,"turns":4},{"damage":26,"enemies":"Jaw Worm Horde","floor":48,"turns":3},{"damage":61,"enemies":"Donu and Deca","floor":50,"turns":6}],"seed_played":"6508923903281803492","potions_obtained":[{"floor":1,"key":"SmokeBomb"},{"floor":2,"key":"Strength Potion"},{"floor":6,"key":"ElixirPotion"},{"floor":10,"key":"BlessingOfTheForge"},{"floor":18,"key":"Fire Potion"},{"floor":21,"key":"DistilledChaos"},{"floor":24,"key":"Regen Potion"},{"floor":29,"key":"GamblersBrew"},{"floor":33,"key":"Block Potion"},{"floor":35,"key":"BlessingOfTheForge"}],"is_trial":false,"path_per_floor":["M","M","?","T","$","E","R","E","T","E","M","E","?","M","R","B",null,"M","?","$","M","M","E","M","?","T","E","$","M","E","$","R","B",null,"M","M","$","?","T","R","E","T","T","R","M","$","R","M","R","B",null],"character_chosen":"IRONCLAD","items_purchased":["Spot Weakness","Flash of Steel","Singing Bowl","Limit Break","Strawberry","BloodPotion"],"campfire_rested":3,"item_purchase_floors":[20,20,28,31,37,46],"current_hp_per_floor":[80,74,74,74,74,61,61,37,37,8,12,13,13,19,43,23,80,83,83,83,68,70,41,32,32,32,15,30,30,21,36,65,29,95,97,102,109,109,109,109,51,51,51,51,41,56,56,41,80,25],"gold":60,"neow_bonus":"RANDOM_COLORLESS","is_daily":false,"chose_seed":false,"campfire_upgraded":4,"win_rate":0.0,"timestamp":1613585440,"path_taken":["M","M","?","?","$","E","R","E","T","E","M","E","?","M","R","BOSS","M","?","$","?","M","E","M","?","T","E","$","M","E","?","R","BOSS","M","M","$","?","?","R","E","?","T","R","M","$","R","M","R","BOSS"],"items_purchased_type":["Card","Card","Relic","Card","Relic","Potion"],"build_version":"2020-12-22","purchased_purges":1,"victory":true,"max_hp_per_floor":[80,80,80,80,80,80,80,80,80,80,80,80,80,80,80,80,80,83,83,83,83,86,86,89,89,89,89,89,91,91,91,93,95,95,97,102,109,109,109,109,114,114,114,114,119,119,119,124,126,126],"relic_stats":{"Happy Flower":[34],"Singing Bowl":18,"counters":[24,113],"Self Forming Clay":[360],"Blue Candle":[0],"Letter Opener":[19],"MawBank":84,"Burning Blood":136,"Mercury Hourglass":[210],"Dream Catcher":2,"Centennial Puzzle":[9],"Busted Crown":32,"Ornamental Fan":[8],"MealTicket":45,"Tiny Chest":1,"Kunai":[20],"obtain_stats":[{"Happy Flower":4,"Singing Bowl":28,"Self Forming Clay":12,"Blue Candle":8,"Letter Opener":42,"Bottled Tornado":9,"MawBank":39,"Burning Blood":0,"Mercury Hourglass":26,"Dream Catcher":23,"Centennial Puzzle":41,"HornCleat":10,"Busted Crown":17,"Ornamental Fan":43,"Strawberry":37,"MealTicket":13,"Tiny Chest":27,"Red Mask":38,"Kunai":6,"Bottled Lightning":30,"Runic Pyramid":34},{"Happy Flower":2,"Singing Bowl":15,"Self Forming Clay":7,"Blue Candle":4,"Letter Opener":21,"Bottled Tornado":4,"MawBank":20,"Burning Blood":0,"Mercury Hourglass":14,"Dream Catcher":13,"Centennial Puzzle":21,"HornCleat":5,"Busted Crown":9,"Ornamental Fan":21,"Strawberry":20,"MealTicket":7,"Tiny Chest":15,"Red Mask":20,"Kunai":3,"Bottled Lightning":17,"Runic Pyramid":18},{"Happy Flower":10,"Singing Bowl":69,"Self Forming Clay":29,"Blue Candle":18,"Letter Opener":100,"Bottled Tornado":18,"MawBank":93,"Burning Blood":0,"Mercury Hourglass":64,"Dream Catcher":60,"Centennial Puzzle":100,"HornCleat":22,"Busted Crown":41,"Ornamental Fan":100,"Strawberry":93,"MealTicket":29,"Tiny Chest":69,"Red Mask":93,"Kunai":13,"Bottled Lightning":77,"Runic Pyramid":86}]},"card_choices":[{"not_picked":["PanicButton","Dramatic Entrance"],"picked":"Finesse","floor":0},{"not_picked":["Perfected Strike","Wild Strike","Iron Wave"],"picked":"SKIP","floor":1},{"not_picked":["Infernal Blade","Second Wind"],"picked":"Combust","floor":2},{"not_picked":["Clothesline","Intimidate"],"picked":"Cleave","floor":6},{"not_picked":["Perfected Strike","Dark Embrace","Fiend Fire"],"picked":"SKIP","floor":8},{"not_picked":["Intimidate","Clothesline","Sword Boomerang"],"picked":"SKIP","floor":10},{"not_picked":["Sever Soul","Iron Wave"],"picked":"Fire Breathing","floor":11},{"not_picked":["Battle Trance","Fire Breathing"],"picked":"Feed","floor":12},{"not_picked":["Double Tap","Brutality"],"picked":"Demon Form","floor":16},{"not_picked":[],"picked":"Inflame","floor":18},{"not_picked":[],"picked":"Uppercut","floor":21},{"not_picked":["Entrench"],"picked":"SKIP","floor":22},{"not_picked":["Sever Soul"],"picked":"SKIP","floor":23},{"not_picked":["Headbutt"],"picked":"SKIP","floor":24},{"not_picked":["Dark Embrace"],"picked":"SKIP","floor":27},{"not_picked":["Sword Boomerang+1"],"picked":"Singing Bowl","floor":29},{"not_picked":[],"picked":"Metallicize","floor":30},{"not_picked":["Clash"],"picked":"Singing Bowl","floor":32},{"not_picked":["Juggernaut"],"picked":"Singing Bowl","floor":33},{"not_picked":["Headbutt"],"picked":"Singing Bowl","floor":35},{"not_picked":["Searing Blow"],"picked":"Singing Bowl","floor":36},{"not_picked":["Dropkick+1"],"picked":"Singing Bowl","floor":41},{"not_picked":["Perfected Strike"],"picked":"Singing Bowl","floor":45},{"not_picked":["Carnage+1"],"picked":"Singing Bowl","floor":48},{"not_picked":["Ghostly Armor"],"picked":"Singing Bowl","floor":49}],"player_experience":181647,"relics_obtained":[{"floor":4,"key":"Happy Flower"},{"floor":6,"key":"Kunai"},{"floor":8,"key":"Blue Candle"},{"floor":9,"key":"Bottled Tornado"},{"floor":10,"key":"HornCleat"},{"floor":12,"key":"Self Forming Clay"},{"floor":23,"key":"Dream Catcher"},{"floor":26,"key":"Mercury Hourglass"},{"floor":27,"key":"Tiny Chest"},{"floor":30,"key":"Bottled Lightning"},{"floor":39,"key":"MawBank"},{"floor":41,"key":"Centennial Puzzle"},{"floor":42,"key":"Letter Opener"},{"floor":43,"key":"Ornamental Fan"}],"event_choices":[{"cards_removed":["Strike_R"],"damage_healed":0,"gold_gain":0,"player_choice":"Card Removal","damage_taken":0,"max_hp_gain":0,"max_hp_loss":0,"event_name":"The Cleric","floor":3,"gold_loss":50},{"damage_healed":0,"gold_gain":0,"player_choice":"Box","damage_taken":0,"relics_obtained":["MealTicket"],"max_hp_gain":0,"max_hp_loss":0,"event_name":"Big Fish","floor":13,"gold_loss":0,"cards_obtained":["Regret"]},{"damage_healed":0,"gold_gain":0,"player_choice":"Forge","damage_taken":0,"max_hp_gain":0,"max_hp_loss":0,"event_name":"Accursed Blacksmith","floor":19,"gold_loss":0,"cards_upgraded":["Demon Form"]},{"cards_removed":["Regret"],"damage_healed":0,"gold_gain":0,"player_choice":"Purged","damage_taken":0,"max_hp_gain":0,"max_hp_loss":0,"event_name":"Purifier","floor":25,"gold_loss":0},{"damage_healed":0,"gold_gain":0,"player_choice":"Paid","damage_taken":0,"relics_obtained":["Red Mask"],"max_hp_gain":0,"max_hp_loss":0,"event_name":"Tomb of Lord Red Mask","floor":38,"gold_loss":78}],"is_beta":false,"boss_relics":[{"not_picked":["Snecko Eye","Runic Cube"],"picked":"Busted Crown"},{"not_picked":["Velvet Choker","Tiny House"],"picked":"Runic Pyramid"}],"items_purged_floors":[46],"is_endless":false,"potions_floor_spawned":[1,2,6,10,18,21,24,29,33,35,41],"ascension_level":3}}