{"host":"sav7uxregyirlf69","time":1613531918,"event":{"mods":["AchievementEnabler","BaseMod","Colored Map","DeckTracker","Hermit","Keyboard Shortcuts","Minty Spire (QoL Compilation)","READ ME - Guardian Mod","StSLib","SuperFastMode"],"gold_per_floor":[115,65,14,30,49,79,79,111,111,143,157,9,9,19,19,120,120,140,176,176,189,200,90,5,17,109,47,76,86,86,104,104,104,104],"floor_reached":33,"language":"KOR","playtime":714,"items_purged":["Shame"],"score":390,"play_id":"07b5c094-2f32-4a14-a3fe-22a9fd166712","local_time":"20210217121838","is_ascension_mode":true,"campfire_choices":[{"floor":15.0,"key":"REST"},{"floor":30,"key":"REST"},{"data":"hermit:Maintenance","floor":32,"key":"SMITH"}],"circlet_count":0,"master_deck":["hermit:Strike_Hermit","hermit:Strike_Hermit","hermit:Strike_Hermit","hermit:Strike_Hermit","hermit:Defend_Hermit","hermit:Defend_Hermit","hermit:Defend_Hermit","hermit:Snapshot","hermit:Covet","hermit:FinalCanter","hermit:WideOpen","hermit:Showdown+1","hermit:Manifest","hermit:CalledShot+1","hermit:PistolWhip+1","hermit:LowProfile","hermit:PistolWhip+1","hermit:BlackWind+1","hermit:BodyArmor","hermit:HighCaliber+1","hermit:Maintenance+1","hermit:HighCaliber+1","hermit:HighCaliber+1"],"relics":["hermit:Momento","Molten Egg 2","Art of War","Peace Pipe","Unceasing Top","Frozen Egg 2","hermit:Horseshoe","Membership Card","hermit:BartenderGlass","Regal Pillow","MawBank","Mummified Hand","Ancient Tea Set","Blood Vial"],"acts_visited":["Exordium","TheCity"],"potions_floor_usage":[22,22,28,28,28,28,31,31,33,33,33,33],"damage_taken":[{"damage":0.0,"enemies":"Cultist","floor":1.0,"turns":3.0},{"damage":5.0,"enemies":"Small Slimes","floor":4.0,"turns":2.0},{"damage":2.0,"enemies":"Jaw Worm","floor":5.0,"turns":3.0},{"damage":10.0,"enemies":"3 Sentries","floor":6.0,"turns":8.0},{"damage":8.0,"enemies":"Gremlin Nob","floor":8.0,"turns":3.0},{"damage":32.0,"enemies":"3 Sentries","floor":10.0,"turns":6.0},{"damage":0.0,"enemies":"Looter","floor":11.0,"turns":3.0},{"damage":12.0,"enemies":"Lots of Slimes","floor":14.0,"turns":5.0},{"damage":18.0,"enemies":"The Guardian","floor":16.0,"turns":10.0},{"damage":4.0,"enemies":"Shell Parasite","floor":18.0,"turns":3.0},{"damage":18.0,"enemies":"Spheric Guardian","floor":19.0,"turns":4.0},{"damage":20.0,"enemies":"Snake Plant","floor":21.0,"turns":4.0},{"damage":0,"enemies":"Shelled Parasite and Fungi","floor":22,"turns":2},{"damage":11,"enemies":"Gremlin Leader","floor":28,"turns":4},{"damage":0,"enemies":"Centurion and Healer","floor":29,"turns":3},{"damage":16,"enemies":"Sentry and Sphere","floor":31,"turns":5},{"damage":32,"enemies":"Collector","floor":33,"turns":3}],"seed_played":"5248953854589659151","potions_obtained":[{"floor":1.0,"key":"DistilledChaos"},{"floor":10.0,"key":"SpeedPotion"},{"floor":11.0,"key":"DuplicationPotion"},{"floor":16.0,"key":"EntropicBrew"},{"floor":29,"key":"Swift Potion"},{"floor":31,"key":"Ancient Potion"}],"is_trial":false,"path_per_floor":["M","?","?","M","M","E","?","E","T","E","M","$","?","M","R","B",null,"M","M","?","M","M","$","?","T","T","$","E","M","R","M","R","B"],"character_chosen":"HERMIT","items_purchased":["Membership Card","Regal Pillow","Ancient Tea Set"],"campfire_rested":2,"item_purchase_floors":[12,23,27],"current_hp_per_floor":[75,75,75,70,68,58,55,47,47,15,15,15,15,3,25,7,58,54,36,36,16,16,16,16,16,16,16,5,7,44,30,30,0,0],"gold":104,"neow_bonus":"THREE_RARE_CARDS","is_daily":false,"chose_seed":false,"campfire_upgraded":1,"win_rate":0.0,"timestamp":1613531918,"path_taken":["M","?","?","M","?","E","?","E","T","E","M","$","?","M","R","BOSS","M","M","?","M","M","?","?","?","T","?","E","?","R","M","R","BOSS"],"items_purchased_type":["Relic","Relic","Relic"],"build_version":"2020-12-22","purchased_purges":1,"victory":false,"max_hp_per_floor":[75,75,75,75,75,75,75,75,75,75,75,75,75,75,75,75,75,75,75,75,75,75,75,75,75,75,75,75,75,75,75,75,75,75],"card_choices":[{"not_picked":["hermit:BlackWind","hermit:Gambit"],"picked":"hermit:FinalCanter","floor":0.0},{"not_picked":["hermit:Snipe","hermit:CalledShot"],"picked":"hermit:WideOpen","floor":1.0},{"not_picked":["hermit:Deadeye+1","hermit:Quickdraw+1"],"picked":"hermit:Showdown+1","floor":4.0},{"not_picked":["hermit:ItchyTrigger+1","hermit:Desperado+1"],"picked":"hermit:Manifest","floor":5.0},{"not_picked":["hermit:Feint","hermit:GhostlyPresence"],"picked":"hermit:CalledShot+1","floor":6.0},{"not_picked":["hermit:WideOpen+1","hermit:FinalCanter+1"],"picked":"hermit:PistolWhip+1","floor":8.0},{"not_picked":["hermit:Vantage","hermit:Dive"],"picked":"hermit:LowProfile","floor":10.0},{"not_picked":["hermit:Coalescence","hermit:NoHoldsBarred+1","hermit:ItchyTrigger+1"],"picked":"SKIP","floor":11.0},{"not_picked":["hermit:Feint","hermit:BigShot+1"],"picked":"hermit:PistolWhip+1","floor":14.0},{"not_picked":["hermit:Roughhouse+1","hermit:Magnum+1"],"picked":"hermit:BlackWind+1","floor":16.0},{"not_picked":["hermit:WideOpen+1","hermit:ItchyTrigger+1"],"picked":"hermit:BodyArmor","floor":18.0},{"not_picked":["hermit:Coalescence","hermit:Manifest","hermit:ItchyTrigger+1"],"picked":"SKIP","floor":19.0},{"not_picked":["hermit:DeadMansHand","hermit:SprayPray+1"],"picked":"hermit:HighCaliber+1","floor":21},{"not_picked":["hermit:DeadMansHand","hermit:Headshot+1"],"picked":"hermit:Maintenance","floor":22},{"not_picked":["hermit:Coalescence+1","hermit:Shortfuse+1","hermit:BigShot+1"],"picked":"SKIP","floor":28},{"not_picked":["hermit:CalledShot+1","hermit:Feint"],"picked":"hermit:HighCaliber+1","floor":29},{"not_picked":["hermit:Manifest","hermit:Headshot+1"],"picked":"hermit:HighCaliber+1","floor":31}],"player_experience":1625084,"relics_obtained":[{"floor":6.0,"key":"Art of War"},{"floor":8.0,"key":"Unceasing Top"},{"floor":9.0,"key":"Frozen Egg 2"},{"floor":10.0,"key":"hermit:Horseshoe"},{"floor":26,"key":"Mummified Hand"},{"floor":28,"key":"Blood Vial"}],"event_choices":[{"cards_removed":["hermit:Defend_Hermit"],"damage_healed":0.0,"max_hp_gain":0.0,"max_hp_loss":0.0,"gold_gain":0.0,"event_name":"The Cleric","player_choice":"Card Removal","floor":2.0,"gold_loss":50.0,"damage_taken":0.0},{"damage_healed":0.0,"max_hp_gain":0.0,"max_hp_loss":0.0,"gold_gain":0.0,"event_name":"WeMeetAgain","player_choice":"Paid Gold","floor":3.0,"gold_loss":51.0,"damage_taken":0.0,"relics_obtained":["Molten Egg 2"]},{"damage_healed":0.0,"max_hp_gain":0.0,"max_hp_loss":0.0,"gold_gain":0.0,"event_name":"Scrap Ooze","player_choice":"Success","floor":7.0,"gold_loss":0.0,"damage_taken":3.0,"relics_obtained":["Peace Pipe"]},{"damage_healed":0.0,"max_hp_gain":0.0,"max_hp_loss":0.0,"gold_gain":0.0,"event_name":"Dead Adventurer","player_choice":"Searched \u00270\u0027 times","floor":13.0,"gold_loss":0.0,"damage_taken":0.0},{"damage_healed":0.0,"max_hp_gain":0.0,"max_hp_loss":0.0,"gold_gain":0.0,"event_name":"The Woman in Blue","player_choice":"Bought 0 Potions","floor":20.0,"gold_loss":0.0,"damage_taken":0.0},{"damage_healed":0,"gold_gain":0,"player_choice":"Obtained Relic","damage_taken":0,"relics_obtained":["MawBank"],"max_hp_gain":0,"max_hp_loss":0,"event_name":"Addict","floor":24,"gold_loss":85}],"is_beta":false,"boss_relics":[{"not_picked":["Empty Cage","Astrolabe"],"picked":"hermit:BartenderGlass"}],"items_purged_floors":[23],"is_endless":false,"potions_floor_spawned":[1,10,11,16,22,29,31],"killed_by":"Collector","ascension_level":5}}