{"host":"51qmnr9isyv85d0p","time":1613541760,"event":{"mods":["AchievementEnabler","BaseMod","Colored Map","Colored Powertips","Curses Come First","Downfall","Minty Spire (QoL Compilation)","Red Circlet Mod","Relic Stats","Replay The Spire","StSLib","TestMod"],"gold_per_floor":[19900,19913,18920,18920,18936,18959,18985,19006,19020,19120,19158,18349,18249,17107,17134,17247,17247,17247,17264,17287,17308,17349,17391,17418,17318,17365,17382,16977,16991,16423,16447,16466,16583,16583,16483,16494,16494,16509,15811,15856,15901,15927,15974,15417,15267,15292,15310,15310,15353,15366,15366,15412,14962,14962,14981,15005],"floor_reached":57,"language":"ZHS","playtime":4309,"items_purged":["Guardian:Strike_Guardian","Guardian:Strike_Guardian"],"score":1715,"play_id":"799749d5-b4b5-4107-b58a-f1f850d4a09c","local_time":"20210217140240","is_ascension_mode":true,"campfire_choices":[{"floor":1,"key":"RECALL"},{"data":"Guardian:CompilePackage","floor":13,"key":"SMITH"},{"data":"Guardian:FuturePlans","floor":18,"key":"SMITH"},{"data":"Guardian:FierceBash","floor":25,"key":"SMITH"},{"data":"Guardian:TimeSifter","floor":35,"key":"SMITH"},{"data":"testmod-Mystery","floor":54,"key":"SMITH"}],"circlet_count":0,"master_deck":["Guardian:CurlUp","Guardian:BodySlam+1","Flash of Steel","Guardian:PrismaticBeam","Guardian:BronzeArmor","Guardian:Emergency","Guardian:TimeBomb","Guardian:FuturePlans+1","Guardian:Preprogram","Guardian:CompilePackage+1","Guardian:Orbwalk","Master of Strategy","Panacea","Guardian:FierceBash+1","Guardian:ExploitGems","Guardian:FastForward","Guardian:RefractedBeam+1","Guardian:EvasiveProtocol","Guardian:GemFire","Guardian:BodySlam+1","Poisoned Strike","Guardian:TimeSifter+1","Guardian:ChargeUp+1","Master of Strategy","testmod-Mystery+1","Guardian:Preprogram+1","Guardian:TimeCapacitor+1","Guardian:FloatingOrbs+1"],"relics":["Guardian:ModeShifter","testmod-TestBox","testmod-Temperance","testmod-Acrobat","Pondfish Scales","Vajra","Dream Catcher","testmod-AssaultLearning","testmod-BalancedPeriapt","downfall:HeartBlessingRed","testmod-Hope","Bag of Marbles","Lee\u0027s Waffle","bronze:MakeshiftBattery","InkBottle","Gambling Chip","downfall:HeartBlessingBlue","testmod-RandomTest","ReplayFunnel","testmod-FatalChain","OrangePellets","Guardian:PocketSentry","MealTicket","Coffee Dripper","downfall:HeartBlessingGreen","Counterbalance","Blood Vial","bronze:DonusWashers","Oddly Smooth Stone","testmod-Antiphasic","ReplayTheSpireMod:Lightbulb","HornCleat","Boot","Sling","downfall:TeleportStone","Guardian:PickAxe","testmod-LifeArmor","Bronze Scales","Orrery"],"acts_visited":["Exordium","TheCity","TheBeyond","TheEnding"],"potions_floor_usage":[8,9,15,19,23,26,26,43,55,56],"damage_taken":[{"damage":5,"enemies":"Small Slimes","floor":2,"turns":4},{"damage":0,"enemies":"downfall:FleeingMerchant","floor":3,"turns":4},{"damage":0,"enemies":"Cultist","floor":5,"turns":3},{"damage":3,"enemies":"2 Louse","floor":6,"turns":2},{"damage":0,"enemies":"Blue Slaver","floor":8,"turns":3},{"damage":2,"enemies":"3 Louse","floor":9,"turns":2},{"damage":18,"enemies":"3 Sentries","floor":11,"turns":7},{"damage":0,"enemies":"downfall:FleeingMerchant","floor":12,"turns":4},{"damage":5,"enemies":"downfall:FleeingMerchant","floor":14,"turns":4},{"damage":0,"enemies":"Large Slime","floor":15,"turns":2},{"damage":0,"enemies":"SI_SHIV_ARCHETYPE","floor":16,"turns":3},{"damage":13,"enemies":"downfall:LooterAlt2","floor":19,"turns":3},{"damage":0,"enemies":"Chosen","floor":20,"turns":3},{"damage":6,"enemies":"Snecko","floor":21,"turns":4},{"damage":0,"enemies":"Slavers","floor":23,"turns":2},{"damage":4,"enemies":"Gremlin Leader","floor":26,"turns":4},{"damage":0,"enemies":"Snake Plant","floor":27,"turns":1},{"damage":0,"enemies":"downfall:FleeingMerchant","floor":28,"turns":2},{"damage":0,"enemies":"Centurion and Healer","floor":29,"turns":2},{"damage":0,"enemies":"Snecko","floor":31,"turns":3},{"damage":0,"enemies":"Cultist and Chosen","floor":32,"turns":1},{"damage":0,"enemies":"DF_ARCHETYPE_CLAW","floor":33,"turns":2},{"damage":0,"enemies":"Orb Walker","floor":36,"turns":2},{"damage":0,"enemies":"3 Shapes","floor":38,"turns":1},{"damage":0,"enemies":"Giant Head","floor":40,"turns":3},{"damage":12,"enemies":"Maw","floor":42,"turns":3},{"damage":9,"enemies":"Nemesis","floor":43,"turns":5},{"damage":0,"enemies":"Sphere and 2 Shapes","floor":46,"turns":2},{"damage":0,"enemies":"4 Shapes","floor":47,"turns":1},{"damage":0,"enemies":"Transient","floor":49,"turns":5},{"damage":2,"enemies":"IC_BLOCK_ARCHETYPE","floor":50,"turns":3},{"damage":0,"enemies":"downfall:CharBossMerchant","floor":52,"turns":2},{"damage":0,"enemies":"downfall:NeowBoss","floor":55,"turns":4},{"damage":15,"enemies":"downfall:NeowBossFinal","floor":56,"turns":5}],"seed_played":"184398984045781461","potions_obtained":[{"floor":5,"key":"Block Potion"},{"floor":9,"key":"SkillPotion"},{"floor":11,"key":"Doom Potion"},{"floor":16,"key":"Adrenaline Potion"},{"floor":19,"key":"Dexterity Potion"},{"floor":26,"key":"FearPotion"},{"floor":27,"key":"GamblersBrew"},{"floor":31,"key":"Slimebound:ThreeZeroPotion"},{"floor":36,"key":"Elixir"},{"floor":43,"key":"Guardian:BlockOnCardUsePotion"}],"is_trial":false,"path_per_floor":["R","M","$","?","M","M","T","M","M","?","E","$","R","$","M","B",null,"R","M","M","M","?","E","T","R","E","M","$","M","$","M","M","B",null,"R","M","?","M","$","E","T","M","E","$","?","M","M","?","M","B",null,"E","$","R","B","B",null],"character_chosen":"GUARDIAN","items_purchased":["testmod-Acrobat","Pondfish Scales","Guardian:BodySlam+1","Flash of Steel","Adrenaline Potion","SkillPotion","Fire Potion","Guardian:PrismaticBeam","Guardian:BronzeArmor","testmod-AssaultLearning","Guardian:Preprogram","Guardian:CompilePackage","Fire Potion","Guardian:Orbwalk","testmod-BalancedPeriapt","testmod-Hope","Bag of Marbles","Lee\u0027s Waffle","Master of Strategy","Panacea","Guardian:FierceBash","Guardian:ExploitGems","ReplayFunnel","testmod-FatalChain","OrangePellets","Guardian:GemFire","Guardian:PocketSentry","MealTicket","Poisoned Strike","Flashbang","Counterbalance","Blood Vial","bronze:DonusWashers","testmod-Mystery","HornCleat","Boot","Sling","testmod-LifeArmor","Bronze Scales","Orrery"],"campfire_rested":0,"item_purchase_floors":[3,3,3,3,3,3,3,3,3,12,12,12,12,12,12,14,14,14,14,14,14,14,28,28,28,28,30,30,30,30,39,39,39,39,44,44,44,53,53,53],"current_hp_per_floor":[80,75,75,75,75,72,72,72,70,70,52,52,52,80,80,80,80,80,67,67,61,29,29,29,59,55,55,55,55,55,55,55,55,80,80,80,80,80,80,80,80,68,61,76,80,80,80,80,80,78,80,80,80,80,80,65],"gold":15005,"neow_bonus":"HUNDRED_GOLD","is_daily":false,"chose_seed":false,"campfire_upgraded":5,"win_rate":0.0,"timestamp":1613541760,"path_taken":["R","M","$","?","?","M","T","M","M","?","E","$","R","$","M","BOSS","R","M","M","M","?","E","T","R","E","M","$","M","$","M","M","BOSS","R","M","?","?","$","E","T","M","E","$","?","M","?","?","M","BOSS","E","$","R","BOSS","BOSS"],"items_purchased_type":["Relic","Relic","Card","Card","Potion","Potion","Potion","Card","Card","Relic","Card","Card","Potion","Card","Relic","Relic","Relic","Relic","Card","Card","Card","Card","Relic","Relic","Relic","Card","Relic","Relic","Card","Potion","Relic","Relic","Relic","Card","Relic","Relic","Relic","Relic","Relic","Relic"],"build_version":"2020-12-22","purchased_purges":2,"victory":true,"max_hp_per_floor":[80,80,80,80,80,80,80,80,80,80,80,80,80,80,80,80,80,80,80,80,80,80,80,80,80,80,80,80,80,80,80,80,80,80,80,80,80,80,80,80,80,80,80,80,80,80,80,80,80,80,80,80,80,80,80,80],"relic_stats":{"Blood Vial":2,"OrangePellets":[4],"Dream Catcher":0,"Lee\u0027s Waffle":33,"counters":[34,100],"Gambling Chip":[16],"Bronze Scales":[12],"MealTicket":15,"Boot":[12],"obtain_stats":[{"ReplayFunnel":28,"testmod-Temperance":0,"Vajra":7,"downfall:HeartBlessingGreen":35,"downfall:TeleportStone":48,"testmod-LifeArmor":53,"testmod-RandomTest":26,"Boot":44,"Sling":44,"Blood Vial":39,"Guardian:PickAxe":52,"Dream Catcher":11,"HornCleat":44,"downfall:HeartBlessingBlue":25,"Gambling Chip":23,"MealTicket":30,"InkBottle":22,"Lee\u0027s Waffle":14,"bronze:DonusWashers":39,"testmod-TestBox":0,"downfall:HeartBlessingRed":13,"testmod-FatalChain":28,"Counterbalance":39,"Guardian:ModeShifter":0,"Oddly Smooth Stone":40,"Guardian:PocketSentry":30,"OrangePellets":28,"testmod-Antiphasic":41,"Pondfish Scales":3,"testmod-Acrobat":3,"testmod-AssaultLearning":12,"Bronze Scales":53,"testmod-Hope":14,"Orrery":53,"Bag of Marbles":14,"Coffee Dripper":34,"testmod-BalancedPeriapt":12,"ReplayTheSpireMod:Lightbulb":43,"bronze:MakeshiftBattery":17},{"ReplayFunnel":18,"testmod-Temperance":0,"Vajra":4,"downfall:HeartBlessingGreen":22,"downfall:TeleportStone":29,"testmod-LifeArmor":32,"testmod-RandomTest":16,"Boot":27,"Sling":27,"Blood Vial":24,"Guardian:PickAxe":32,"Dream Catcher":7,"HornCleat":27,"downfall:HeartBlessingBlue":15,"Gambling Chip":15,"MealTicket":19,"InkBottle":14,"Lee\u0027s Waffle":9,"bronze:DonusWashers":24,"testmod-TestBox":0,"downfall:HeartBlessingRed":8,"testmod-FatalChain":18,"Counterbalance":24,"Guardian:ModeShifter":0,"Oddly Smooth Stone":25,"Guardian:PocketSentry":19,"OrangePellets":18,"testmod-Antiphasic":25,"Pondfish Scales":2,"testmod-Acrobat":2,"testmod-AssaultLearning":8,"Bronze Scales":32,"testmod-Hope":9,"Orrery":32,"Bag of Marbles":9,"Coffee Dripper":22,"testmod-BalancedPeriapt":8,"ReplayTheSpireMod:Lightbulb":27,"bronze:MakeshiftBattery":11},{"ReplayFunnel":57,"testmod-Temperance":0,"Vajra":13,"downfall:HeartBlessingGreen":65,"downfall:TeleportStone":81,"testmod-LifeArmor":91,"testmod-RandomTest":54,"Boot":78,"Sling":78,"Blood Vial":67,"Guardian:PickAxe":91,"Dream Catcher":25,"HornCleat":78,"downfall:HeartBlessingBlue":50,"Gambling Chip":50,"MealTicket":59,"InkBottle":48,"Lee\u0027s Waffle":33,"bronze:DonusWashers":67,"testmod-TestBox":0,"downfall:HeartBlessingRed":29,"testmod-FatalChain":57,"Counterbalance":67,"Guardian:ModeShifter":0,"Oddly Smooth Stone":70,"Guardian:PocketSentry":59,"OrangePellets":57,"testmod-Antiphasic":70,"Pondfish Scales":8,"testmod-Acrobat":8,"testmod-AssaultLearning":29,"Bronze Scales":91,"testmod-Hope":33,"Orrery":91,"Bag of Marbles":33,"Coffee Dripper":65,"testmod-BalancedPeriapt":29,"ReplayTheSpireMod:Lightbulb":78,"bronze:MakeshiftBattery":38}],"InkBottle":[49]},"card_choices":[{"not_picked":["Guardian:ChargeCore","Guardian:PiercingHide"],"picked":"Guardian:Gem_Crimson","floor":2},{"not_picked":["Guardian:Gem_Red","Guardian:VentSteam","Guardian:Reroute"],"picked":"SKIP","floor":3},{"not_picked":["Guardian:Recover","Guardian:ShieldCharger","Guardian:PiercingHide"],"picked":"SKIP","floor":5},{"not_picked":["Guardian:Gem_Lightblue","Guardian:Reroute"],"picked":"Guardian:Emergency","floor":6},{"not_picked":["Guardian:BodySlam","Guardian:Suspension"],"picked":"Guardian:Gem_Yellow","floor":8},{"not_picked":["Guardian:Suspension","Guardian:Preprogram"],"picked":"Guardian:TimeBomb","floor":9},{"not_picked":["Guardian:VentSteam","Guardian:ShieldCharger"],"picked":"Guardian:TimeCapacitor","floor":11},{"not_picked":["Guardian:Gem_Green","Guardian:PolyBeam"],"picked":"Guardian:FuturePlans","floor":12},{"not_picked":["Guardian:Repulse","Guardian:BronzeArmor","Guardian:VentSteam"],"picked":"SKIP","floor":14},{"not_picked":["Guardian:RollAttack","Guardian:BronzeArmor"],"picked":"Guardian:FastForward","floor":15},{"not_picked":["Guardian:ConstructionForm","Guardian:Gem_Synthetic"],"picked":"Guardian:Gem_Orange","floor":16},{"not_picked":["Guardian:TemporalStrike+1","Guardian:Gem_Cyan"],"picked":"Guardian:RefractedBeam+1","floor":19},{"not_picked":["Guardian:Gem_Cyan","Guardian:TimeBomb","Guardian:TemporalStrike"],"picked":"SKIP","floor":20},{"not_picked":["Guardian:Incinerate","Guardian:Repulse","Guardian:DecasProtection"],"picked":"SKIP","floor":21},{"not_picked":["Guardian:CrystalBeam+1","Guardian:TemporalStrike"],"picked":"Guardian:Gem_Synthetic","floor":22},{"not_picked":["Guardian:RefractedBeam","Guardian:VentSteam"],"picked":"Guardian:EvasiveProtocol","floor":22},{"not_picked":["Guardian:VentSteam","Guardian:BodySlam","Guardian:Preprogram"],"picked":"SKIP","floor":23},{"not_picked":["Guardian:PolyBeam","Guardian:Suspension+1","Guardian:MultiBeam"],"picked":"SKIP","floor":26},{"not_picked":["Guardian:Gem_Lightblue","Guardian:TemporalShield","Guardian:RollAttack"],"picked":"SKIP","floor":27},{"not_picked":["Guardian:SentryBeam","Guardian:WalkerClaw","Guardian:ExploitGems"],"picked":"SKIP","floor":28},{"not_picked":["Guardian:TemporalStrike","Guardian:TemporalShield"],"picked":"Guardian:BodySlam+1","floor":29},{"not_picked":["Guardian:TemporalShield","Guardian:CrystalBeam","Guardian:Suspension"],"picked":"SKIP","floor":31},{"not_picked":["Guardian:FuturePlans","Guardian:Recover+1","Guardian:DecasProtection+1"],"picked":"SKIP","floor":32},{"not_picked":["Guardian:ExploitGems","Guardian:HyperBeam_Guardian"],"picked":"Guardian:TimeSifter","floor":33},{"not_picked":["Guardian:VentSteam+1","Guardian:PiercingHide"],"picked":"Guardian:ChargeUp+1","floor":36},{"not_picked":["Guardian:SentryBeam","Guardian:ChargeUp"],"picked":"Guardian:Gem_White","floor":38},{"not_picked":["Guardian:PrimingBeam","Guardian:TemporalShield+1","Guardian:Gem_Lightblue"],"picked":"SKIP","floor":40},{"not_picked":["Guardian:SpikerProtocol","Guardian:WalkerClaw","Guardian:Gem_Red"],"picked":"SKIP","floor":42},{"not_picked":["Guardian:Gem_Red","Guardian:BronzeArmor"],"picked":"Guardian:Preprogram+1","floor":43},{"not_picked":["Guardian:VentSteam","Guardian:SpikerProtocol+1"],"picked":"Guardian:TimeCapacitor+1","floor":46},{"not_picked":["Guardian:Gem_Red","Guardian:ShieldSpikes+1"],"picked":"Guardian:Gem_Crimson","floor":47},{"not_picked":["Guardian:Gem_Red","Guardian:TemporalStrike+1","Guardian:RollAttack+1"],"picked":"SKIP","floor":49},{"not_picked":["Guardian:Gem_Crimson","Guardian:ArmoredProtocol","Guardian:FloatingOrbs"],"picked":"SKIP","floor":52},{"not_picked":["Guardian:VentSteam","Guardian:Reroute"],"picked":"Guardian:FloatingOrbs+1","floor":53}],"player_experience":101962,"relics_obtained":[{"floor":7,"key":"Vajra"},{"floor":11,"key":"Dream Catcher"},{"floor":22,"key":"InkBottle"},{"floor":23,"key":"Gambling Chip"},{"floor":26,"key":"testmod-RandomTest"},{"floor":40,"key":"Oddly Smooth Stone"},{"floor":41,"key":"testmod-Antiphasic"},{"floor":43,"key":"ReplayTheSpireMod:Lightbulb"},{"floor":52,"key":"Guardian:PickAxe"}],"event_choices":[],"is_beta":false,"boss_relics":[{"not_picked":["Snecko Eye","Painkiller Herb"],"picked":"bronze:MakeshiftBattery"},{"not_picked":["testmod-Fanaticism","ChewingGum"],"picked":"Coffee Dripper"}],"items_purged_floors":[3,12],"is_endless":false,"potions_floor_spawned":[5,9,11,16,19,26,27,31,32,36,40,43,47],"ascension_level":4}}