{"host":"67lwyhkmsxpels8b","time":1613560507,"event":{"mods":["AchievementEnabler","Act Like it!","AlwaysNeverKeys","Aspiration","BaseMod","Colored Map","Colored Powertips","Decade(王小明)","Dota2Spire","Friendly Minions","Gensokyo","GifTheSpireLib","Hallownest","Hermit","Highlight Path","KinomotoSakuraMod(木之本樱)","Koishi","Lobotomy","LobotomyExtend","Marisa（F雨　魔理沙）","Minty Spire (QoL Compilation)","Quick Restart","Rare Cards Sparkle","Relic Stats","Remilia（蕾米莉亚）","Replay The Spire","RumiaBox-露米娅的神秘盒子","Spicy Shops","StSLib","The Administrix","The Animator","The Blackbeard","The Bug Knight","The Cursed","The Hierophant","Yakumo Yukari mod","【功能Mod】混沌之环修复补丁","【功能Mod】聪明的最终Boss"],"gold_per_floor":[117,117,137,154,167,167,181,181,181,84,104,119,152,178,178,296,296,322,352,433,463,497,532,532,532,601,632,660,134,134,163,163,278,278,295,323,79,106,106,106,121,121,121],"floor_reached":41,"language":"ZHS","playtime":5884,"items_purged":["blackbeard:BlackbeardDefend","blackbeard:Provisioning","blackbeard:BlackbeardStrike"],"score":395,"play_id":"98df5b8f-55d6-4481-a153-b59bbe9b675c","local_time":"20210217191507","is_ascension_mode":false,"campfire_choices":[{"data":"blackbeard:Cutlass","floor":6,"key":"SMITH"},{"data":"Good Instincts","floor":8,"key":"SMITH"},{"floor":24,"key":"REST"},{"floor":32,"key":"REST"},{"floor":40,"key":"REST"}],"circlet_count":0,"master_deck":["blackbeard:BlackbeardStrike","blackbeard:IntimidatingStrike","blackbeard:BlackbeardDefend","blackbeard:BlackbeardDefend","blackbeard:Cutlass+1","blackbeard:Toast","Good Instincts+1","blackbeard:GoldenStrike","blackbeard:DoubleCannonball","blackbeard:Sharpening","blackbeard:FieryDefense","blackbeard:Fencing","blackbeard:BuriedTreasure","blackbeard:WeaponMastery","blackbeard:Sword","blackbeard:Intoxication","blackbeard:Boarding+1","blackbeard:Sharpening","blackbeard:GoldenStrike+1","blackbeard:Spear","blackbeard:Rum+1","blackbeard:PiratesWill","blackbeard:CatONineTails","blackbeard:Eyepatch","blackbeard:Upgrade","blackbeard:Shrapnel+1","blackbeard:BountyHunter","blackbeard:ArmorUp","blackbeard:WeaponProficiency","blackbeard:CaptainsCabin","blackbeard:RearmingStrike","blackbeard:SwordDance","Voices"],"relics":["blackbeard:LoadTheCannons","aspiration:Nostalgia","hermit:Momento","GodSword5","Sozu","aspiration:FetidBarrel","Dota2Spire:CrimsonGuard","aspiration:HatOfInfinitePower","Mercury Hourglass","aspiration:PoetsPen_weak","ReplayTheSpireMod:Ring of Exchange","Ring of Panic"],"acts_visited":["Exordium","TheCity","TheBeyond"],"potions_floor_usage":[16,16,16],"damage_taken":[{"damage":7,"enemies":"Small Slimes","floor":1,"turns":3},{"damage":1,"enemies":"Cultist","floor":3,"turns":4},{"damage":0,"enemies":"2 Louse","floor":4,"turns":3},{"damage":4,"enemies":"2 Fungi Beasts","floor":5,"turns":4},{"damage":3,"enemies":"Blue Slaver","floor":7,"turns":4},{"damage":9,"enemies":"3 Louse","floor":11,"turns":4},{"damage":0,"enemies":"Red Slaver","floor":12,"turns":3},{"damage":0,"enemies":"Blue Slaver","floor":13,"turns":3},{"damage":6,"enemies":"3 Louse","floor":14,"turns":5},{"damage":4,"enemies":"Slime Boss","floor":16,"turns":8},{"damage":6,"enemies":"Chosen","floor":18,"turns":6},{"damage":4,"enemies":"3 Byrds","floor":19,"turns":6},{"damage":21,"enemies":"Snake Plant","floor":21,"turns":5},{"damage":25,"enemies":"Shelled Parasite and Fungi","floor":22,"turns":5},{"damage":5,"enemies":"Cultist and Chosen","floor":23,"turns":6},{"damage":1,"enemies":"Sentry and Sphere","floor":27,"turns":7},{"damage":3,"enemies":"Snake Plant","floor":28,"turns":5},{"damage":20,"enemies":"Centurion and Healer","floor":31,"turns":3},{"damage":28,"enemies":"Automaton","floor":33,"turns":7},{"damage":30,"enemies":"3 Shapes","floor":35,"turns":2},{"damage":23,"enemies":"Orb Walker","floor":36,"turns":4},{"damage":3,"enemies":"Maw","floor":38,"turns":6},{"damage":48,"enemies":"Orin","floor":41,"turns":8}],"seed_played":"-235027015547967148","potions_obtained":[{"floor":3,"key":"BlessingOfTheForge"},{"floor":12,"key":"Block Potion"},{"floor":13,"key":"Energy Potion"}],"is_trial":false,"path_per_floor":["M","?","M","M","M","R","M","R","T","$","M","M","M","M","R_BF","B",null,"M","M","T","M","M","M","R","?","T","M","M","$","?","M","R","B",null,"M","M","$","M","?","R","?"],"character_chosen":"BLACKBEARD_CLASS","items_purchased":["blackbeard:Fencing","blackbeard:CatONineTails","aspiration:HatOfInfinitePower","Mercury Hourglass","blackbeard:CaptainsCabin","blackbeard:RearmingStrike"],"campfire_rested":3,"item_purchase_floors":[10,29,29,29,37,37],"current_hp_per_floor":[68,68,67,67,63,63,60,60,60,60,51,51,51,45,45,41,75,69,65,65,44,19,14,41,41,41,40,37,37,37,17,44,16,75,45,22,22,19,19,46,0,0,0],"gold":121,"neow_bonus":"NOSTALGIA","is_daily":false,"chose_seed":false,"campfire_upgraded":2,"win_rate":0.0,"timestamp":1613560507,"path_taken":["M","?","M","M","?","R","M","R","T","$","M","M","M","M","R_BF","BOSS","M","M","?","M","?","M","R","?","T","M","M","$","?","M","R","BOSS","M","M","$","M","?","R","?"],"items_purchased_type":["Card","Card","Relic","Relic","Card","Card"],"build_version":"2020-12-22","purchased_purges":3,"victory":false,"max_hp_per_floor":[75,75,75,75,75,75,75,75,75,75,75,75,75,75,75,75,75,75,75,75,75,75,75,75,75,75,75,75,75,75,75,75,75,75,75,75,75,75,75,75,75,75,75],"relic_stats":{"Sozu":4,"counters":[23,111],"obtain_stats":[{"Sozu":17,"ReplayTheSpireMod:Ring of Exchange":39,"Dota2Spire:CrimsonGuard":26,"aspiration:Nostalgia":0,"aspiration:FetidBarrel":20,"blackbeard:LoadTheCannons":0,"aspiration:PoetsPen_weak":34,"GodSword5":9,"Ring of Panic":39,"aspiration:HatOfInfinitePower":29,"hermit:Momento":0,"Mercury Hourglass":29},{"Sozu":10,"ReplayTheSpireMod:Ring of Exchange":22,"Dota2Spire:CrimsonGuard":15,"aspiration:Nostalgia":0,"aspiration:FetidBarrel":12,"blackbeard:LoadTheCannons":0,"aspiration:PoetsPen_weak":19,"GodSword5":5,"Ring of Panic":22,"aspiration:HatOfInfinitePower":17,"hermit:Momento":0,"Mercury Hourglass":17},{"Sozu":41,"ReplayTheSpireMod:Ring of Exchange":103,"Dota2Spire:CrimsonGuard":69,"aspiration:Nostalgia":0,"aspiration:FetidBarrel":53,"blackbeard:LoadTheCannons":0,"aspiration:PoetsPen_weak":91,"GodSword5":18,"Ring of Panic":103,"aspiration:HatOfInfinitePower":81,"hermit:Momento":0,"Mercury Hourglass":81}],"Mercury Hourglass":[129]},"card_choices":[{"not_picked":["blackbeard:CannonBarrage","blackbeard:Dagger"],"picked":"blackbeard:Toast","floor":1},{"not_picked":["blackbeard:BeatUp","blackbeard:SwordDance"],"picked":"blackbeard:GoldenStrike","floor":3},{"not_picked":["blackbeard:FieryDefense","blackbeard:CannonBarrage"],"picked":"blackbeard:DoubleCannonball","floor":4},{"not_picked":["blackbeard:Shrapnel","blackbeard:Toast"],"picked":"blackbeard:Sharpening","floor":5},{"not_picked":["blackbeard:BlindAttacks","blackbeard:CloakAndCannonball"],"picked":"blackbeard:FieryDefense","floor":7},{"not_picked":["blackbeard:BlindAttacks","blackbeard:CaptainsCabin","blackbeard:BrownPants"],"picked":"SKIP","floor":11},{"not_picked":["blackbeard:Sharpening","blackbeard:GoldenStrike"],"picked":"blackbeard:BuriedTreasure","floor":12},{"not_picked":["blackbeard:JollyRoger","blackbeard:TerrorOfTheSeas"],"picked":"blackbeard:WeaponMastery","floor":13},{"not_picked":["blackbeard:Shrapnel","blackbeard:Sharpening"],"picked":"blackbeard:Sword","floor":14},{"not_picked":["blackbeard:Lifeboat","blackbeard:Murder"],"picked":"blackbeard:Intoxication","floor":16},{"not_picked":["blackbeard:JollyRoger","blackbeard:CaptainsCabin"],"picked":"blackbeard:Boarding+1","floor":18},{"not_picked":["blackbeard:BeatUp","blackbeard:DelayedPain"],"picked":"blackbeard:Sharpening","floor":19},{"not_picked":["blackbeard:PiratesWill","blackbeard:RearmingStrike"],"picked":"blackbeard:GoldenStrike+1","floor":21},{"not_picked":["blackbeard:TacticalRetreat+1","blackbeard:WeaponProficiency"],"picked":"blackbeard:Spear","floor":22},{"not_picked":["blackbeard:ChaoticDefense+1","blackbeard:Sword"],"picked":"blackbeard:Rum+1","floor":23},{"not_picked":["blackbeard:VengefulSpirit+1","blackbeard:BeatUp","blackbeard:PirateStrength"],"picked":"SKIP","floor":27},{"not_picked":["blackbeard:GoldenStrike","blackbeard:Shrapnel"],"picked":"blackbeard:PiratesWill","floor":28},{"not_picked":["blackbeard:PiratesWill","blackbeard:GoldenStrike+1"],"picked":"blackbeard:Shrapnel+1","floor":31},{"not_picked":["blackbeard:UndeadForm","blackbeard:Murder"],"picked":"blackbeard:BountyHunter","floor":33},{"not_picked":["blackbeard:BlindAttacks","blackbeard:Toast"],"picked":"blackbeard:ArmorUp","floor":35},{"not_picked":["blackbeard:PiratesWill+1","blackbeard:Shrapnel+1"],"picked":"blackbeard:WeaponProficiency","floor":36},{"not_picked":["blackbeard:Sword+1","blackbeard:FieryDefense+1"],"picked":"blackbeard:SwordDance","floor":38}],"player_experience":32030,"relics_obtained":[{"floor":9,"key":"GodSword5"},{"floor":20,"key":"aspiration:FetidBarrel"},{"floor":26,"key":"Dota2Spire:CrimsonGuard"},{"floor":39,"key":"ReplayTheSpireMod:Ring of Exchange"},{"floor":39,"key":"Ring of Panic"}],"event_choices":[{"damage_healed":0,"gold_gain":0,"player_choice":"1 cards matched","damage_taken":0,"max_hp_gain":0,"max_hp_loss":0,"event_name":"Match and Keep!","floor":2,"gold_loss":0,"cards_obtained":["Good Instincts"]},{"damage_healed":0,"gold_gain":0,"player_choice":"Ignored","damage_taken":0,"max_hp_gain":0,"max_hp_loss":0,"event_name":"Cursed Tome","floor":25,"gold_loss":0},{"damage_healed":0,"gold_gain":0,"cards_transformed":["blackbeard:BlackbeardStrike","blackbeard:BlackbeardDefend"],"player_choice":"Became Test Subject","damage_taken":0,"max_hp_gain":0,"max_hp_loss":0,"event_name":"Drug Dealer","floor":30,"gold_loss":0,"cards_obtained":["blackbeard:Eyepatch","blackbeard:Upgrade"]},{"damage_healed":0,"gold_gain":0,"player_choice":"Fight","damage_taken":0,"max_hp_gain":0,"max_hp_loss":0,"event_name":"OrinTheCat","floor":41,"gold_loss":0}],"is_beta":false,"boss_relics":[{"not_picked":["Cursed Key","Velvet Choker"],"picked":"Sozu"},{"not_picked":["SacredBark","Kintsugi"],"picked":"aspiration:PoetsPen_weak"}],"items_purged_floors":[10,29,37],"is_endless":false,"potions_floor_spawned":[3,12,13,14,18,22,27,33,38],"killed_by":"Orin","ascension_level":0}}