{"host":"lsq35p0sdkx2xifo","time":1613550362,"event":{"mods":["AchievementEnabler","BaseMod","Highlight Path","Minty Spire (QoL Compilation)","StSLib"],"gold_per_floor":[111,36,36,36,36,63,63,91,164,178,204,204,222,250,250,250,250],"floor_reached":16,"language":"ENG","playtime":497,"items_purged":[],"score":352,"play_id":"4e04621e-a396-49bd-be94-6db63eca8665","local_time":"20210217002602","is_ascension_mode":true,"campfire_choices":[{"data":"Flame Barrier","floor":7,"key":"SMITH"},{"data":"Flame Barrier","floor":12,"key":"SMITH"},{"floor":15,"key":"REST"}],"circlet_count":0,"master_deck":["AscendersBane","Strike_R","Strike_R","Strike_R","Strike_R","Strike_R","Defend_R","Defend_R","Defend_R","Defend_R","Bash","Flame Barrier+1","Flame Barrier+1","Reaper","Clothesline","Iron Wave","Flex+1","Inflame","Inflame"],"relics":["Burning Blood","NeowsBlessing","Centennial Puzzle","TungstenRod","Singing Bowl","Toxic Egg 2","Anchor"],"acts_visited":["Exordium"],"potions_floor_usage":[11,11,16,16],"damage_taken":[{"damage":0,"enemies":"2 Louse","floor":1,"turns":1},{"damage":0,"enemies":"3 Sentries","floor":6,"turns":2},{"damage":0,"enemies":"Gremlin Nob","floor":8,"turns":1},{"damage":0,"enemies":"Cultist","floor":10,"turns":5},{"damage":25,"enemies":"Lagavulin","floor":11,"turns":6},{"damage":0,"enemies":"Jaw Worm","floor":13,"turns":3},{"damage":39,"enemies":"Gremlin Nob","floor":14,"turns":5},{"damage":69,"enemies":"Hexaghost","floor":16,"turns":12}],"seed_played":"2941904151166677013","potions_obtained":[{"floor":1,"key":"PowerPotion"},{"floor":5,"key":"SkillPotion"},{"floor":13,"key":"EssenceOfSteel"},{"floor":14,"key":"Swift Potion"}],"is_trial":false,"path_per_floor":["M","$","?","$","?","E","R","E","T","M","E","R","M","E","R","B"],"character_chosen":"IRONCLAD","items_purchased":["Flame Barrier"],"campfire_rested":1,"item_purchase_floors":[2],"current_hp_per_floor":[74,74,74,74,74,75,75,75,75,75,56,56,62,39,61,0,0],"gold":250,"neow_bonus":"THREE_ENEMY_KILL","is_daily":false,"chose_seed":false,"campfire_upgraded":2,"win_rate":0.0,"timestamp":1613550362,"path_taken":["M","$","?","$","?","E","R","E","T","?","E","R","M","E","R","BOSS"],"items_purchased_type":["Card"],"build_version":"2020-12-22","purchased_purges":0,"victory":false,"max_hp_per_floor":[75,75,75,75,75,75,75,75,75,75,75,75,75,75,75,75,75],"card_choices":[{"not_picked":["Heavy Blade","Burning Pact"],"picked":"Flame Barrier","floor":1},{"not_picked":["Dual Wield","Armaments"],"picked":"Reaper","floor":6},{"not_picked":["Feel No Pain","Uppercut"],"picked":"Clothesline","floor":8},{"not_picked":["Feel No Pain","Rupture"],"picked":"Iron Wave","floor":10},{"not_picked":["Dark Embrace","Cleave"],"picked":"Flex+1","floor":11},{"not_picked":["Perfected Strike","Bloodletting+1"],"picked":"Inflame","floor":13},{"not_picked":["Headbutt","Clothesline"],"picked":"Inflame","floor":14}],"player_experience":1282873,"relics_obtained":[{"floor":6,"key":"Centennial Puzzle"},{"floor":8,"key":"TungstenRod"},{"floor":9,"key":"Singing Bowl"},{"floor":11,"key":"Toxic Egg 2"},{"floor":14,"key":"Anchor"}],"event_choices":[{"damage_healed":0,"gold_gain":0,"player_choice":"Leave","damage_taken":0,"max_hp_gain":0,"max_hp_loss":0,"event_name":"The Cleric","floor":3,"gold_loss":0},{"damage_healed":0,"gold_gain":0,"player_choice":"Got Potions","damage_taken":0,"max_hp_gain":0,"max_hp_loss":0,"event_name":"Lab","floor":5,"gold_loss":0}],"is_beta":false,"boss_relics":[],"items_purged_floors":[],"is_endless":false,"potions_floor_spawned":[1,13,14],"killed_by":"Hexaghost","ascension_level":20}}