{"host":"onk0sru1v5nf4gev","time":1613603949,"event":{"mods":["AchievementEnabler","BaseMod","Downfall","Googly Eyes","Hermit","Minty Spire (QoL Compilation)","Quick Restart","Replay The Spire","StSLib","SuperFastMode","The Cursed"],"gold_per_floor":[118,118,133,152,57,57,76,76,99,133,133,133,98,115,115,213,213,233,233,61,78,78,108,108,139,139,139,163,175,198,210,222,248,260,376,388,412,424,460,472,496,539,564,605,644,656,396,416,170,184,184,184,184],"floor_reached":52,"language":"FRA","playtime":2631,"items_purged":["Armaments+1"],"score":708,"play_id":"7969ab0f-fadf-461e-a190-c04ddf00aa2c","local_time":"20210218001909","is_ascension_mode":true,"campfire_choices":[{"data":"Jack Of All Trades","floor":6.0,"key":"SMITH"},{"data":"Armaments","floor":8.0,"key":"SMITH"},{"floor":15.0,"key":"DIG"},{"data":"Apotheosis","floor":24.0,"key":"SMITH"},{"floor":31.0,"key":"REST"},{"data":"Spot Weakness","floor":34.0,"key":"SMITH"},{"floor":46.0,"key":"REST"},{"floor":51,"key":"REST"}],"circlet_count":0,"master_deck":["Bash+1","Replay:Undeath\u0027s Touch","Pommel Strike","Jack Of All Trades+1","Heavy Blade","Cleave","Spot Weakness+1","Immolate","Apotheosis+1","Heavy Blade","Warcry+1","Flex","Limit Break","Life Link+1","Demon Form+1","Shockwave","Feed","Battle Trance","Pommel Strike","Warcry","Clash+1","Madness+1","Madness","Ghostly Armor+1","Clash+1","Metallicize+1","Limit Break","Heavy Blade+1","Flex","ReplayUltimateDefense+1","Clash"],"relics":["Burning Blood","Mango","Bag of Marbles","PreservedInsect","Gremlin Horn","Divine Protection","Tiny Chest","Velvet Choker","Garlic","Replay:Bottled Steam","MawBank","Frozen Egg 2","Pandora\u0027s Box","Strawberry","Gremlin Food","Pet Ghost","Orrery"],"acts_visited":["Exordium","TheCity","TheBeyond"],"potions_floor_usage":[50,52],"damage_taken":[{"damage":3.0,"enemies":"2 Louse","floor":1.0,"turns":3.0},{"damage":1.0,"enemies":"Cultist","floor":3.0,"turns":3.0},{"damage":0.0,"enemies":"Small Slimes","floor":4.0,"turns":3.0},{"damage":19.0,"enemies":"Exordium Wildlife","floor":7.0,"turns":5.0},{"damage":11.0,"enemies":"Replay:BlueRogue","floor":10.0,"turns":3.0},{"damage":0.0,"enemies":"2 Fungi Beasts","floor":14.0,"turns":1.0},{"damage":32.0,"enemies":"The Guardian","floor":16.0,"turns":6.0},{"damage":4.0,"enemies":"Chosen","floor":18.0,"turns":3.0},{"damage":10.0,"enemies":"3 Byrds","floor":21.0,"turns":4.0},{"damage":13.0,"enemies":"Replay:Snechameleon","floor":23.0,"turns":3.0},{"damage":28.0,"enemies":"Book of Stabbing","floor":25.0,"turns":4.0},{"damage":17.0,"enemies":"Centurion and Healer","floor":30.0,"turns":4.0},{"damage":0.0,"enemies":"Chosen and Byrds","floor":33.0,"turns":3.0},{"damage":36.0,"enemies":"Automaton","floor":35.0,"turns":6.0},{"damage":10.0,"enemies":"3 Darklings","floor":37.0,"turns":3.0},{"damage":10.0,"enemies":"Orb Walker","floor":41.0,"turns":3.0},{"damage":50.0,"enemies":"Nemesis","floor":42.0,"turns":5.0},{"damage":14.0,"enemies":"4 Shapes","floor":43.0,"turns":3.0},{"damage":8.0,"enemies":"R_Hoarder","floor":44.0,"turns":4.0},{"damage":9.0,"enemies":"Spire Growth","floor":48.0,"turns":4.0},{"damage":28,"enemies":"Maw","floor":50,"turns":4},{"damage":79,"enemies":"Replay:Hell Engine","floor":52,"turns":6}],"seed_played":"8101368654732771801","potions_obtained":[{"floor":1.0,"key":"AttackPotion"},{"floor":4.0,"key":"Energy Potion"},{"floor":10.0,"key":"Energy Potion"},{"floor":18.0,"key":"Adrenaline Potion"},{"floor":21.0,"key":"SpeedPotion"},{"floor":33.0,"key":"Fire Potion"},{"floor":48.0,"key":"Adrenaline Potion"},{"floor":50,"key":"FearPotion"}],"is_trial":false,"path_per_floor":["M","?","M","M","$","R","M","R","T","E","?","T","?","M","R","B",null,"M","?","$","M","?","E","R","E","PTL","PTL","T","T","M","R","?","M","R","B",null,"M","?","T","?","M","E","M","E","T","R","$","M","$","M","R","B"],"character_chosen":"IRONCLAD","items_purchased":["Jack Of All Trades","Apotheosis","Strength Potion","Orrery","Flex","ReplayUltimateDefense+1"],"campfire_rested":3,"item_purchase_floors":[5,20,47,47,49,49],"current_hp_per_floor":[73,73,78,84,84,84,71,71,71,66,48,48,48,54,54,28,94,94,94,94,90,90,83,83,61,61,61,61,61,50,78,78,84,84,54,94,90,90,97,84,80,36,32,30,30,61,61,58,58,36,67,0,0],"gold":184,"neow_bonus":"ONE_RARE_RELIC","is_daily":false,"chose_seed":false,"campfire_upgraded":4,"win_rate":0.0,"timestamp":1613603949,"path_taken":["M","?","?","M","$","R","M","R","T","E","?","?","?","M","R","BOSS","M","?","$","?","?","E","R","E","PTL","PTL","T","?","M","R","?","?","R","BOSS","M","?","?","?","M","E","M","E","T","R","$","M","?","M","R","BOSS"],"items_purchased_type":["Card","Card","Potion","Relic","Card","Card"],"build_version":"2020-12-22","purchased_purges":1,"victory":false,"max_hp_per_floor":[94,94,94,94,94,94,94,94,94,94,94,94,94,94,94,94,94,94,94,94,94,94,94,94,94,94,94,94,94,94,94,94,94,94,94,94,94,94,101,101,101,101,105,105,105,105,105,105,105,105,105,105,105],"card_choices":[{"not_picked":["Entrench","Dropkick"],"picked":"Armaments","floor":1.0},{"not_picked":["Iron Wave","Carnage"],"picked":"Replay:Undeath\u0027s Touch","floor":3.0},{"not_picked":["Body Slam","Headbutt"],"picked":"Pommel Strike","floor":4.0},{"not_picked":["Clothesline","Body Slam"],"picked":"Heavy Blade","floor":7.0},{"not_picked":["Hemogenesis","Seeing Red"],"picked":"Cleave","floor":10.0},{"not_picked":["Cleave","Havoc"],"picked":"Spot Weakness","floor":14.0},{"not_picked":["Juggernaut","Barricade"],"picked":"Immolate","floor":16.0},{"not_picked":["Havoc","Clothesline"],"picked":"Metallicize","floor":18.0},{"not_picked":["Rampage+1","Headbutt+1"],"picked":"Heavy Blade","floor":21.0},{"not_picked":["Demonic Infusion","Armaments+1"],"picked":"Warcry+1","floor":23.0},{"not_picked":["Offering","Dual Wield","Burning Pact"],"picked":"SKIP","floor":25.0},{"not_picked":["Hemokinesis","Pummel","Anger"],"picked":"SKIP","floor":30.0},{"not_picked":["Heavy Blade","True Grit+1"],"picked":"Flex","floor":33.0},{"not_picked":["Fiend Fire","Eclipse"],"picked":"Limit Break","floor":35.0},{"not_picked":["Armaments+1","Sword Boomerang"],"picked":"Clash+1","floor":37.0},{"not_picked":["Pommel Strike","Thunderclap+1"],"picked":"Ghostly Armor+1","floor":41.0},{"not_picked":["Eclipse","ReplayReversal+1","Shockwave"],"picked":"SKIP","floor":42.0},{"not_picked":["Intimidate+1","ReplayTheSpireMod:Strike From Hell"],"picked":"Clash+1","floor":43.0},{"not_picked":["ReplayTheSpireMod:Limb From Limb","Clothesline+1"],"picked":"Metallicize+1","floor":44.0},{"not_picked":["Sentinel+1","Clash+1"],"picked":"Limit Break","floor":47.0},{"not_picked":["Iron Wave","Headbutt"],"picked":"Heavy Blade+1","floor":48.0},{"not_picked":["Clothesline+1","Entrench"],"picked":"Clash","floor":50}],"player_experience":282037,"relics_obtained":[{"floor":9.0,"key":"Bag of Marbles"},{"floor":10.0,"key":"PreservedInsect"},{"floor":12.0,"key":"Divine Protection"},{"floor":15.0,"key":"Tiny Chest"},{"floor":23.0,"key":"Garlic"},{"floor":25.0,"key":"Replay:Bottled Steam"},{"floor":28.0,"key":"MawBank"},{"floor":29.0,"key":"Frozen Egg 2"},{"floor":39.0,"key":"Strawberry"},{"floor":42.0,"key":"Gremlin Food"},{"floor":45.0,"key":"Pet Ghost"}],"event_choices":[{"cards_removed":["Defend_R"],"damage_healed":0.0,"max_hp_gain":0.0,"max_hp_loss":0.0,"gold_gain":0.0,"event_name":"Purifier","player_choice":"Purged","floor":2.0,"gold_loss":0.0,"damage_taken":0.0},{"damage_healed":0.0,"max_hp_gain":0.0,"max_hp_loss":0.0,"gold_gain":0.0,"event_name":"Scrap Ooze","player_choice":"Success","floor":11.0,"gold_loss":0.0,"damage_taken":18.0,"relics_obtained":["Gremlin Horn"]},{"damage_healed":0.0,"max_hp_gain":0.0,"max_hp_loss":0.0,"gold_gain":0.0,"event_name":"World of Goop","player_choice":"Left Gold","floor":13.0,"gold_loss":35.0,"damage_taken":0.0},{"cards_removed":["Strike_R"],"damage_healed":0.0,"max_hp_gain":0.0,"max_hp_loss":0.0,"gold_gain":0.0,"event_name":"Purifier","player_choice":"Purged","floor":19.0,"gold_loss":0.0,"damage_taken":0.0},{"damage_healed":0.0,"max_hp_gain":0.0,"max_hp_loss":0.0,"gold_gain":0.0,"event_name":"Ghosts","player_choice":"Ignored","floor":22.0,"gold_loss":0.0,"damage_taken":0.0},{"cards_removed":["Metallicize"],"damage_healed":0.0,"max_hp_gain":0.0,"max_hp_loss":0.0,"gold_gain":0.0,"event_name":"Falling","player_choice":"Removed Power","floor":38.0,"gold_loss":0.0,"damage_taken":0.0},{"damage_healed":0.0,"max_hp_gain":0.0,"max_hp_loss":0.0,"gold_gain":0.0,"event_name":"Winding Halls","player_choice":"Embrace Madness","floor":40.0,"gold_loss":0.0,"damage_taken":13.0,"cards_obtained":["Madness","Madness"]}],"is_beta":false,"boss_relics":[{"not_picked":["Runic Cube","Empty Cage"],"picked":"Velvet Choker"},{"not_picked":["Astrolabe","Calling Bell"],"picked":"Pandora\u0027s Box"}],"items_purged_floors":[47],"is_endless":false,"potions_floor_spawned":[1,4,10,18,21,33,44,48,50],"killed_by":"Replay:Hell Engine","ascension_level":4}}