{"host":"ow66nzv2xecjoor3","time":1613534243,"event":{"mods":["BaseMod","Bestiary","Block Reminder","Colored Powertips","Curses Come First","Highlight Path","Keyboard Shortcuts","Minty Spire (QoL Compilation)","Permanent Neow","Relic Stats","StSLib","UnlockEverythingMod"],"gold_per_floor":[99,99,99,18,18,18,18,18,18,18,18,18,18],"floor_reached":12,"language":"ENG","playtime":3170,"items_purged":[],"score":152,"play_id":"512b2e0a-3987-422f-a5ba-15b9f3745624","local_time":"20210216215723","is_ascension_mode":true,"campfire_choices":[{"data":"Blood for Blood","floor":6.0,"key":"SMITH"},{"floor":10,"key":"REST"}],"circlet_count":0,"master_deck":["AscendersBane","Strike_R","Strike_R","Strike_R+1","Strike_R","Strike_R+1","Defend_R","Defend_R","Defend_R","Defend_R","Bash","Pummel","Blood for Blood+1","Impervious","Shrug It Off","Fiend Fire"],"relics":["Ectoplasm","Question Card","Letter Opener","Gambling Chip","Matryoshka"],"acts_visited":["Exordium"],"potions_floor_usage":[10,12],"damage_taken":[{"damage":6.0,"enemies":"2 Louse","floor":1.0,"turns":3.0},{"damage":7.0,"enemies":"Jaw Worm","floor":3.0,"turns":2.0},{"damage":3.0,"enemies":"Small Slimes","floor":5.0,"turns":3.0},{"damage":12.0,"enemies":"3 Sentries","floor":8.0,"turns":8.0},{"damage":19,"enemies":"Lagavulin","floor":12,"turns":4}],"seed_played":"2523192691617568259","potions_obtained":[{"floor":1.0,"key":"Dexterity Potion"},{"floor":8.0,"key":"Fruit Juice"}],"is_trial":false,"path_per_floor":["M","?","M","$","M","R","T","E","T","R","?","E"],"character_chosen":"IRONCLAD","items_purchased":["Impervious"],"campfire_rested":1,"item_purchase_floors":[4],"current_hp_per_floor":[62,36,29,29,26,26,26,14,14,43,19,0,0],"gold":18,"neow_bonus":"BOSS_RELIC","is_daily":false,"chose_seed":false,"campfire_upgraded":1,"win_rate":0.0,"timestamp":1613534243,"path_taken":["M","?","M","$","M","R","?","E","T","R","?","E"],"items_purchased_type":["Card"],"build_version":"2020-12-22","purchased_purges":0,"victory":false,"max_hp_per_floor":[75,75,75,75,75,75,75,75,75,80,80,80,80],"relic_stats":{"counters":[5,20],"Gambling Chip":[4],"Ectoplasm":142,"Letter Opener":[0],"Question Card":3,"obtain_stats":[{"Matryoshka":9,"Gambling Chip":8,"Ectoplasm":0,"Letter Opener":7,"Question Card":2,"Burning Blood":0},{"Matryoshka":4,"Gambling Chip":4,"Ectoplasm":0,"Letter Opener":3,"Question Card":1,"Burning Blood":0},{"Matryoshka":16,"Gambling Chip":16,"Ectoplasm":0,"Letter Opener":8,"Question Card":3,"Burning Blood":0}]},"card_choices":[{"not_picked":["Rupture","Wild Strike"],"picked":"Pummel","floor":1.0},{"not_picked":["Pommel Strike","True Grit","Warcry"],"picked":"Blood for Blood","floor":3.0},{"not_picked":["Armaments","Heavy Blade","Warcry"],"picked":"Shrug It Off","floor":5.0},{"not_picked":["Searing Blow","Evolve","Thunderclap"],"picked":"Fiend Fire","floor":8.0}],"player_experience":2874698,"relics_obtained":[{"floor":7.0,"key":"Letter Opener"},{"floor":8.0,"key":"Gambling Chip"},{"floor":9.0,"key":"Matryoshka"}],"event_choices":[{"damage_healed":0.0,"max_hp_gain":0.0,"max_hp_loss":0.0,"gold_gain":0.0,"event_name":"Scrap Ooze","player_choice":"Success","floor":2.0,"gold_loss":0.0,"damage_taken":26.0,"relics_obtained":["Question Card"]},{"damage_healed":0,"gold_gain":0,"player_choice":"Entered Light","damage_taken":24,"max_hp_gain":0,"max_hp_loss":0,"event_name":"Shining Light","floor":11,"gold_loss":0,"cards_upgraded":["Strike_R","Strike_R"]}],"is_beta":false,"boss_relics":[],"items_purged_floors":[],"is_endless":false,"potions_floor_spawned":[1,8],"killed_by":"Lagavulin","ascension_level":20}}