{"host":"38abhf7uonnoqlzr","time":1613604792,"event":{"mods":["Act Like it!","Aspiration","BaseMod","Better Note","Better Third Choice","Block Reminder","CapriCore","Colored Map","Conspire","Displayed Cursed Tome","Dota2Spire","Energized Spire","Friendly Minions","Hallownest","Hubris","Minty Spire (QoL Compilation)","Pale of the Ancients","Rare Cards Sparkle","Relic Stats","Reliquary","Replay The Spire","Shapeshifter Mod","Spicy Shops","StSLib","Waifu the Spire"],"gold_per_floor":[111,111,39,54,162,162,191,191,191,235,9,26,72,72,72,178,178,188,39,54,74,124,157,157,189,267,59,96,115,155,184,184,198,198],"floor_reached":33,"language":"ENG","playtime":3597,"items_purged":["ReplayTheSpireMod:Splinters","Regret"],"score":430,"play_id":"f6fa449f-16eb-49f4-bd56-5dce0e322c80","local_time":"20210218003312","is_ascension_mode":false,"campfire_choices":[{"data":"StSShapeShifter:Flourish","floor":6,"key":"SMITH"},{"floor":8,"key":"REST"},{"floor":24,"key":"REST"},{"floor":32,"key":"REST"}],"circlet_count":0,"master_deck":["StSShapeShifter:ShapeShifter_Strike","StSShapeShifter:ShapeShifter_Strike","StSShapeShifter:ShapeShifter_Strike","StSShapeShifter:ShapeShifter_Strike","StSShapeShifter:ShapeShifter_Strike","StSShapeShifter:ShapeShifter_Defend","StSShapeShifter:ShapeShifter_Defend","StSShapeShifter:ShapeShifter_Defend","StSShapeShifter:ShapeShifter_Defend","StSShapeShifter:ShapeShifter_Defend","StSShapeShifter:Tortoise_Form","StSShapeShifter:Lynx_Form","StSShapeShifter:MultiSpiritedStrike+1","StSShapeShifter:OwlForm","StSShapeShifter:Flourish+1","StSShapeShifter:CosmicShifter","StSShapeShifter:EagleForm","StSShapeShifter:FoxForm","StSShapeShifter:HippoForm","StSShapeShifter:Rabid","StSShapeShifter:WolfForm","StSShapeShifter:WiltingWrath+1","StSShapeShifter:DiverseSpirit","StSShapeShifter:RhinoCalfForm+1","StSShapeShifter:PoisonIvy","StSShapeShifter:Evolution","StSShapeShifter:BulwarkOfDiscovery","StSShapeShifter:HummingbirdForm","Doubt","StSShapeShifter:MultiSpiritedStrike+1","StSShapeShifter:BurrBomb+1","Replay:Hysterical Blindness","Overencumbered","CommonCold","StSShapeShifter:CosmicShifter+1","StSShapeShifter:PoisonIvy+1","StSShapeShifter:SquirrelForm","StSShapeShifter:Rabid","Amnesia","StSShapeShifter:OwlForm"],"relics":["StSShapeShifter:AnimalHeart","StSShapeShifter:TheShapeShiftersMagnolia","reliquary:BrokenClock","Dota2Spire:EchoSabre","Dota2Spire:ArcaneBoots","Membership Card","reliquary:RedPaperclip","Dota2Spire:BattleFury","Ring of Greed","ReplayTheSpireMod:Ring of Challenge","Golden Egg","Replay:Wax Seal","ReplayFunnel","Replay:Bandana","Ornamental Fan","ReplayTheSpireMod:CursedCoin","Dota2Spire:Butterfly","hubris:Potato","Guide Book"],"acts_visited":["Exordium","Hallownest:Greenpath"],"potions_floor_usage":[7,18,21,28,31,31,33,33],"damage_taken":[{"damage":4,"enemies":"2_ Uuma","floor":1,"turns":4},{"damage":12,"enemies":"Hallownest:monsterHuskGuard","floor":4,"turns":4},{"damage":8,"enemies":"Hallownest:eliteVengeflyKing","floor":7,"turns":8},{"damage":20,"enemies":"Hallownest:eliteCrystalGuardian","floor":10,"turns":6},{"damage":4,"enemies":"Hallownest:2_Tiktiks_and_1_Crawlid","floor":12,"turns":3},{"damage":28,"enemies":"Hallownest:eliteMossKnight","floor":13,"turns":7},{"damage":0,"enemies":"Hallownest:monsterAspidMother","floor":14,"turns":4},{"damage":65,"enemies":"Hallownest:BossBrokenVessel","floor":16,"turns":8},{"damage":45,"enemies":"Hallownest:Guard_and_Sentry","floor":18,"turns":5},{"damage":0,"enemies":"Hallownest:2_Mistakes","floor":20,"turns":3},{"damage":36,"enemies":"Hallownest:2_Flukemon","floor":21,"turns":6},{"damage":26,"enemies":"Hallownest:eliteWatcherKnight","floor":23,"turns":8},{"damage":8,"enemies":"Hallownest:Nosk","floor":25,"turns":5},{"damage":0,"enemies":"Hallownest:monsterShrumalOgre","floor":28,"turns":4},{"damage":21,"enemies":"Hallownest:2_Husk_Sentries","floor":29,"turns":4},{"damage":0,"enemies":"Hallownest:3_Mistakes","floor":30,"turns":5},{"damage":13,"enemies":"Hallownest:Warrior_and_Youth","floor":31,"turns":4},{"damage":43,"enemies":"Hallownest:BossSoulMaster","floor":33,"turns":3}],"seed_played":"7012170287851628647","potions_obtained":[{"floor":4,"key":"Energy Potion"},{"floor":10,"key":"CultistPotion"},{"floor":13,"key":"Dota2Spire:Clarity"},{"floor":16,"key":"Explosive Potion"},{"floor":20,"key":"Regen Potion"},{"floor":23,"key":"SpeedPotion"},{"floor":28,"key":"SmokeBomb"},{"floor":29,"key":"Strength Potion"},{"floor":31,"key":"Dota2Spire:Clarity"}],"is_trial":false,"path_per_floor":["M","?","$","M","?","R","E","R","T","E","$","M","E","M","R_BF","B",null,"M","$","M","M","?","E","R","E","T","$","M","M","M","M","R","B"],"character_chosen":"SHAPESHIFTER","items_purchased":["reliquary:BrokenClock","Membership Card","StSShapeShifter:Rabid","StSShapeShifter:Evolution","Dota2Spire:BattleFury","ReplayTheSpireMod:CursedCoin","Dota2Spire:Butterfly","hubris:Potato","Guide Book","StSShapeShifter:CosmicShifter"],"campfire_rested":3,"item_purchase_floors":[3,11,11,19,19,27,27,27,27,27],"current_hp_per_floor":[81,81,81,69,69,69,61,85,85,65,65,61,33,43,68,21,85,48,48,54,33,33,15,40,36,36,36,40,19,25,14,39,0,0],"gold":198,"neow_bonus":"TEN_PERCENT_HP_BONUS","is_daily":false,"chose_seed":false,"campfire_upgraded":1,"win_rate":0.0,"timestamp":1613604792,"path_taken":["M","?","$","M","?","R","E","R","T","E","$","M","E","M","R_BF","BOSS","M","$","M","M","?","E","R","E","T","$","M","M","M","M","R","BOSS"],"items_purchased_type":["Relic","Relic","Card","Card","Relic","Relic","Relic","Relic","Relic","Card"],"build_version":"2020-12-22","purchased_purges":2,"victory":false,"max_hp_per_floor":[85,85,85,85,85,85,85,85,85,85,85,85,85,85,85,85,85,85,85,85,85,85,85,85,85,85,85,85,85,85,85,85,85,85],"relic_stats":{"counters":[18,91],"Ornamental Fan":[12],"obtain_stats":[{"StSShapeShifter:TheShapeShiftersMagnolia":0,"ReplayFunnel":23,"Dota2Spire:EchoSabre":9,"Golden Egg":22,"StSShapeShifter:AnimalHeart":0,"ReplayTheSpireMod:CursedCoin":27,"Guide Book":27,"Dota2Spire:BattleFury":19,"Ring of Greed":22,"Dota2Spire:LotusOrb":7,"Replay:Bandana":25,"reliquary:RedPaperclip":17,"Dota2Spire:Butterfly":27,"Ornamental Fan":26,"hubris:PeanutButter":13,"reliquary:BrokenClock":3,"Dota2Spire:ArcaneBoots":10,"Membership Card":11,"ReplayTheSpireMod:Ring of Challenge":22,"Replay:Wax Seal":22,"hubris:Potato":27},{"StSShapeShifter:TheShapeShiftersMagnolia":0,"ReplayFunnel":12,"Dota2Spire:EchoSabre":3,"Golden Egg":11,"StSShapeShifter:AnimalHeart":0,"ReplayTheSpireMod:CursedCoin":13,"Guide Book":13,"Dota2Spire:BattleFury":9,"Ring of Greed":11,"Dota2Spire:LotusOrb":3,"Replay:Bandana":13,"reliquary:RedPaperclip":8,"Dota2Spire:Butterfly":13,"Ornamental Fan":13,"hubris:PeanutButter":6,"reliquary:BrokenClock":1,"Dota2Spire:ArcaneBoots":4,"Membership Card":4,"ReplayTheSpireMod:Ring of Challenge":11,"Replay:Wax Seal":11,"hubris:Potato":13},{"StSShapeShifter:TheShapeShiftersMagnolia":0,"ReplayFunnel":66,"Dota2Spire:EchoSabre":16,"Golden Egg":58,"StSShapeShifter:AnimalHeart":0,"ReplayTheSpireMod:CursedCoin":71,"Guide Book":71,"Dota2Spire:BattleFury":49,"Ring of Greed":58,"Dota2Spire:LotusOrb":16,"Replay:Bandana":71,"reliquary:RedPaperclip":44,"Dota2Spire:Butterfly":71,"Ornamental Fan":71,"hubris:PeanutButter":32,"reliquary:BrokenClock":4,"Dota2Spire:ArcaneBoots":22,"Membership Card":22,"ReplayTheSpireMod:Ring of Challenge":58,"Replay:Wax Seal":58,"hubris:Potato":71}]},"card_choices":[{"not_picked":["StSShapeShifter:ShiftingStrike","StSShapeShifter:SunflowerShuriken"],"picked":"StSShapeShifter:MultiSpiritedStrike","floor":1},{"not_picked":["StSShapeShifter:PoisonIvy","StSShapeShifter:Sapling"],"picked":"StSShapeShifter:OwlForm","floor":4},{"not_picked":["StSShapeShifter:SunflowerShuriken","StSShapeShifter:VineHandcuffs"],"picked":"StSShapeShifter:Flourish","floor":5},{"not_picked":["StSShapeShifter:BaskInBloom","StSShapeShifter:FlowerShield"],"picked":"StSShapeShifter:CosmicShifter","floor":5},{"not_picked":["StSShapeShifter:BurstingSpore","StSShapeShifter:BloomingSlash"],"picked":"StSShapeShifter:EagleForm","floor":5},{"not_picked":["StSShapeShifter:FlamingoForm","StSShapeShifter:Earthquake"],"picked":"StSShapeShifter:FoxForm","floor":7},{"not_picked":["StSShapeShifter:GoldenBerries","StSShapeShifter:ThrashAbout"],"picked":"StSShapeShifter:HippoForm","floor":10},{"not_picked":["StSShapeShifter:MonkeyForm","StSShapeShifter:Guard"],"picked":"StSShapeShifter:WolfForm","floor":12},{"not_picked":["StSShapeShifter:HippoForm","StSShapeShifter:ThrashAbout"],"picked":"StSShapeShifter:WiltingWrath","floor":13},{"not_picked":["StSShapeShifter:SunflowerShuriken","StSShapeShifter:ShiftingStrike"],"picked":"StSShapeShifter:DiverseSpirit","floor":14},{"not_picked":["StSShapeShifter:Spring","StSShapeShifter:Summer"],"picked":"StSShapeShifter:RhinoCalfForm","floor":16},{"not_picked":["StSShapeShifter:Sapling","StSShapeShifter:Synchronicity"],"picked":"StSShapeShifter:PoisonIvy","floor":18},{"not_picked":["StSShapeShifter:BarkSkin","StSShapeShifter:BloomingSlash"],"picked":"StSShapeShifter:BulwarkOfDiscovery","floor":20},{"not_picked":["StSShapeShifter:OpportuneSwoop","StSShapeShifter:OakBlade"],"picked":"StSShapeShifter:HummingbirdForm","floor":21},{"not_picked":["StSShapeShifter:Autumn","StSShapeShifter:RockSlide"],"picked":"StSShapeShifter:MultiSpiritedStrike+1","floor":23},{"not_picked":["StSShapeShifter:Wildfire2","StSShapeShifter:FesteringBite"],"picked":"StSShapeShifter:BurrBomb","floor":25},{"not_picked":["StSShapeShifter:Sapling","StSShapeShifter:VileMushroom"],"picked":"StSShapeShifter:PoisonIvy+1","floor":28},{"not_picked":["StSShapeShifter:FlowerShield","StSShapeShifter:ClimbTree"],"picked":"StSShapeShifter:SquirrelForm","floor":29},{"not_picked":["StSShapeShifter:Consume","StSShapeShifter:Rest"],"picked":"StSShapeShifter:Rabid","floor":30},{"not_picked":["StSShapeShifter:BarkSkin","StSShapeShifter:RockSlide"],"picked":"StSShapeShifter:OwlForm","floor":31}],"player_experience":206265,"relics_obtained":[{"floor":7,"key":"Dota2Spire:LotusOrb"},{"floor":9,"key":"Dota2Spire:EchoSabre"},{"floor":10,"key":"Dota2Spire:ArcaneBoots"},{"floor":13,"key":"hubris:PeanutButter"},{"floor":22,"key":"Ring of Greed"},{"floor":22,"key":"ReplayTheSpireMod:Ring of Challenge"},{"floor":22,"key":"Golden Egg"},{"floor":22,"key":"Replay:Wax Seal"},{"floor":23,"key":"ReplayFunnel"},{"floor":25,"key":"Replay:Bandana"},{"floor":26,"key":"Ornamental Fan"}],"event_choices":[],"is_beta":false,"boss_relics":[{"not_picked":["Runic Pyramid","SlaversCollar"],"picked":"reliquary:RedPaperclip"}],"items_purged_floors":[11,27],"is_endless":false,"potions_floor_spawned":[4,10,13,16,20,23,28,29,30,31],"killed_by":"Hallownest:BossSoulMaster","ascension_level":0}}