{"host":"8injpn8qs0kr8sd6","time":1613553680,"event":{"mods":["Act Like it!","BaseMod","Downfall","KinomotoSakuraMod(Ä¾Ö®±¾Ó£)","Marisa£¨ìFÓê¡¡Ä§ÀíÉ³£©","Minty Spire (QoL Compilation)","Quick Restart","StSLib","¡¾ÒÅÎï¿¨ÅÆ¡¿REMEMod"],"gold_per_floor":[109,123,123,123,137,9,9,27,50,50,74,92,92,110,110,241,241,264,5,19,0,0,0,16,16,16,39,39,52,65,28,28,28,28,28],"floor_reached":33,"language":"ZHS","playtime":1565,"items_purged":["hexamod:Sear","hexamod:Strike+1"],"score":241,"play_id":"43cddb42-444e-4c70-8975-203c573b94cb","local_time":"20210217172120","is_ascension_mode":false,"campfire_choices":[{"data":"hexamod:VolcanoVisage","floor":7.0,"key":"SMITH"},{"floor":10.0,"key":"REST"},{"floor":13.0,"key":"REST"},{"data":"hexamod:Incineration","floor":15.0,"key":"SMITH"},{"data":"hexamod:VolcanoVisage","floor":23,"key":"SMITH"},{"floor":25,"key":"REST"},{"floor":32,"key":"REST"}],"circlet_count":0,"master_deck":["hexamod:Strike+1","hexamod:Defend+1","hexamod:Defend+1","hexamod:Float+1","hexamod:VolcanoVisage+1","hexamod:Firestarter+1","hexamod:FourthSeal","hexamod:ChargedBarrage+1","hexamod:PhantomFireball+1","hexamod:AdvancingGuard","hexamod:SixthSeal","hexamod:Incineration+1","hexamod:VolcanoVisage+1","hexamod:FastForward+1","hexamod:VolcanoVisage+1","hexamod:ThirdSeal","hexamod:StepThrough","hexamod:TimeOfNeed","hexamod:SkipABeat"],"relics":["REME_ComplimentaryCards","Astrolabe","Golden Idol","Bronze Scales","REME_ChargedStone","Gremlin Horn"],"acts_visited":["Exordium","TheCity"],"potions_floor_usage":[20,27,29,29,30,30,33],"damage_taken":[{"damage":16.0,"enemies":"2 Louse","floor":1.0,"turns":4.0},{"damage":6.0,"enemies":"Cultist","floor":2.0,"turns":3.0},{"damage":9.0,"enemies":"Small Slimes","floor":5.0,"turns":3.0},{"damage":0.0,"enemies":"Blue Slaver","floor":8.0,"turns":2.0},{"damage":8.0,"enemies":"Red Slaver","floor":11.0,"turns":3.0},{"damage":20.0,"enemies":"Gremlin Gang","floor":12.0,"turns":5.0},{"damage":5.0,"enemies":"Exordium Thugs","floor":14.0,"turns":3.0},{"damage":27,"enemies":"Slime Boss","floor":16,"turns":6},{"damage":19,"enemies":"Spheric Guardian","floor":18,"turns":4},{"damage":27,"enemies":"2 Thieves","floor":20,"turns":4},{"damage":2,"enemies":"Centurion and Healer","floor":24,"turns":5},{"damage":15,"enemies":"Snake Plant","floor":27,"turns":3},{"damage":15,"enemies":"Shelled Parasite and Fungi","floor":29,"turns":3},{"damage":0,"enemies":"Snecko","floor":30,"turns":5},{"damage":34,"enemies":"Champ","floor":33,"turns":3}],"seed_played":"-2833968865252794532","potions_obtained":[{"floor":1.0,"key":"SpeedPotion"},{"floor":2.0,"key":"Energy Potion"},{"floor":5.0,"key":"PowerPotion"},{"floor":5.0,"key":"Fire Potion"},{"floor":8.0,"key":"LiquidMemories"},{"floor":11.0,"key":"LiquidBronze"},{"floor":12.0,"key":"FearPotion"},{"floor":14.0,"key":"SteroidPotion"},{"floor":16,"key":"FearPotion"},{"floor":16,"key":"Ancient Potion"},{"floor":24,"key":"DistilledChaos"},{"floor":27,"key":"AttackPotion"},{"floor":28,"key":"DistilledChaos"},{"floor":28,"key":"LiquidBronze"},{"floor":28,"key":"Guardian:BlockOnCardUsePotion"},{"floor":29,"key":"Slimebound:ThreeZeroPotion"},{"floor":29,"key":"Strength Potion"},{"floor":30,"key":"BlessingOfTheForge"}],"is_trial":false,"path_per_floor":["M","M","?","?","M","$","R","M","T","R","M","M","R","M","R","B",null,"M","$","M","?","$","R","M","R","T","M","?","M","M","$","R","B"],"character_chosen":"THE_SPIRIT","items_purchased":["hexamod:AdvancingGuard","hexamod:VolcanoVisage","hexamod:SkipABeat"],"campfire_rested":4,"item_purchase_floors":[6,19,31],"current_hp_per_floor":[54,48,31,31,22,22,22,22,22,43,35,15,36,31,31,4,70,51,51,24,24,24,24,22,43,43,28,28,13,13,13,34,0,0,0],"gold":28,"neow_bonus":"BOSS_RELIC","is_daily":false,"chose_seed":false,"campfire_upgraded":3,"win_rate":0.0,"timestamp":1613553680,"path_taken":["M","M","?","?","M","$","R","M","T","R","M","M","R","M","R","BOSS","M","$","?","?","$","R","M","R","T","M","?","?","?","?","R","BOSS"],"items_purchased_type":["Card","Card","Card"],"build_version":"2020-12-22","purchased_purges":2,"victory":false,"max_hp_per_floor":[70,70,70,70,70,70,70,70,70,70,70,70,70,70,70,70,70,70,70,70,70,70,70,70,70,70,70,70,70,70,70,70,70,70,70],"card_choices":[{"not_picked":["hexamod:HauntingEcho","hexamod:BurningTouch","hexamod:NightmareStrike"],"picked":"SKIP","floor":1.0},{"not_picked":["hexamod:BurningTouch","hexamod:NecessarySacrifice","hexamod:GhostOfSpireFuture"],"picked":"SKIP","floor":2.0},{"not_picked":["hexamod:SpectralAdrenaline","hexamod:NightmareStrike"],"picked":"hexamod:PhantomFireball","floor":5.0},{"not_picked":["hexamod:InspiringFlames","hexamod:NightmareStrike"],"picked":"hexamod:SixthSeal","floor":8.0},{"not_picked":["hexamod:NightmareStrike","hexamod:GhostShield","hexamod:BurningTouch"],"picked":"SKIP","floor":11.0},{"not_picked":["hexamod:Hexaguard","hexamod:AdvancingGuard"],"picked":"hexamod:Incineration","floor":12.0},{"not_picked":["hexamod:GhostflameBarrier","hexamod:NightmareGuise","hexamod:NightmareStrike"],"picked":"SKIP","floor":14.0},{"not_picked":["hexamod:GhostflameInferno","hexamod:GhostOfSpirePresent"],"picked":"hexamod:VolcanoVisage","floor":16},{"not_picked":["hexamod:NecessarySacrifice","hexamod:Hexaguard"],"picked":"hexamod:FastForward","floor":18},{"not_picked":["hexamod:SpectralAdrenaline+1","hexamod:HeatMetal+1"],"picked":"hexamod:ThirdSeal","floor":20},{"not_picked":["hexamod:FourthSeal","hexamod:BacktrackSmack","hexamod:Incineration"],"picked":"SKIP","floor":24},{"not_picked":["hexamod:GhostShield","hexamod:BacktrackSmack","hexamod:NightmareStrike+1"],"picked":"SKIP","floor":24},{"not_picked":["hexamod:Firestarter+1","hexamod:Incineration+1"],"picked":"hexamod:StepThrough","floor":27},{"not_picked":["hexamod:EmpoweredFlame","hexamod:GhostLash","hexamod:ShieldOfDarkness+1"],"picked":"SKIP","floor":27},{"not_picked":["hexamod:ThermalTransfer+1","hexamod:AdvancingGuard"],"picked":"hexamod:TimeOfNeed","floor":29},{"not_picked":["hexamod:NightmareGuise","hexamod:BacktrackSmack+1","hexamod:ThermalTransfer"],"picked":"SKIP","floor":29},{"not_picked":["hexamod:NightmareStrike","hexamod:SwordOfDarkness","hexamod:NightmareGuise"],"picked":"SKIP","floor":30},{"not_picked":["hexamod:NightmareGuise","hexamod:NightmareStrike","hexamod:BurningTouch"],"picked":"SKIP","floor":30}],"player_experience":513790,"relics_obtained":[{"floor":9.0,"key":"Bronze Scales"},{"floor":26,"key":"Gremlin Horn"}],"event_choices":[{"damage_healed":0.0,"max_hp_gain":0.0,"max_hp_loss":0.0,"gold_gain":0.0,"event_name":"Golden Idol","player_choice":"Take Damage","floor":3.0,"gold_loss":0.0,"damage_taken":17.0,"relics_obtained":["Golden Idol"]},{"cards_removed":["hexamod:Strike"],"damage_healed":0.0,"max_hp_gain":0.0,"max_hp_loss":0.0,"gold_gain":0.0,"event_name":"Bonfire Elementals","player_choice":"Offered Basic","floor":4.0,"gold_loss":0.0,"damage_taken":0.0},{"damage_healed":0,"gold_gain":0,"player_choice":"Paid Fearfully","damage_taken":0,"max_hp_gain":0,"max_hp_loss":0,"event_name":"Masked Bandits","floor":21,"gold_loss":19},{"damage_healed":0,"gold_gain":0,"player_choice":"Got Potions","damage_taken":0,"max_hp_gain":0,"max_hp_loss":0,"event_name":"Lab","floor":28,"gold_loss":0}],"is_beta":false,"boss_relics":[{"not_picked":["Empty Cage","Sozu"],"picked":"REME_ChargedStone"}],"items_purged_floors":[6,19],"is_endless":false,"potions_floor_spawned":[5,8,11,16,24,29,30],"killed_by":"Champ","ascension_level":0}}