{"host":"iovigr651ajk16h5","time":1613588913,"event":{"mods":["2.2 Compatiblity","AchievementEnabler","Aspiration","BaseMod","Better Altar","Better Match","Better Note","Better Sensory Stone","Better Skull","Better Third Choice","Block Reminder","Colored Map","Ekko","Energized Spire","GifTheSpireLib","GungeonMod","Halation","Hermit","Highlight Path","Hubris","Infinite Spire","Koishi","Luminous","Marisa????????","Minty Spire (QoL Compilation)","Nova Terra(??·??)","Onozuka Komachi Mod","Permanent Neow","Prisma Mod","Quick Restart","Railgun Mod","Remilia??????","Replay The Spire","StSLib","Stuff the Spire","Td1madao Mod","The Administrix","The Bladedancer","The Bug Knight","The Construct","The Marked","TheSwordswoman","Trackpad","Waifu the Spire","WarShipGirlsR/????R mod","everything is the same but u backflip on backflip"],"gold_per_floor":[113,130,130,143,162,187,187,187,187,187,204,154,182,30,30,128,128,128,128],"floor_reached":18,"language":"ENG","playtime":787,"items_purged":["theMarked:Strike"],"score":170,"play_id":"42555ac4-2282-401c-b05a-f63e3dde3c4b","local_time":"20210217140833","is_ascension_mode":false,"campfire_choices":[{"floor":7,"key":"REST"},{"floor":10,"key":"REST"},{"data":"theMarked:Electrocute","floor":15,"key":"SMITH"}],"circlet_count":0,"master_deck":["theMarked:Strike","theMarked:Strike","theMarked:Strike","theMarked:Strike","theMarked:Defend","theMarked:Defend","theMarked:Defend","theMarked:SoldierOfQuellstein","theMarked:Electrocute+1","theMarked:Aftermath","ReplayTheSpireMod:Private Reserves","theMarked:ChainLightning","theMarked:Opportunist","theMarked:Parry","Conserve Battery","BasicCrystalCard","theMarked:RogueSparks","theMarked:MagusForm"],"relics":["theMarked:ArtifactOfAir","aspiration:Nostalgia","m_SpellCore","hubris:64BitClover","trackpad:WindUpAutoDealer","DemoMod:NanoMachines","MealTicket"],"acts_visited":["Exordium","TheCity"],"potions_floor_usage":[16],"damage_taken":[{"damage":3,"enemies":"2 Louse","floor":1,"turns":3},{"damage":2,"enemies":"Small Slimes","floor":2,"turns":3},{"damage":6,"enemies":"Jaw Worm","floor":4,"turns":3},{"damage":4,"enemies":"Gremlin Gang","floor":5,"turns":6},{"damage":31,"enemies":"Gremlin Nob","floor":6,"turns":4},{"damage":0,"enemies":"Looter","floor":11,"turns":3},{"damage":13,"enemies":"3 Sentries","floor":13,"turns":8},{"damage":33,"enemies":"Hexaghost","floor":16,"turns":10},{"damage":0,"enemies":"Shell Parasite","floor":18,"turns":1}],"seed_played":"3550819600731021923","potions_obtained":[{"floor":5,"key":"Elixir"},{"floor":11,"key":"DemoMod:BlankPotion"},{"floor":13,"key":"Fire Potion"},{"floor":16,"key":"SteroidPotion"}],"is_trial":false,"path_per_floor":["M","M","?","M","M","E","R","?","T","R","M","?","E","$","R","B",null,"M"],"character_chosen":"THE_DEFAULT","items_purchased":["theMarked:RogueSparks"],"campfire_rested":2,"item_purchase_floors":[14],"current_hp_per_floor":[67,65,65,59,55,24,45,45,45,66,66,66,53,68,68,35,70,70,70],"gold":128,"neow_bonus":"NOSTALGIA","is_daily":false,"chose_seed":false,"campfire_upgraded":1,"win_rate":0.0,"timestamp":1613588913,"path_taken":["M","M","?","M","M","E","R","?","T","R","?","?","E","$","R","BOSS","M"],"items_purchased_type":["Card"],"build_version":"2020-12-22","purchased_purges":1,"victory":false,"max_hp_per_floor":[70,70,70,70,70,70,70,70,70,70,70,70,70,70,70,70,70,70,70],"card_choices":[{"not_picked":["Zap","theMarked:Memento"],"picked":"theMarked:Electrocute","floor":1},{"not_picked":["theMarked:TunnelVision","Gash"],"picked":"theMarked:Aftermath","floor":2},{"not_picked":["Survey Options","Deep Breath"],"picked":"ReplayTheSpireMod:Private Reserves","floor":3},{"not_picked":["Streamline","ReplaySolidLightProjector"],"picked":"theMarked:ChainLightning","floor":4},{"not_picked":["Turbo","theMarked:RepellingDischarge"],"picked":"theMarked:Opportunist","floor":5},{"not_picked":["Reprogram","theMarked:Opportunist"],"picked":"theMarked:Parry","floor":6},{"not_picked":["theMarked:ResourceFulStrike","theMarked:Parkour"],"picked":"Conserve Battery","floor":11},{"not_picked":["theMarked:TakeCover","Scrape"],"picked":"BasicCrystalCard","floor":13},{"not_picked":["theMarked:Snap","theMarked:UnarmedFury"],"picked":"theMarked:MagusForm","floor":16}],"player_experience":351134,"relics_obtained":[{"floor":6,"key":"hubris:64BitClover"},{"floor":9,"key":"DemoMod:NanoMachines"},{"floor":13,"key":"MealTicket"}],"event_choices":[{"damage_healed":0,"gold_gain":1,"player_choice":"1","damage_taken":0,"max_hp_gain":0,"max_hp_loss":0,"event_name":"betterStone:BetterStone","floor":3,"gold_loss":0},{"damage_healed":0,"gold_gain":0,"player_choice":"Gave Potion","damage_taken":0,"relics_obtained":["trackpad:WindUpAutoDealer"],"max_hp_gain":0,"max_hp_loss":0,"event_name":"WeMeetAgain","floor":8,"gold_loss":0},{"cards_removed":["theMarked:Defend"],"damage_healed":0,"gold_gain":0,"player_choice":"Card Removal","damage_taken":0,"max_hp_gain":0,"max_hp_loss":0,"event_name":"The Cleric","floor":12,"gold_loss":50}],"is_beta":false,"boss_relics":[{"not_picked":["halation:SmartPhone","StuffTheSpire:RunicHypercube","aspiration:SilentSkillbook"]}],"items_purged_floors":[14],"is_endless":false,"potions_floor_spawned":[5,11,13,16],"killed_by":"Shell Parasite","ascension_level":0}}