{"host":"dn6kke80v5f7isus","time":1613520042,"event":{"mods":["AchievementEnabler","Act Like it!","Astrologer","BaseMod","Colored Powertips","Custom Start","Defuse TimeMaze Blight","Energized Spire","Gremlin Skip","Highlight Path","Hubris","Infinite Spire","Marisa????????","Marked Mod","Minty Spire (QoL Compilation)","Quick Restart","Rare Cards Sparkle","Reliquary","Replay The Spire","StSLib","The Servant 0.9.4","Uncapped","Unceasing Turn Reminder"],"gold_per_floor":[11,11,11,27,56,56,69,6669,6669],"floor_reached":8,"language":"ENG","playtime":152,"items_purged":[],"score":73,"play_id":"086d7cbd-017b-44e7-bfdc-23c72ed6dde2","local_time":"20210216190042","is_ascension_mode":true,"campfire_choices":[{"floor":6.0,"key":"REST"}],"circlet_count":0,"master_deck":["Strike_R+1","Defend_R+1","Defend_R+1","Defend_R+1","Defend_R+1","Bash+1","Feed+1","Inflame+1"],"relics":["Burning Blood","Replay:Kaleidoscope","hubris:FruitBowl","hubris:EvacipatedBox","infinitespire:WardingShard","Champion Belt"],"acts_visited":["Exordium"],"potions_floor_usage":[],"damage_taken":[{"damage":2.0,"enemies":"Small Slimes","floor":1.0,"turns":4.0},{"damage":6.0,"enemies":"Cultist","floor":4.0,"turns":3.0},{"damage":4.0,"enemies":"Jaw Worm","floor":7.0,"turns":4.0},{"damage":0,"enemies":"Lagavulin","floor":8,"turns":1}],"seed_played":"3798647588888913231","potions_obtained":[{"floor":2.0,"key":"Energy Potion"},{"floor":2.0,"key":"Languid Potion"},{"floor":2.0,"key":"AttackPotion"},{"floor":4.0,"key":"SteroidPotion"}],"is_trial":false,"path_per_floor":["M","?","$","M","?","R","M","E"],"character_chosen":"WATCHER","items_purchased":["hubris:FruitBowl","hubris:EvacipatedBox","infinitespire:WardingShard"],"campfire_rested":1,"item_purchase_floors":[3,3,3],"current_hp_per_floor":[80,80,26,26,6,30,36,100,100],"gold":6669,"neow_bonus":"ONE_RARE_RELIC","is_daily":false,"chose_seed":false,"campfire_upgraded":0,"win_rate":0.0,"timestamp":1613520042,"path_taken":["M","?","?","M","?","R","M","E"],"items_purchased_type":["Relic","Relic","Relic"],"build_version":"2020-12-22","purchased_purges":0,"victory":false,"max_hp_per_floor":[80,80,80,80,80,80,84,100,100],"card_choices":[{"not_picked":["Sword Boomerang","Clash","Havoc"],"picked":"SKIP","floor":1.0},{"not_picked":["Shockwave","Run Through","Defy Death"],"picked":"SKIP","floor":4.0},{"not_picked":["Pommel Strike","Warcry"],"picked":"Feed","floor":5.0},{"not_picked":["Heavy Blade","Disarm"],"picked":"Inflame","floor":7.0}],"player_experience":453301,"relics_obtained":[{"floor":5.0,"key":"Champion Belt"}],"event_choices":[{"damage_healed":0.0,"max_hp_gain":0.0,"max_hp_loss":0.0,"gold_gain":0.0,"event_name":"Lab","player_choice":"Got Potions","floor":2.0,"gold_loss":0.0,"damage_taken":0.0}],"is_beta":false,"boss_relics":[],"items_purged_floors":[],"is_endless":false,"potions_floor_spawned":[4],"killed_by":"Lagavulin","ascension_level":1}}