{"host":"Vegetablebread","time":1613595443,"event":{"mods":["BaseMod","Bestiary","Minty Spire (QoL Compilation)","Relic Stats","Slay the Relics Exporter"],"gold_per_floor":[117,130,142,154,213,239,252,279,303,303,360,389,389,17,17,111,111,134,134,153,153,153,153,234,254,254,281,281,300,300,331,331,406,406,419,439,457,93,105,105,5,39,39,71,91,91,124,138,138,138,138,138,138,10,37,37],"floor_reached":57,"language":"ENG","playtime":14566,"items_purged":["Defend_R","Strike_R"],"score":3025,"play_id":"a247b2c2-a71f-41d3-aca1-898a5d7ec9da","local_time":"20210217125723","is_ascension_mode":true,"campfire_choices":[{"floor":10,"key":"REST"},{"floor":15,"key":"REST"},{"data":"Armaments","floor":23,"key":"SMITH"},{"floor":28,"key":"REST"},{"data":"Flex","floor":32,"key":"SMITH"},{"data":"PanicButton","floor":40,"key":"SMITH"},{"floor":46,"key":"RECALL"},{"data":"Iron Wave","floor":49,"key":"SMITH"},{"data":"Heavy Blade","floor":53,"key":"SMITH"}],"circlet_count":0,"master_deck":["AscendersBane","Strike_R","Strike_R","Strike_R","Strike_R","Defend_R+1","Defend_R","Defend_R","Bash","Burning Pact+1","Heavy Blade+1","Headbutt","Clothesline","Battle Trance","Iron Wave+1","Inflame","Metallicize","Bludgeon","Shrug It Off","Double Tap","Armaments+1","Havoc","Flex+1","Shrug It Off+1","Feel No Pain+1","Feed","Headbutt","PanicButton+1","Seeing Red","Reaper","Corruption+1","Flex+1","Offering","Sword Boomerang","Flex+1"],"relics":["Runic Dome","Pen Nib","StrikeDummy","Lantern","War Paint","Red Skull","Bloody Idol","OrangePellets","Runic Pyramid","MutagenicStrength","InkBottle","Frozen Egg 2","Gremlin Horn","Thread and Needle","Nunchaku","Sozu","Mummified Hand","Akabeko","Bottled Tornado","Gambling Chip","Happy Flower"],"acts_visited":["Exordium","TheCity","TheBeyond","TheEnding"],"potions_floor_usage":[6,8,11,33,33,42],"damage_taken":[{"damage":0,"enemies":"Cultist","floor":1,"turns":3},{"damage":9,"enemies":"Small Slimes","floor":2,"turns":4},{"damage":2,"enemies":"Jaw Worm","floor":3,"turns":3},{"damage":7,"enemies":"Looter","floor":4,"turns":3},{"damage":20,"enemies":"Lagavulin","floor":6,"turns":5},{"damage":7,"enemies":"Blue Slaver","floor":7,"turns":4},{"damage":1,"enemies":"Gremlin Nob","floor":8,"turns":3},{"damage":15,"enemies":"3 Sentries","floor":11,"turns":6},{"damage":10,"enemies":"Lagavulin","floor":12,"turns":5},{"damage":24,"enemies":"Slime Boss","floor":16,"turns":7},{"damage":20,"enemies":"2 Thieves","floor":18,"turns":3},{"damage":5,"enemies":"Spheric Guardian","floor":20,"turns":4},{"damage":0,"enemies":"Cultist and Chosen","floor":25,"turns":4},{"damage":30,"enemies":"Book of Stabbing","floor":27,"turns":4},{"damage":2,"enemies":"Chosen and Byrds","floor":29,"turns":4},{"damage":0,"enemies":"Gremlin Leader","floor":31,"turns":3},{"damage":0,"enemies":"Champ","floor":33,"turns":6},{"damage":0,"enemies":"Orb Walker","floor":35,"turns":2},{"damage":3,"enemies":"3 Darklings","floor":36,"turns":4},{"damage":6,"enemies":"Spire Growth","floor":37,"turns":4},{"damage":0,"enemies":"Maw","floor":39,"turns":4},{"damage":0,"enemies":"Giant Head","floor":42,"turns":4},{"damage":31,"enemies":"Reptomancer","floor":44,"turns":6},{"damage":0,"enemies":"3 Darklings","floor":45,"turns":3},{"damage":4,"enemies":"Nemesis","floor":47,"turns":5},{"damage":0,"enemies":"Sphere and 2 Shapes","floor":48,"turns":4},{"damage":32,"enemies":"Donu and Deca","floor":50,"turns":9},{"damage":30,"enemies":"Time Eater","floor":51,"turns":5},{"damage":59,"enemies":"Shield and Spear","floor":55,"turns":4},{"damage":46,"enemies":"The Heart","floor":56,"turns":6}],"seed_played":"-4833768754605226025","potions_obtained":[{"floor":4,"key":"PowerPotion"},{"floor":7,"key":"Strength Potion"},{"floor":8,"key":"LiquidBronze"},{"floor":16,"key":"Regen Potion"},{"floor":31,"key":"Weak Potion"},{"floor":33,"key":"SneckoOil"}],"is_trial":false,"path_per_floor":["M","M","M","M","?","E","M","E","T","R","?","E","?","$","R","B",null,"M","?","M","?","?","R","T","M","T","E","R","M","T","E","R","B",null,"M","M","M","$","M","R","$","E","T","E","M","R","E","M","R","B","B",null,"R","$","E","B",null],"character_chosen":"IRONCLAD","items_purchased":["Bludgeon","OrangePellets","Shrug It Off","Mummified Hand","PanicButton","Offering","Sword Boomerang"],"campfire_rested":3,"item_purchase_floors":[14,14,14,38,38,54,54],"current_hp_per_floor":[68,59,57,50,50,30,23,22,22,44,29,19,19,19,39,15,55,35,35,35,35,35,35,40,45,45,20,40,43,43,48,48,68,68,71,75,78,78,82,82,82,82,82,56,86,86,86,89,89,92,89,91,91,91,78,51],"gold":37,"neow_bonus":"BOSS_RELIC","is_daily":false,"chose_seed":false,"campfire_upgraded":5,"win_rate":0.0,"timestamp":1613595443,"path_taken":["M","?","M","M","?","E","M","E","T","R","?","E","?","$","R","BOSS","M","?","M","?","?","R","?","M","T","E","R","?","?","E","R","BOSS","M","?","M","$","M","R","?","E","T","E","M","R","E","M","R","BOSS","BOSS","R","$","E","BOSS"],"items_purchased_type":["Card","Relic","Card","Relic","Card","Card","Card"],"build_version":"2020-12-18","purchased_purges":2,"victory":true,"max_hp_per_floor":[75,75,75,75,75,75,75,75,75,75,75,75,68,68,68,68,68,68,68,68,68,68,68,68,68,68,68,68,68,68,68,68,68,68,71,75,79,79,82,82,82,82,82,82,86,86,86,89,89,92,92,92,92,92,95,95],"relic_stats":{"Gremlin Horn":[17,19],"Happy Flower":[2],"counters":[30,131],"Pen Nib":[26],"War Paint":["Defend_R","Burning Pact"],"Sozu":3,"OrangePellets":[65],"Nunchaku":[17],"Mummified Hand":[36],"Bloody Idol":62,"Gambling Chip":[14],"obtain_stats":[{"Lantern":9,"Gremlin Horn":27,"Happy Flower":55,"Golden Idol":13,"Thread and Needle":30,"Pen Nib":6,"War Paint":11,"Frozen Egg 2":26,"Bottled Tornado":44,"Burning Blood":0,"Akabeko":42,"Sozu":34,"Runic Dome":0,"OrangePellets":14,"Nunchaku":31,"Mummified Hand":38,"Bloody Idol":19,"MutagenicStrength":22,"Gambling Chip":47,"StrikeDummy":8,"Red Skull":12,"InkBottle":24,"Runic Pyramid":17},{"Lantern":7,"Gremlin Horn":14,"Happy Flower":29,"Golden Idol":9,"Thread and Needle":15,"Pen Nib":5,"War Paint":8,"Frozen Egg 2":13,"Bottled Tornado":23,"Burning Blood":0,"Akabeko":22,"Sozu":17,"Runic Dome":0,"OrangePellets":9,"Nunchaku":16,"Mummified Hand":20,"Bloody Idol":11,"MutagenicStrength":12,"Gambling Chip":25,"StrikeDummy":7,"Red Skull":9,"InkBottle":12,"Runic Pyramid":10},{"Lantern":25,"Gremlin Horn":58,"Happy Flower":125,"Golden Idol":36,"Thread and Needle":62,"Pen Nib":18,"War Paint":31,"Frozen Egg 2":54,"Bottled Tornado":95,"Burning Blood":0,"Akabeko":89,"Sozu":71,"Runic Dome":0,"OrangePellets":36,"Nunchaku":65,"Mummified Hand":81,"Bloody Idol":46,"MutagenicStrength":50,"Gambling Chip":103,"StrikeDummy":25,"Red Skull":36,"InkBottle":50,"Runic Pyramid":43}],"InkBottle":[39]},"card_choices":[{"not_picked":["Clash","Havoc"],"picked":"Burning Pact","floor":1},{"not_picked":["Shrug It Off","Intimidate"],"picked":"Heavy Blade","floor":2},{"not_picked":["Clothesline","Flex"],"picked":"Headbutt","floor":3},{"not_picked":["Thunderclap","Disarm"],"picked":"Clothesline","floor":4},{"not_picked":["Cleave","Flex"],"picked":"Battle Trance","floor":6},{"not_picked":["Anger","Warcry"],"picked":"Iron Wave","floor":7},{"not_picked":["Clash","Whirlwind"],"picked":"Inflame","floor":8},{"not_picked":["Pommel Strike","Warcry"],"picked":"Metallicize","floor":11},{"not_picked":["Body Slam","True Grit","Pommel Strike"],"picked":"SKIP","floor":12},{"not_picked":["Impervious","Exhume"],"picked":"Double Tap","floor":16},{"not_picked":["Reckless Charge","Sword Boomerang"],"picked":"Armaments","floor":18},{"not_picked":["Cleave","Hemokinesis"],"picked":"Havoc","floor":20},{"not_picked":["Body Slam","Clothesline","Ghostly Armor"],"picked":"SKIP","floor":25},{"not_picked":["Pommel Strike","Headbutt","Ghostly Armor"],"picked":"SKIP","floor":27},{"not_picked":["Warcry","Power Through"],"picked":"Shrug It Off+1","floor":29},{"not_picked":["Perfected Strike","Havoc"],"picked":"Feel No Pain+1","floor":31},{"not_picked":["Reaper","Corruption+1"],"picked":"Feed","floor":33},{"not_picked":["Whirlwind+1","Carnage","Sword Boomerang+1"],"picked":"SKIP","floor":35},{"not_picked":["Whirlwind","Armaments+1","Searing Blow+1"],"picked":"SKIP","floor":36},{"not_picked":["Cleave","Sword Boomerang"],"picked":"Headbutt","floor":37},{"not_picked":["Rage+1","Thunderclap","Infernal Blade+1"],"picked":"SKIP","floor":39},{"not_picked":["Entrench+1","Shrug It Off"],"picked":"Seeing Red","floor":42},{"not_picked":["Warcry","Intimidate"],"picked":"Reaper","floor":44},{"not_picked":["Pommel Strike","Anger","Juggernaut+1"],"picked":"SKIP","floor":45},{"not_picked":["Headbutt","Warcry"],"picked":"Corruption+1","floor":47},{"not_picked":["Shrug It Off","Pommel Strike"],"picked":"Flex+1","floor":48},{"not_picked":["Headbutt","Dark Embrace+1"],"picked":"Flex+1","floor":55}],"player_experience":10537809,"relics_obtained":[{"floor":6,"key":"Pen Nib"},{"floor":8,"key":"StrikeDummy"},{"floor":9,"key":"Lantern"},{"floor":11,"key":"War Paint"},{"floor":12,"key":"Red Skull"},{"floor":24,"key":"InkBottle"},{"floor":26,"key":"Frozen Egg 2"},{"floor":27,"key":"Gremlin Horn"},{"floor":30,"key":"Thread and Needle"},{"floor":31,"key":"Nunchaku"},{"floor":42,"key":"Akabeko"},{"floor":44,"key":"Bottled Tornado"},{"floor":47,"key":"Gambling Chip"},{"floor":55,"key":"Happy Flower"}],"event_choices":[{"damage_healed":0,"gold_gain":59,"player_choice":"Gained Gold","damage_taken":0,"max_hp_gain":0,"max_hp_loss":0,"event_name":"Golden Wing","floor":5,"gold_loss":0},{"damage_healed":0,"gold_gain":0,"player_choice":"Searched \u00272\u0027 times","damage_taken":0,"max_hp_gain":0,"max_hp_loss":0,"event_name":"Dead Adventurer","floor":11,"gold_loss":0},{"damage_healed":0,"gold_gain":0,"player_choice":"Lose Max HP","damage_taken":0,"relics_obtained":["Golden Idol"],"max_hp_gain":0,"max_hp_loss":7,"event_name":"Golden Idol","floor":13,"gold_loss":0},{"damage_healed":0,"gold_gain":0,"player_choice":"Gave Idol","damage_taken":0,"relics_obtained":["Bloody Idol"],"max_hp_gain":0,"max_hp_loss":0,"event_name":"Forgotten Altar","floor":19,"relics_lost":["Golden Idol"],"gold_loss":0},{"damage_healed":0,"gold_gain":0,"player_choice":"Read","damage_taken":0,"max_hp_gain":0,"max_hp_loss":0,"event_name":"The Library","floor":21,"gold_loss":0,"cards_obtained":["Flex"]},{"damage_healed":0,"gold_gain":0,"player_choice":"Inject Mutagens","damage_taken":0,"relics_obtained":["MutagenicStrength"],"max_hp_gain":0,"max_hp_loss":0,"event_name":"Drug Dealer","floor":22,"gold_loss":0}],"is_beta":true,"boss_relics":[{"not_picked":["Calling Bell","Velvet Choker"],"picked":"Runic Pyramid"},{"not_picked":["Cursed Key","Mark of Pain"],"picked":"Sozu"}],"items_purged_floors":[14,41],"is_endless":false,"potions_floor_spawned":[4,7,8,16,31,33,36,44,47],"ascension_level":20}}