{"host":"sobjo4rml6cot8rh","time":1613587975,"event":{"mods":["BaseMod","Bestiary","Colored Map","Colored Powertips","Dark Map","Downfall","Marisa????????","Minty Spire (QoL Compilation)","Quick Restart","Random Character Button","StSLib","The Alterego","Waifu the Spire"],"gold_per_floor":[113,113,125,2,17,17,44,44,44,71,71,88,88,114,114,219,219,236,236,246,257,257,287,298,298,323,354,354,389,389,424,424,523,523,542,764,306,108,121,121,134,159,159,174,174,194,194,44,44,44,44,44,44,74,74],"floor_reached":56,"language":"ENG","playtime":2490,"items_purged":["Strike_R","Strike_R","Strike_R","Defend_R"],"score":1299,"play_id":"cd94a3a7-2a33-4657-bc4e-4acdb0fe6f81","local_time":"20210217135255","is_ascension_mode":true,"campfire_choices":[{"data":"Spot Weakness","floor":6.0,"key":"SMITH"},{"data":"Whirlwind","floor":8.0,"key":"SMITH"},{"data":"Bash","floor":11.0,"key":"SMITH"},{"data":"Shrug It Off","floor":13.0,"key":"SMITH"},{"data":"Shockwave","floor":15.0,"key":"SMITH"},{"data":"Berserk","floor":25.0,"key":"SMITH"},{"data":"Rupture","floor":30,"key":"SMITH"},{"data":"Defend_R","floor":32,"key":"SMITH"},{"data":"Brutality","floor":40,"key":"SMITH"},{"data":"Rupture","floor":47,"key":"SMITH"},{"floor":49,"key":"RECALL"},{"data":"Heavy Blade","floor":52,"key":"SMITH"}],"circlet_count":0,"master_deck":["Defend_R+1","Defend_R","Defend_R","Bash+1","Shrug It Off+1","Anger","Whirlwind+1","Reaper","Spot Weakness+1","Shockwave+1","Rupture+1","Reaper","Shrug It Off+1","Berserk+1","Thunderclap","True Grit+1","Power Through+1","Spot Weakness+1","Pummel+1","Brutality+1","Heavy Blade+1","Rupture+1","Bloodletting+1","Disarm+1"],"relics":["Burning Blood","Prayer Wheel","Charon\u0027s Ashes","Thread and Needle","Mummified Hand","Blue Candle","Sozu","sneckomod:BabySnecko","Sundial","Red Mask","Pantograph","Coffee Dripper","Torii","Lantern","PreservedInsect","Turnip"],"acts_visited":["TheCity","TheBeyond","TheEnding"],"potions_floor_usage":[27],"damage_taken":[{"damage":2.0,"enemies":"2 Louse","floor":1.0,"turns":4.0},{"damage":1.0,"enemies":"Cultist","floor":3.0,"turns":4.0},{"damage":11.0,"enemies":"Jaw Worm","floor":5.0,"turns":2.0},{"damage":8.0,"enemies":"Lagavulin","floor":7.0,"turns":7.0},{"damage":6.0,"enemies":"3 Sentries","floor":10.0,"turns":4.0},{"damage":0.0,"enemies":"Red Slaver","floor":12.0,"turns":3.0},{"damage":9.0,"enemies":"Lagavulin","floor":14.0,"turns":6.0},{"damage":13.0,"enemies":"The Guardian","floor":16.0,"turns":11.0},{"damage":3.0,"enemies":"Shell Parasite","floor":18.0,"turns":5.0},{"damage":5.0,"enemies":"Spheric Guardian","floor":20.0,"turns":5.0},{"damage":19.0,"enemies":"Snake Plant","floor":21.0,"turns":5.0},{"damage":42.0,"enemies":"Slavers","floor":23.0,"turns":8.0},{"damage":12.0,"enemies":"Centurion and Healer","floor":24.0,"turns":5.0},{"damage":5,"enemies":"Gremlin Leader","floor":27,"turns":6},{"damage":6,"enemies":"Masked Bandits","floor":29,"turns":4},{"damage":16,"enemies":"Slavers","floor":31,"turns":4},{"damage":83,"enemies":"Automaton","floor":33,"turns":8},{"damage":7,"enemies":"3 Shapes","floor":35,"turns":4},{"damage":3,"enemies":"Orb Walker","floor":39,"turns":3},{"damage":11,"enemies":"4 Shapes","floor":41,"turns":5},{"damage":25,"enemies":"Nemesis","floor":42,"turns":5},{"damage":23,"enemies":"Spire Growth","floor":44,"turns":7},{"damage":1,"enemies":"3 Darklings","floor":46,"turns":2},{"damage":70,"enemies":"Awakened One","floor":50,"turns":7},{"damage":37,"enemies":"Shield and Spear","floor":54,"turns":6},{"damage":87,"enemies":"The Heart","floor":55,"turns":8}],"seed_played":"6798175523155453510","potions_obtained":[{"floor":3.0,"key":"Fire Potion"},{"floor":7.0,"key":"LiquidBronze"},{"floor":14.0,"key":"ElixirPotion"},{"floor":16.0,"key":"Explosive Potion"}],"is_trial":false,"path_per_floor":["M","?","M","$","M","R","E","R","T","E","R","M","R","E","R","B",null,"M","?","M","M","?","E","M","R","T","E","?","?","R","E","R","B",null,"M","?","$","$","M","R","M","E","T","M","?","M","R","$","R","B",null,"R","$","E","B",null],"character_chosen":"IRONCLAD","items_purchased":["AttackPotion","Torii","Heavy Blade","Rupture"],"campfire_rested":0,"item_purchase_floors":[4,37,37,38],"current_hp_per_floor":[72,72,72,72,67,67,65,65,65,65,65,71,71,68,68,72,72,72,72,72,66,66,60,72,72,72,72,72,72,72,70,70,23,72,72,72,72,72,72,72,72,53,53,72,72,72,72,72,72,20,72,72,72,72,48],"gold":74,"neow_bonus":"ONE_RARE_RELIC","is_daily":false,"chose_seed":false,"campfire_upgraded":11,"win_rate":0.0,"timestamp":1613587975,"path_taken":["M","?","M","$","?","R","E","R","T","E","R","?","R","E","R","BOSS","M","?","?","M","?","E","M","R","T","E","?","?","R","E","R","BOSS","M","?","?","$","?","R","M","E","T","?","?","M","R","$","R","BOSS","R","$","E","BOSS"],"items_purchased_type":["Potion","Relic","Card","Card"],"build_version":"2020-12-22","purchased_purges":4,"victory":true,"max_hp_per_floor":[72,72,72,72,72,72,72,72,72,72,72,72,72,72,72,72,72,72,72,72,72,72,72,72,72,72,72,72,72,72,72,72,72,72,72,72,72,72,72,72,72,72,72,72,72,72,72,72,72,72,72,72,72,72,72],"card_choices":[{"not_picked":["Havoc","Searing Blow"],"picked":"Shrug It Off","floor":1.0},{"not_picked":["Flex","Perfected Strike","True Grit"],"picked":"SKIP","floor":1.0},{"not_picked":["Dual Wield","Cleave"],"picked":"Anger","floor":3.0},{"not_picked":["Armaments","Clothesline"],"picked":"Whirlwind","floor":3.0},{"not_picked":["Cleave","Twin Strike"],"picked":"Reaper","floor":5.0},{"not_picked":["Pommel Strike","Clash"],"picked":"Spot Weakness","floor":5.0},{"not_picked":["Shockwave","Twin Strike","Body Slam"],"picked":"SKIP","floor":7.0},{"not_picked":["Twin Strike","Body Slam"],"picked":"Shockwave","floor":7.0},{"not_picked":["Ghostly Armor","Intimidate","Whirlwind"],"picked":"SKIP","floor":10.0},{"not_picked":["Twin Strike","Shrug It Off","Armaments"],"picked":"SKIP","floor":12.0},{"not_picked":["Cleave","Anger","Searing Blow"],"picked":"SKIP","floor":12.0},{"not_picked":["Sever Soul","Anger"],"picked":"Rupture","floor":14.0},{"not_picked":["Fiend Fire","Bludgeon"],"picked":"Reaper","floor":16.0},{"not_picked":["Havoc","Sword Boomerang"],"picked":"Shrug It Off+1","floor":18.0},{"not_picked":["Thunderclap","Dropkick"],"picked":"Berserk","floor":18.0},{"not_picked":["Cleave","Havoc","Shockwave"],"picked":"SKIP","floor":20.0},{"not_picked":["Rampage","Iron Wave+1","Flex"],"picked":"SKIP","floor":20.0},{"not_picked":["Thunderclap","Twin Strike+1"],"picked":"True Grit+1","floor":21.0},{"not_picked":["Clash","Warcry+1"],"picked":"Power Through+1","floor":21.0},{"not_picked":["Barricade","Iron Wave+1","Intimidate"],"picked":"SKIP","floor":23.0},{"not_picked":["Twin Strike+1","True Grit+1","Headbutt"],"picked":"SKIP","floor":24.0},{"not_picked":["Perfected Strike","Headbutt","Twin Strike"],"picked":"SKIP","floor":24.0},{"not_picked":["Searing Blow","Wild Strike","Spot Weakness+1"],"picked":"SKIP","floor":27},{"not_picked":["Searing Blow","Wild Strike","Spot Weakness+1"],"picked":"SKIP","floor":27},{"not_picked":["Searing Blow","Wild Strike"],"picked":"Spot Weakness+1","floor":27},{"not_picked":["Fire Breathing","Exhume"],"picked":"Pummel+1","floor":29},{"not_picked":["Shockwave","Rage","Iron Wave"],"picked":"SKIP","floor":31},{"not_picked":["Bludgeon","Impervious"],"picked":"Brutality","floor":33},{"not_picked":["Sword Boomerang","Havoc+1","Cleave"],"picked":"SKIP","floor":35},{"not_picked":["Sever Soul","Sword Boomerang","Havoc+1"],"picked":"SKIP","floor":35},{"not_picked":["Sentinel+1","Anger+1"],"picked":"Bloodletting+1","floor":39},{"not_picked":["Clash","Headbutt+1","Dropkick"],"picked":"SKIP","floor":39},{"not_picked":["Flame Barrier","Body Slam","Dropkick+1"],"picked":"SKIP","floor":41},{"not_picked":["Headbutt","Cleave+1","Twin Strike+1"],"picked":"SKIP","floor":41},{"not_picked":["Uppercut+1","Body Slam"],"picked":"Disarm+1","floor":42},{"not_picked":["Feed","Body Slam","Perfected Strike"],"picked":"SKIP","floor":44},{"not_picked":["Infernal Blade","Flex","Cleave+1"],"picked":"SKIP","floor":44},{"not_picked":["Armaments+1","Warcry+1","Uppercut"],"picked":"SKIP","floor":46},{"not_picked":["Shrug It Off+1","Flex","Carnage"],"picked":"SKIP","floor":46},{"not_picked":["Fire Breathing+1","Clash+1","Armaments+1"],"picked":"SKIP","floor":54}],"player_experience":1168220,"relics_obtained":[{"floor":7.0,"key":"Charon\u0027s Ashes"},{"floor":9.0,"key":"Thread and Needle"},{"floor":10.0,"key":"Mummified Hand"},{"floor":14.0,"key":"Blue Candle"},{"floor":27,"key":"Sundial"},{"floor":29,"key":"Red Mask"},{"floor":31,"key":"Pantograph"},{"floor":42,"key":"Lantern"},{"floor":43,"key":"PreservedInsect"},{"floor":54,"key":"Turnip"}],"event_choices":[{"cards_removed":["Strike_R"],"damage_healed":0.0,"max_hp_gain":0.0,"max_hp_loss":0.0,"gold_gain":0.0,"event_name":"Purifier","player_choice":"Purged","floor":2.0,"gold_loss":0.0,"damage_taken":0.0},{"damage_healed":0.0,"max_hp_gain":0.0,"max_hp_loss":0.0,"gold_gain":0.0,"cards_transformed":["Strike_R"],"event_name":"Transmorgrifier","player_choice":"Transformed","floor":19.0,"gold_loss":0.0,"damage_taken":0.0,"cards_obtained":["Thunderclap"]},{"damage_healed":0,"gold_gain":0,"player_choice":"Ignored","damage_taken":0,"max_hp_gain":0,"max_hp_loss":0,"event_name":"Ghosts","floor":28,"gold_loss":0},{"damage_healed":0,"gold_gain":0,"player_choice":"Fought Bandits","damage_taken":0,"max_hp_gain":0,"max_hp_loss":0,"event_name":"Masked Bandits","floor":29,"gold_loss":0},{"damage_healed":0,"gold_gain":222,"player_choice":"Wore Mask","damage_taken":0,"max_hp_gain":0,"max_hp_loss":0,"event_name":"Tomb of Lord Red Mask","floor":36,"gold_loss":0},{"cards_removed":["downfall:Bewildered"],"damage_healed":0,"gold_gain":0,"player_choice":"Removed Curses","damage_taken":0,"max_hp_gain":0,"max_hp_loss":0,"event_name":"Fountain of Cleansing","floor":45,"gold_loss":0}],"is_beta":false,"boss_relics":[{"not_picked":["Black Blood","SlaversCollar"],"picked":"Sozu"},{"not_picked":["SacredBark","Runic Pyramid"],"picked":"Coffee Dripper"}],"items_purged_floors":[4,37,38,48],"is_endless":false,"potions_floor_spawned":[3,7,14,16,21,24,29,42,46],"ascension_level":1}}