{"host":"Cenci","time":1613581382,"event":{"mods":["BaseMod","Bestiary","Downfall","Highlight Path","Minty Spire (QoL Compilation)","StSLib"],"gold_per_floor":[349,364,384,384,395,357,380,380,365,376,276,376,376,418,434,434,434,434],"floor_reached":16,"language":"ENG","playtime":817,"items_purged":[],"score":129,"play_id":"cf50f288-e684-4558-bc15-684ab7dcc9e4","local_time":"20210217180302","is_ascension_mode":true,"campfire_choices":[{"data":"hexamod:Float","floor":1,"key":"SMITH"},{"floor":8,"key":"RECALL"},{"floor":11,"key":"REST"},{"floor":13,"key":"REST"}],"circlet_count":0,"master_deck":["hexamod:Strike","hexamod:Strike","hexamod:Strike","hexamod:Strike","hexamod:Defend","hexamod:Defend","hexamod:Defend","hexamod:Defend","hexamod:Sear","hexamod:Float+1","hexamod:BacktrackSmack","hexamod:BacktrackSmack","hexamod:HexaLevel"],"relics":["hexamod:SpiritBrand","Spirit Poop","CeramicFish","downfall:HeartBlessingRed","downfall:CloakOfManyFaces","CultistMask","FaceOfCleric","NlothsMask","GremlinMask","SsserpentHead","Juzu Bracelet"],"acts_visited":["Exordium"],"potions_floor_usage":[9,16],"damage_taken":[{"damage":0,"enemies":"Small Slimes","floor":2,"turns":3},{"damage":0,"enemies":"Cultist","floor":3,"turns":3},{"damage":0,"enemies":"2 Louse","floor":5,"turns":2},{"damage":0,"enemies":"downfall:FleeingMerchant","floor":6,"turns":4},{"damage":10,"enemies":"downfall:FleeingMerchant","floor":9,"turns":4},{"damage":4,"enemies":"Red Slaver","floor":10,"turns":2},{"damage":20,"enemies":"downfall:FaceTrader","floor":12,"turns":7},{"damage":13,"enemies":"Gremlin Nob","floor":14,"turns":4},{"damage":12,"enemies":"downfall:LooterAlt","floor":15,"turns":3},{"damage":55,"enemies":"WA_ARCHETYPE_RETAIN","floor":16,"turns":7}],"seed_played":"-8229948263146983220","potions_obtained":[{"floor":2,"key":"CultistPotion"},{"floor":5,"key":"champ:CounterPotion"},{"floor":12,"key":"PowerPotion"}],"is_trial":false,"path_per_floor":["R","M","M","?","M","$","T","R","$","M","R","?","R","E","M","B"],"character_chosen":"THE_SPIRIT","items_purchased":["hexamod:BacktrackSmack"],"campfire_rested":2,"item_purchase_floors":[6],"current_hp_per_floor":[63,63,63,63,63,63,63,63,53,49,70,50,70,58,47,0,0,0],"gold":434,"neow_bonus":"TWO_FIFTY_GOLD","is_daily":false,"chose_seed":false,"campfire_upgraded":1,"win_rate":0.0,"timestamp":1613581382,"path_taken":["R","M","M","?","M","$","T","R","$","?","R","?","R","E","M","BOSS"],"items_purchased_type":["Card"],"build_version":"2020-11-17","purchased_purges":0,"victory":false,"max_hp_per_floor":[70,70,70,70,70,70,70,70,70,70,70,70,70,71,72,72,72,72],"card_choices":[{"not_picked":["hexamod:FastForward","hexamod:FlamesFromBeyond","hexamod:FirstSeal"],"picked":"SKIP","floor":2},{"not_picked":["hexamod:FourthSeal","hexamod:PhantomCloak"],"picked":"hexamod:BacktrackSmack","floor":3},{"not_picked":["hexamod:HauntingEcho","hexamod:SuperheatedStrike","hexamod:ThermalTransfer"],"picked":"SKIP","floor":5},{"not_picked":["hexamod:SpectersWail","hexamod:TimeOfNeed","hexamod:GhostOfSpirePresent"],"picked":"SKIP","floor":6},{"not_picked":["hexamod:Hexaguard","hexamod:SpectersWail","hexamod:CatchUp"],"picked":"SKIP","floor":9},{"not_picked":["hexamod:NightmareStrike","hexamod:EmpoweredFlame","hexamod:Firestarter"],"picked":"SKIP","floor":10},{"not_picked":["hexamod:FlamesFromBeyond","hexamod:StepThrough"],"picked":"hexamod:HexaLevel","floor":14},{"not_picked":["hexamod:NightmareGuise","hexamod:SpectralSpark","hexamod:ThermalTransfer"],"picked":"SKIP","floor":15}],"player_experience":360632,"relics_obtained":[{"floor":7,"key":"CeramicFish"},{"floor":12,"key":"downfall:CloakOfManyFaces"},{"floor":14,"key":"Juzu Bracelet"}],"event_choices":[{"cards_removed":["Doubt"],"damage_healed":0,"gold_gain":0,"player_choice":"Offered Curse","damage_taken":0,"relics_obtained":["Spirit Poop"],"max_hp_gain":0,"max_hp_loss":0,"event_name":"Bonfire Elementals","floor":4,"gold_loss":0}],"is_beta":true,"boss_relics":[],"items_purged_floors":[],"is_endless":false,"potions_floor_spawned":[2,5,12],"killed_by":"WA_ARCHETYPE_RETAIN","ascension_level":6}}