{"host":"tml1x4ylw9tadh99","time":1613604601,"event":{"mods":["100% Spire Juice","AchievementEnabler","Act Like it!","Astrologer","Bard","BaseMod","Beaked The Cultist","Bestiary","CatGirl Mod","Chen","Clockwork Mod","Colored Map","Colored Powertips","DeckTracker","Friendly Minions","GifTheSpireLib","Minty Spire (QoL Compilation)","Quick Restart","Random Character Button","Random Character Mod","Relic Stats","StSLib","Synergy Search"],"gold_per_floor":[114,129,129,129,144,144,174,189,189,189,204,204,252,282,282,382,382,397,397,322,322,72,102,102,87,162,162,162,192,207,222,222,322,322,337,337,337],"floor_reached":36,"language":"ENG","playtime":3244,"items_purged":["Eruption","Bash"],"score":485,"play_id":"41a99713-3bc7-4107-a741-85bfbb6683cb","local_time":"20210218003001","daily_mods":["Chimera","Colorless Cards","Terminal"],"is_ascension_mode":false,"campfire_choices":[{"data":"Dramatic Entrance","floor":6,"key":"SMITH"},{"data":"Metamorphosis","floor":10,"key":"SMITH"},{"data":"beaked:BraceForImpact","floor":12,"key":"SMITH"},{"data":"Zap","floor":15,"key":"SMITH"},{"data":"beaked:AwakenedForm","floor":24,"key":"SMITH"},{"data":"beaked:MimicHuntress","floor":27,"key":"SMITH"},{"data":"beaked:CursingBlood","floor":32,"key":"SMITH"}],"circlet_count":0,"master_deck":["Survivor","Zap+1","Strike_R","Strike_G","Defend_R","Defend_G","Defend_P","beaked:Ceremony","beaked:Ceremony","Good Instincts","beaked:Flinch+1","Dramatic Entrance+1","Metamorphosis+1","beaked:BraceForImpact+1","beaked:MimicHuntress+1","Good Instincts","beaked:AwakenedForm+1","Discovery+1","beaked:TuckingFeathers+1","beaked:TuckingFeathers","Blind","beaked:CursingBlood+1","beaked:FullHouse","Sadistic Nature","Jack Of All Trades"],"relics":["beaked:MendingPlumage","Ice Cream","Toy Ornithopter","Meat on the Bone","Darkstone Periapt","TungstenRod","beaked:FlawlessSticks","Akabeko","Peace Pipe","Letter Opener","Molten Egg 2","Coffee Dripper"],"acts_visited":["Exordium","TheCity","TheBeyond"],"potions_floor_usage":[16,16,16,29,33,36],"damage_taken":[{"damage":0,"enemies":"2 Louse","floor":1,"turns":5},{"damage":0,"enemies":"Small Slimes","floor":2,"turns":4},{"damage":0,"enemies":"Cultist","floor":5,"turns":2},{"damage":13,"enemies":"3 Sentries","floor":7,"turns":8},{"damage":2,"enemies":"Looter","floor":8,"turns":4},{"damage":6,"enemies":"2 Fungi Beasts","floor":11,"turns":3},{"damage":12,"enemies":"3 Sentries","floor":13,"turns":7},{"damage":0,"enemies":"Lagavulin","floor":14,"turns":5},{"damage":0,"enemies":"Hexaghost","floor":16,"turns":6},{"damage":8,"enemies":"Spheric Guardian","floor":18,"turns":5},{"damage":12,"enemies":"Book of Stabbing","floor":23,"turns":9},{"damage":22,"enemies":"2 Thieves","floor":25,"turns":4},{"damage":30,"enemies":"Slavers","floor":29,"turns":5},{"damage":9,"enemies":"Cultist and Chosen","floor":30,"turns":5},{"damage":7,"enemies":"Snake Plant","floor":31,"turns":5},{"damage":26,"enemies":"Automaton","floor":33,"turns":9},{"damage":0,"enemies":"Orb Walker","floor":35,"turns":5},{"damage":38,"enemies":"2 Orb Walkers","floor":36,"turns":3}],"seed_played":"6706742764168558924","potions_obtained":[{"floor":1,"key":"DistilledChaos"},{"floor":2,"key":"CultistPotion"},{"floor":13,"key":"DuplicationPotion"},{"floor":14,"key":"PowerPotion"},{"floor":16,"key":"SkillPotion"},{"floor":18,"key":"BlessingOfTheForge"},{"floor":29,"key":"BlessingOfTheForge"},{"floor":33,"key":"ColorlessPotion"},{"floor":35,"key":"SkillPotion"}],"is_trial":false,"path_per_floor":["M","M","?","?","M","R","E","M","T","R","M","R","?","E","R","B",null,"M","?","$","?","$","E","R","M","T","R","?","E","M","M","R","B",null,"M","?"],"character_chosen":"BEAKED_THE_CULTIST","items_purchased":["Akabeko"],"campfire_rested":0,"item_purchase_floors":[22],"current_hp_per_floor":[48,47,35,35,39,39,39,41,40,39,38,37,36,35,34,33,32,34,33,32,31,30,32,31,22,22,22,22,14,22,24,23,18,21,20,0,0],"gold":337,"neow_bonus":"","is_daily":true,"chose_seed":false,"campfire_upgraded":7,"win_rate":0.0,"timestamp":1613604601,"path_taken":["M","M","?","?","M","R","E","?","T","R","M","R","?","E","R","BOSS","M","?","$","?","$","E","R","M","T","R","?","E","M","?","R","BOSS","M","?"],"items_purchased_type":["Relic"],"build_version":"2020-12-22","purchased_purges":2,"victory":false,"max_hp_per_floor":[48,47,46,45,44,43,42,41,40,39,38,37,36,35,34,33,32,34,33,32,31,30,32,31,30,29,28,27,26,25,24,23,22,21,20,20,20],"relic_stats":{"Darkstone Periapt":0,"Peace Pipe":0,"counters":[18,94],"Letter Opener":[230],"obtain_stats":[{"Ice Cream":3,"Darkstone Periapt":13,"Peace Pipe":23,"beaked:FlawlessSticks":17,"Molten Egg 2":29,"Coffee Dripper":34,"Letter Opener":26,"beaked:MendingPlumage":0,"Toy Ornithopter":7,"TungstenRod":14,"Akabeko":22,"Meat on the Bone":9},{"Ice Cream":2,"Darkstone Periapt":6,"Peace Pipe":11,"beaked:FlawlessSticks":9,"Molten Egg 2":13,"Coffee Dripper":16,"Letter Opener":12,"beaked:MendingPlumage":0,"Toy Ornithopter":4,"TungstenRod":8,"Akabeko":10,"Meat on the Bone":5},{"Ice Cream":9,"Darkstone Periapt":26,"Peace Pipe":58,"beaked:FlawlessSticks":44,"Molten Egg 2":67,"Coffee Dripper":86,"Letter Opener":62,"beaked:MendingPlumage":0,"Toy Ornithopter":19,"TungstenRod":38,"Akabeko":49,"Meat on the Bone":23}],"Toy Ornithopter":0,"TungstenRod":26,"Meat on the Bone":0},"card_choices":[{"not_picked":["beaked:Flinch","beaked:HuntressEssence"],"picked":"Good Instincts","floor":1},{"not_picked":["beaked:FeelMyPain","beaked:Cower"],"picked":"beaked:Flinch","floor":2},{"not_picked":["beaked:DesperateSwing","beaked:StickSmack"],"picked":"Dramatic Entrance","floor":5},{"not_picked":["beaked:Poke","beaked:Brace"],"picked":"Metamorphosis","floor":7},{"not_picked":["beaked:Tradeoff","beaked:Molting","beaked:WarriorEssence"],"picked":"SKIP","floor":8},{"not_picked":["beaked:Daydream","beaked:WindBringer"],"picked":"beaked:BraceForImpact","floor":11},{"not_picked":["beaked:Resilience","beaked:StunningBlow"],"picked":"beaked:MimicHuntress","floor":13},{"not_picked":["beaked:WarriorEssence","beaked:SurvivalInstinct"],"picked":"Good Instincts","floor":14},{"not_picked":["beaked:CheekyTricks","beaked:ScreechingChant"],"picked":"beaked:AwakenedForm","floor":16},{"not_picked":["beaked:Foresight","beaked:Negation"],"picked":"Discovery+1","floor":18},{"not_picked":["beaked:Tradeoff+1","beaked:Windmill"],"picked":"beaked:TuckingFeathers+1","floor":23},{"not_picked":["beaked:Flinch","beaked:MachineSpirit"],"picked":"beaked:TuckingFeathers","floor":25},{"not_picked":["beaked:Flinch","beaked:Tweet"],"picked":"beaked:CursingBlood","floor":29},{"not_picked":["Madness","beaked:WindBringer+1"],"picked":"beaked:FullHouse","floor":30},{"not_picked":["beaked:Windmill+1","beaked:RuinSticks+1","beaked:Foresight"],"picked":"SKIP","floor":31},{"not_picked":["Apotheosis","beaked:LiftOff"],"picked":"Sadistic Nature","floor":33},{"not_picked":["beaked:SurvivalInstinct+1","beaked:Tradeoff+1"],"picked":"Jack Of All Trades","floor":35}],"player_experience":71071,"relics_obtained":[{"floor":7,"key":"Toy Ornithopter"},{"floor":9,"key":"Meat on the Bone"},{"floor":14,"key":"TungstenRod"},{"floor":23,"key":"Peace Pipe"},{"floor":26,"key":"Letter Opener"},{"floor":29,"key":"Molten Egg 2"}],"event_choices":[{"damage_healed":0,"gold_gain":0,"player_choice":"Success","damage_taken":12,"relics_obtained":["Ice Cream"],"max_hp_gain":0,"max_hp_loss":0,"event_name":"Scrap Ooze","floor":3,"gold_loss":0},{"damage_healed":0,"gold_gain":0,"player_choice":"Upgraded","damage_taken":0,"max_hp_gain":0,"max_hp_loss":0,"event_name":"Upgrade Shrine","floor":4,"gold_loss":0,"cards_upgraded":["beaked:Flinch"]},{"damage_healed":0,"gold_gain":0,"player_choice":"Searched \u00273\u0027 times","damage_taken":0,"relics_obtained":["Darkstone Periapt"],"max_hp_gain":0,"max_hp_loss":0,"event_name":"Dead Adventurer","floor":13,"gold_loss":0},{"damage_healed":0,"gold_gain":0,"player_choice":"Ignored","damage_taken":0,"max_hp_gain":0,"max_hp_loss":0,"event_name":"Vampires","floor":19,"gold_loss":0},{"damage_healed":0,"gold_gain":0,"cards_transformed":["Strike_B"],"player_choice":"Transformed","damage_taken":0,"max_hp_gain":0,"max_hp_loss":0,"event_name":"Transmorgrifier","floor":28,"gold_loss":0,"cards_obtained":["Blind"]},{"damage_healed":0,"gold_gain":0,"player_choice":"Fight","damage_taken":0,"max_hp_gain":0,"max_hp_loss":0,"event_name":"Mysterious Sphere","floor":36,"gold_loss":0}],"is_beta":false,"boss_relics":[{"not_picked":["Ectoplasm","Snecko Eye"],"picked":"beaked:FlawlessSticks"},{"not_picked":["Fusion Hammer","Philosopher\u0027s Stone"],"picked":"Coffee Dripper"}],"items_purged_floors":[20,22],"is_endless":false,"potions_floor_spawned":[1,2,13,14,16,18,29,33,35],"killed_by":"2 Orb Walkers","ascension_level":0}}