{"host":"4rvk26w7t08d5zdj","time":1613602461,"event":{"mods":["AchievementEnabler","Aspiration","BaseMod","Challenge The Spire","Colored Powertips","Conspire","Energized Spire","GifTheSpireLib","Minty Spire (QoL Compilation)","Rare Cards Sparkle","Relic Filter Mod","Relic Stats","Reliquary","Spire Arcade","StSLib","The Animator","The Blue Laboratory"],"gold_per_floor":[130,130,81,81,93,125,153,165,177,189,215,244,267,319,331,439,476,508,520,548,261,277,277,226,285,285,304,304,304],"floor_reached":28,"language":"ENG","playtime":1526,"items_purged":[],"score":275,"play_id":"404e32e6-a7fb-4df5-9f8e-f9bd0f559abb","local_time":"20210217145421","is_ascension_mode":false,"campfire_choices":[{"floor":8,"key":"RECALL"},{"data":"animator:Chung","floor":10,"key":"SMITH"},{"floor":15,"key":"REST"},{"data":"animator:Caster","floor":23,"key":"SMITH"}],"circlet_count":0,"master_deck":["animator:Strike_Elsword","animator:Defend_Elsword","animator:Strike","animator:Strike","animator:Strike","animator:Defend","animator:Defend","animator:Defend","animator:Chung+1","animator:Raven","animator:Ara","animator:Elsword","Injury","animator:Millim+7","animator:ElricEdward+1","animator:Aisha+1","animator:HighElfArcher+1","animator:EmiyaShirou","animator:Pride","animator:Rena","animator:Gilgamesh+3","animator:Ain+1","animator:Caster+1","animator:ElricAlphonse","animator:Elsword+1","animator:SakuraMatou"],"relics":["animator:LivingPicture","animator:TheMissingPiece","animator:PurgingStone","NeowsBlessing","Molten Egg 2","MawBank","Toy Ornithopter","reliquary:GummyVitamins","reliquary:ThirdArm","ClockworkSouvenir","Gremlin Horn"],"acts_visited":["Exordium","TheCity"],"potions_floor_usage":[14,16,25,27],"damage_taken":[{"damage":0,"enemies":"2 Louse","floor":1,"turns":1},{"damage":0,"enemies":"Jaw Worm","floor":5,"turns":1},{"damage":0,"enemies":"Lagavulin","floor":6,"turns":1},{"damage":1,"enemies":"Cultist","floor":7,"turns":4},{"damage":5,"enemies":"2 Fungi Beasts","floor":11,"turns":4},{"damage":2,"enemies":"Looter","floor":12,"turns":3},{"damage":11,"enemies":"Large Slime","floor":13,"turns":5},{"damage":28,"enemies":"Gremlin Nob","floor":14,"turns":6},{"damage":28,"enemies":"The Guardian","floor":16,"turns":12},{"damage":14,"enemies":"Spheric Guardian","floor":18,"turns":6},{"damage":3,"enemies":"Shell Parasite","floor":20,"turns":7},{"damage":0,"enemies":"Centurion and Healer","floor":22,"turns":8},{"damage":12,"enemies":"conspire:Head Lice","floor":25,"turns":7},{"damage":26,"enemies":"3 Cultists","floor":27,"turns":6},{"damage":30,"enemies":"Snake Plant","floor":28,"turns":3}],"seed_played":"-2012341528150438012","potions_obtained":[{"floor":5,"key":"blueLaboratory:Moonshine"},{"floor":6,"key":"Explosive Potion"},{"floor":11,"key":"EssenceOfSteel"},{"floor":14,"key":"blueLaboratory:BottledHope"},{"floor":25,"key":"blueLaboratory:CorrosionFlask"}],"is_trial":false,"path_per_floor":["M","?","$","?","M","E","M","R","T","R","M","M","M","E","R","B",null,"M","?","M","$","M","R","$","E","T","M","M"],"character_chosen":"THE_ANIMATOR","items_purchased":["animator:Elsword","animator:Ain+1","ClockworkSouvenir","animator:Caster","animator:ElricAlphonse","blueLaboratory:FruitPunch"],"campfire_rested":1,"item_purchase_floors":[3,21,21,21,21,24],"current_hp_per_floor":[66,66,66,66,66,66,66,66,66,66,61,59,48,25,45,22,67,53,53,50,50,50,50,50,45,45,24,0,0],"gold":304,"neow_bonus":"THREE_ENEMY_KILL","is_daily":false,"chose_seed":false,"campfire_upgraded":2,"win_rate":0.0,"timestamp":1613602461,"path_taken":["M","?","?","?","M","E","M","R","T","R","M","M","?","E","R","BOSS","M","?","M","?","?","R","$","E","T","M","?"],"items_purchased_type":["Card","Card","Relic","Card","Card","Potion"],"build_version":"2020-12-22","purchased_purges":0,"victory":false,"max_hp_per_floor":[66,66,66,66,66,66,67,67,67,67,67,67,67,67,67,67,67,67,67,67,67,67,67,67,69,69,69,69,69],"relic_stats":{"Gremlin Horn":[2,2],"counters":[15,74],"MawBank":180,"obtain_stats":[{"animator:PurgingStone":0,"NeowsBlessing":0,"Gremlin Horn":25,"animator:TheMissingPiece":0,"Molten Egg 2":4,"reliquary:GummyVitamins":14,"animator:LivingPicture":0,"MawBank":6,"reliquary:ThirdArm":17,"Toy Ornithopter":9,"ClockworkSouvenir":21},{"animator:PurgingStone":0,"NeowsBlessing":0,"Gremlin Horn":13,"animator:TheMissingPiece":0,"Molten Egg 2":1,"reliquary:GummyVitamins":8,"animator:LivingPicture":0,"MawBank":3,"reliquary:ThirdArm":9,"Toy Ornithopter":4,"ClockworkSouvenir":11},{"animator:PurgingStone":0,"NeowsBlessing":0,"Gremlin Horn":65,"animator:TheMissingPiece":0,"Molten Egg 2":1,"reliquary:GummyVitamins":25,"animator:LivingPicture":0,"MawBank":3,"reliquary:ThirdArm":37,"Toy Ornithopter":7,"ClockworkSouvenir":50}],"Toy Ornithopter":20},"card_choices":[{"not_picked":["animator:OrikoMikuni","animator:Geryuganshoop"],"picked":"animator:Ara","floor":1},{"not_picked":["animator:Benimaru+1","animator:Boros"],"picked":"animator:Millim+1","floor":5},{"not_picked":["animator:Greed","animator:EmiyaShirou"],"picked":"animator:ElricEdward+1","floor":6},{"not_picked":["animator:Chung","animator:Ara+1"],"picked":"animator:Aisha+1","floor":7},{"not_picked":["animator:AcuraAkari","animator:ElricEdward+1"],"picked":"animator:HighElfArcher+1","floor":11},{"not_picked":["animator:NagisaMomoe","animator:SakuraMatou"],"picked":"animator:EmiyaShirou","floor":12},{"not_picked":["animator:DwarfShaman+1","animator:Ara+1"],"picked":"animator:Pride","floor":13},{"not_picked":["animator:Add","animator:Elsword+1"],"picked":"animator:Rena","floor":14},{"not_picked":["animator:Boros","animator:Saitama"],"picked":"animator:Gilgamesh+1","floor":16},{"not_picked":["animator:Shion+1","animator:GuildGirl+1"],"picked":"animator:Millim+1","floor":18},{"not_picked":["animator:Vesta","animator:Raven+1"],"picked":"animator:Millim+1","floor":20},{"not_picked":["animator:SuzuneAmano+1","animator:Kaijin"],"picked":"animator:Millim+1","floor":22},{"not_picked":["animator:Raven+1","animator:Ara+1"],"picked":"animator:Elsword+1","floor":25},{"not_picked":["animator:Gillette+1","animator:HighElfArcher+1"],"picked":"animator:SakuraMatou","floor":27}],"player_experience":1101110,"relics_obtained":[{"floor":6,"key":"MawBank"},{"floor":9,"key":"Toy Ornithopter"},{"floor":14,"key":"reliquary:GummyVitamins"},{"floor":25,"key":"Gremlin Horn"}],"event_choices":[{"damage_healed":0,"gold_gain":0,"player_choice":"Bought 0 Potions","damage_taken":0,"max_hp_gain":0,"max_hp_loss":0,"event_name":"The Woman in Blue","floor":2,"gold_loss":0},{"damage_healed":0,"gold_gain":0,"player_choice":"Leave","damage_taken":0,"max_hp_gain":0,"max_hp_loss":0,"event_name":"conspire:Investor","floor":19,"gold_loss":0}],"is_beta":false,"boss_relics":[{"not_picked":["reliquary:Craggleroot","Tiny House"],"picked":"reliquary:ThirdArm"}],"items_purged_floors":[],"is_endless":false,"potions_floor_spawned":[5,6,11,12,13,14,25,27],"killed_by":"Snake Plant","ascension_level":0}}