{"host":"4nv61ujg37lx5d7m","time":1613549873,"event":{"mods":["BaseMod","Minty Spire (QoL Compilation)","Quick Restart"],"gold_per_floor":[111,128,203,203,216,243,243,263,290,309,324,324,335,360,360,360,360],"floor_reached":16,"language":"ZHS","playtime":715,"items_purged":[],"score":190,"play_id":"47e1fff8-c84c-484d-9dae-df434a72470b","local_time":"20210217161753","is_ascension_mode":true,"campfire_choices":[{"floor":7.0,"key":"REST"},{"floor":12,"key":"REST"},{"data":"Body Slam","floor":15,"key":"SMITH"}],"circlet_count":0,"master_deck":["Strike_R","Strike_R","Strike_R","Strike_R","Defend_R","Defend_R","Defend_R","Defend_R","Bash","Feed","Dual Wield","Whirlwind","Rage","Bloodletting","Warcry","Fiend Fire","Body Slam+1","Shrug It Off"],"relics":["Burning Blood","PreservedInsect","Bag of Preparation","Juzu Bracelet"],"acts_visited":["Exordium"],"potions_floor_usage":[14,14,16],"damage_taken":[{"damage":0.0,"enemies":"Small Slimes","floor":1.0,"turns":3.0},{"damage":15.0,"enemies":"2 Louse","floor":2.0,"turns":5.0},{"damage":5.0,"enemies":"Cultist","floor":5.0,"turns":4.0},{"damage":44.0,"enemies":"3 Sentries","floor":6.0,"turns":8.0},{"damage":13.0,"enemies":"3 Louse","floor":8.0,"turns":3.0},{"damage":13.0,"enemies":"Blue Slaver","floor":10.0,"turns":5.0},{"damage":12,"enemies":"Lots of Slimes","floor":11,"turns":6},{"damage":11,"enemies":"Red Slaver","floor":13,"turns":4},{"damage":18,"enemies":"Lagavulin","floor":14,"turns":5},{"damage":38,"enemies":"Slime Boss","floor":16,"turns":8}],"seed_played":"1416035718062505815","potions_obtained":[{"floor":1.0,"key":"Weak Potion"},{"floor":2.0,"key":"ColorlessPotion"},{"floor":6.0,"key":"Swift Potion"},{"floor":14,"key":"LiquidMemories"}],"is_trial":false,"path_per_floor":["M","M","?","?","M","E","R","M","T","M","M","R","M","E","R","B"],"character_chosen":"IRONCLAD","items_purchased":[],"campfire_rested":2,"item_purchase_floors":[],"current_hp_per_floor":[60,54,43,43,47,12,39,35,35,28,25,54,49,40,40,2,2],"gold":360,"neow_bonus":"THREE_RARE_CARDS","is_daily":false,"chose_seed":false,"campfire_upgraded":1,"win_rate":0.0,"timestamp":1613549873,"path_taken":["M","M","?","?","M","E","R","?","T","M","M","R","M","E","R","BOSS"],"items_purchased_type":[],"build_version":"2020-12-22","purchased_purges":0,"victory":false,"max_hp_per_floor":[83,86,86,86,89,92,92,95,95,95,98,98,98,101,101,101,101],"card_choices":[{"not_picked":["Bludgeon","Brutality"],"picked":"Feed","floor":0.0},{"not_picked":["Anger","True Grit"],"picked":"Dual Wield","floor":1.0},{"not_picked":["True Grit","Iron Wave"],"picked":"Whirlwind","floor":2.0},{"not_picked":["Pommel Strike","True Grit"],"picked":"Rage","floor":5.0},{"not_picked":["Clash","Pommel Strike"],"picked":"Bloodletting","floor":6.0},{"not_picked":["Headbutt","Twin Strike"],"picked":"Warcry","floor":8.0},{"not_picked":["Heavy Blade","Wild Strike"],"picked":"Fiend Fire","floor":10.0},{"not_picked":["Searing Blow","Cleave","Perfected Strike"],"picked":"SKIP","floor":11},{"not_picked":["Ghostly Armor","True Grit"],"picked":"Body Slam","floor":13},{"not_picked":["True Grit","Cleave"],"picked":"Shrug It Off","floor":14}],"player_experience":53040,"relics_obtained":[{"floor":6.0,"key":"PreservedInsect"},{"floor":9.0,"key":"Bag of Preparation"},{"floor":14,"key":"Juzu Bracelet"}],"event_choices":[{"damage_healed":0.0,"max_hp_gain":0.0,"max_hp_loss":0.0,"gold_gain":75.0,"event_name":"World of Goop","player_choice":"Gather Gold","floor":3.0,"gold_loss":0.0,"damage_taken":11.0},{"cards_removed":["Strike_R"],"damage_healed":0.0,"max_hp_gain":0.0,"max_hp_loss":0.0,"gold_gain":0.0,"event_name":"Purifier","player_choice":"Purged","floor":4.0,"gold_loss":0.0,"damage_taken":0.0}],"is_beta":false,"boss_relics":[],"items_purged_floors":[],"is_endless":false,"potions_floor_spawned":[1,2,6,14],"killed_by":"Slime Boss","ascension_level":9}}