{"host":"t4313i2190y6fz3q","time":1613597197,"event":{"mods":["2.2 Compatiblity","AchievementEnabler","Act Like it!","BaseMod","Colored Powertips","Minty Spire (QoL Compilation)","Permanent Neow","Quick Restart","Rare Cards Sparkle","StSLib"],"gold_per_floor":[109,120,133,150,126,126,154,167,167,199,199,211,229,229,229,301,301,315,315,96,108,120,120,155,172,172,172,199,199,249,54,54,125,125,143,168,168,186,186,186,215,215,215,215,228,52,52,70,70,70],"floor_reached":51,"language":"ENG","playtime":1790,"items_purged":["Strike_B","Writhe","Defend_B"],"score":1275,"play_id":"6f789c90-8f99-4bf8-87c3-df656260bb76","local_time":"20210217132637","is_ascension_mode":true,"campfire_choices":[{"data":"Zap","floor":6.0,"key":"SMITH"},{"data":"Dualcast","floor":11.0,"key":"SMITH"},{"data":"All For One","floor":15.0,"key":"SMITH"},{"data":"FTL","floor":23.0,"key":"SMITH"},{"data":"Beam Cell","floor":27.0,"key":"SMITH"},{"data":"Streamline","floor":32.0,"key":"SMITH"},{"data":"Biased Cognition","floor":40.0,"key":"SMITH"},{"data":"Stack","floor":44.0,"key":"SMITH"},{"data":"Gash","floor":47.0,"key":"SMITH"},{"data":"Gash","floor":49.0,"key":"SMITH"}],"circlet_count":0,"master_deck":["AscendersBane","Strike_B","Strike_B","Strike_B","Defend_B","Defend_B","Defend_B","Zap+1","Dualcast+1","All For One+1","FTL+1","Stack+1","Gash+1","Streamline+1","Steam+1","Coolheaded+1","Coolheaded+1","Coolheaded+1","Electrodynamics","Double Energy+1","Cold Snap","Recycle+1","Beam Cell+1","Gash+1","Blind+1","Biased Cognition+1","Go for the Eyes+1","Hologram+1"],"relics":["Cracked Core","Toxic Egg 2","Bottled Flame","Blood Vial","FaceOfCleric","Nuclear Battery","ClockworkSouvenir","Unceasing Top","Thread and Needle","Pear","Toy Ornithopter","Cursed Key","Dead Branch","Ancient Tea Set"],"acts_visited":["Exordium","TheCity","TheBeyond"],"potions_floor_usage":[50,50],"damage_taken":[{"damage":7.0,"enemies":"Jaw Worm","floor":1.0,"turns":3.0},{"damage":1.0,"enemies":"Cultist","floor":2.0,"turns":3.0},{"damage":13.0,"enemies":"Small Slimes","floor":3.0,"turns":3.0},{"damage":4.0,"enemies":"Blue Slaver","floor":4.0,"turns":2.0},{"damage":14.0,"enemies":"Gremlin Nob","floor":7.0,"turns":4.0},{"damage":11.0,"enemies":"Looter","floor":8.0,"turns":2.0},{"damage":2.0,"enemies":"Lagavulin","floor":10.0,"turns":7.0},{"damage":0.0,"enemies":"Large Slime","floor":12.0,"turns":3.0},{"damage":3.0,"enemies":"Blue Slaver","floor":13.0,"turns":3.0},{"damage":12.0,"enemies":"The Guardian","floor":16.0,"turns":11.0},{"damage":5.0,"enemies":"2 Thieves","floor":18.0,"turns":3.0},{"damage":0.0,"enemies":"Spheric Guardian","floor":21.0,"turns":3.0},{"damage":12.0,"enemies":"Cultist and Chosen","floor":22.0,"turns":5.0},{"damage":20.0,"enemies":"Slavers","floor":24.0,"turns":4.0},{"damage":11.0,"enemies":"Shelled Parasite and Fungi","floor":25.0,"turns":4.0},{"damage":10.0,"enemies":"Book of Stabbing","floor":28.0,"turns":5.0},{"damage":38.0,"enemies":"Automaton","floor":33.0,"turns":9.0},{"damage":0.0,"enemies":"Orb Walker","floor":35.0,"turns":3.0},{"damage":0.0,"enemies":"Mind Bloom Boss Battle","floor":36.0,"turns":4.0},{"damage":16.0,"enemies":"3 Darklings","floor":38.0,"turns":4.0},{"damage":4.0,"enemies":"Nemesis","floor":41.0,"turns":9.0},{"damage":0.0,"enemies":"4 Shapes","floor":45.0,"turns":2.0},{"damage":0.0,"enemies":"Sphere and 2 Shapes","floor":48.0,"turns":2.0},{"damage":33,"enemies":"Time Eater","floor":50,"turns":7}],"seed_played":"2656997108204320949","potions_obtained":[{"floor":3.0,"key":"Block Potion"},{"floor":10.0,"key":"Fire Potion"},{"floor":12.0,"key":"FairyPotion"},{"floor":16.0,"key":"SkillPotion"},{"floor":25.0,"key":"Weak Potion"},{"floor":33.0,"key":"DistilledChaos"},{"floor":35.0,"key":"Fire Potion"},{"floor":41.0,"key":"EssenceOfSteel"}],"is_trial":false,"path_per_floor":["M","M","M","M","$","R","E","M","T","E","R","M","M","?","R","B",null,"M","?","$","M","M","R","E","M","T","R","E","?","?","$","R","B",null,"M","?","?","M","?","R","E","?","T","R","M","$","R","M","R","B",null],"character_chosen":"DEFECT","items_purchased":["Streamline","ClockworkSouvenir","Blind+1","PowerPotion"],"campfire_rested":0,"item_purchase_floors":[5,20,31,46],"current_hp_per_floor":[57,56,43,39,39,39,25,14,14,12,12,14,13,13,13,4,50,48,66,66,67,56,56,39,31,31,31,34,34,34,34,34,25,68,71,79,79,66,66,66,70,70,70,70,73,73,73,76,76,56],"gold":70,"neow_bonus":"THREE_RARE_CARDS","is_daily":false,"chose_seed":false,"campfire_upgraded":10,"win_rate":0.0,"timestamp":1613597197,"path_taken":["M","M","M","M","$","R","E","M","T","E","R","M","M","?","R","BOSS","M","?","$","M","?","R","E","M","T","R","E","?","?","$","R","BOSS","M","?","?","M","?","R","E","?","T","R","?","$","R","M","R","BOSS"],"items_purchased_type":["Card","Relic","Card","Potion"],"build_version":"2020-12-22","purchased_purges":3,"victory":true,"max_hp_per_floor":[64,64,64,64,64,64,64,64,64,64,64,64,64,64,64,65,65,66,66,66,67,68,68,69,70,70,70,81,81,81,81,81,82,82,83,84,84,85,85,85,86,86,86,86,87,87,87,88,88,89],"card_choices":[{"not_picked":["Reboot","Meteor Strike"],"picked":"All For One","floor":0.0},{"not_picked":["Cold Snap","Conserve Battery"],"picked":"FTL","floor":1.0},{"not_picked":["Rebound","Lockon"],"picked":"Go for the Eyes","floor":2.0},{"not_picked":["FTL","Melter"],"picked":"Stack","floor":3.0},{"not_picked":["Chill","Leap"],"picked":"Gash","floor":4.0},{"not_picked":["Core Surge","Sweeping Beam"],"picked":"Steam+1","floor":7.0},{"not_picked":["Chaos+1","Chill+1"],"picked":"Coolheaded+1","floor":8.0},{"not_picked":["Ball Lightning","Rebound"],"picked":"Coolheaded+1","floor":10.0},{"not_picked":["Go for the Eyes","Rebound"],"picked":"Coolheaded+1","floor":12.0},{"not_picked":["Streamline","Compile Driver","Redo+1"],"picked":"SKIP","floor":13.0},{"not_picked":["Creative AI","Hyperbeam"],"picked":"Electrodynamics","floor":16.0},{"not_picked":["Go for the Eyes","Turbo+1"],"picked":"Double Energy+1","floor":18.0},{"not_picked":["Self Repair","Static Discharge"],"picked":"Cold Snap","floor":21.0},{"not_picked":["Doom and Gloom","Leap+1"],"picked":"Recycle+1","floor":22.0},{"not_picked":["Force Field+1","Genetic Algorithm+1"],"picked":"Beam Cell","floor":24.0},{"not_picked":["Turbo+1","Compile Driver","Redo+1"],"picked":"SKIP","floor":25.0},{"not_picked":["Ball Lightning","Redo+1"],"picked":"Gash","floor":28.0},{"not_picked":["Rainbow+1","Core Surge"],"picked":"Biased Cognition","floor":33.0},{"not_picked":["Darkness+1","Sweeping Beam","Melter"],"picked":"SKIP","floor":35.0},{"not_picked":["Gash","Sweeping Beam"],"picked":"Go for the Eyes+1","floor":36.0},{"not_picked":["Genetic Algorithm+1","Double Energy+1","Coolheaded+1"],"picked":"SKIP","floor":38.0},{"not_picked":["Heatsinks","Streamline","Recycle+1"],"picked":"SKIP","floor":41.0},{"not_picked":["BootSequence+1","Steam+1","Self Repair"],"picked":"SKIP","floor":45.0},{"not_picked":["Seek+1","Compile Driver"],"picked":"Hologram+1","floor":48.0}],"player_experience":202446,"relics_obtained":[{"floor":7.0,"key":"Toxic Egg 2"},{"floor":9.0,"key":"Bottled Flame"},{"floor":10.0,"key":"Blood Vial"},{"floor":24.0,"key":"Unceasing Top"},{"floor":26.0,"key":"Thread and Needle"},{"floor":28.0,"key":"Pear"},{"floor":36.0,"key":"Dead Branch"},{"floor":41.0,"key":"Ancient Tea Set"}],"event_choices":[{"damage_healed":0.0,"max_hp_gain":0.0,"max_hp_loss":0.0,"gold_gain":0.0,"event_name":"FaceTrader","player_choice":"Trade","floor":14.0,"gold_loss":0.0,"damage_taken":0.0,"relics_obtained":["FaceOfCleric"]},{"damage_healed":18.0,"max_hp_gain":0.0,"max_hp_loss":0.0,"gold_gain":0.0,"event_name":"Wheel of Change","player_choice":"Full Heal","floor":19.0,"gold_loss":0.0,"damage_taken":0.0},{"damage_healed":0.0,"max_hp_gain":0.0,"max_hp_loss":0.0,"gold_gain":0.0,"event_name":"The Mausoleum","player_choice":"Opened","floor":29.0,"gold_loss":0.0,"damage_taken":0.0,"relics_obtained":["Toy Ornithopter"],"cards_obtained":["Writhe"]},{"damage_healed":0.0,"max_hp_gain":0.0,"max_hp_loss":0.0,"gold_gain":50.0,"event_name":"Nest","player_choice":"Stole From Cult","floor":30.0,"gold_loss":0.0,"damage_taken":0.0},{"damage_healed":0.0,"max_hp_gain":0.0,"max_hp_loss":0.0,"gold_gain":0.0,"event_name":"MindBloom","player_choice":"Fight","floor":36.0,"gold_loss":0.0,"damage_taken":0.0},{"cards_removed":["Go for the Eyes"],"damage_healed":0.0,"max_hp_gain":0.0,"max_hp_loss":0.0,"gold_gain":0.0,"event_name":"Falling","player_choice":"Removed Attack","floor":37.0,"gold_loss":0.0,"damage_taken":0.0},{"damage_healed":0.0,"max_hp_gain":0.0,"max_hp_loss":0.0,"gold_gain":0.0,"event_name":"Tomb of Lord Red Mask","player_choice":"Ignored","floor":39.0,"gold_loss":0.0,"damage_taken":0.0},{"damage_healed":0.0,"max_hp_gain":0.0,"max_hp_loss":0.0,"gold_gain":0.0,"event_name":"SensoryStone","player_choice":"Memory 1","floor":42.0,"gold_loss":0.0,"damage_taken":0.0}],"is_beta":false,"boss_relics":[{"not_picked":["Empty Cage","Runic Dome"],"picked":"Nuclear Battery"},{"not_picked":["Philosopher\u0027s Stone","Runic Pyramid"],"picked":"Cursed Key"}],"items_purged_floors":[20,31,46],"is_endless":false,"potions_floor_spawned":[3,10,12,16,25,33,35,41,48],"ascension_level":15}}