{"host":"whe4vf9w0yuhsr02","time":1613555647,"event":{"mods":["AchievementEnabler","Act Like it!","Ascension Reborn","BaseMod","Bestiary","Better Altar","Better Match","Better Note","Better Sensory Stone","Better Skull","Better Third Choice","Colored Map","Dark Map","Friendly Minions","GungeonMod","Hallownest","Highlight Path","Hubris","Infinite Spire","Lobotomy","LobotomyExtend","Minty Spire (QoL Compilation)","Poor People Problems","Quick Restart","Replay The Spire","Ruina","StSLib","The Bug Knight","The Jungle","The Necromancer","everything is the same but u backflip on backflip"],"gold_per_floor":[114,38,38,54,68,68,78,78,78,103,28,59,234,253,253,355,355,372,372,388,398,398,398,398,411,434,467,477,492,502,427,427,526,526,551,561,575,590,590,617,617,617,617,617,617,617,632,645,645,645],"floor_reached":51,"language":"ENG","playtime":3562,"items_purged":["MeatLantern"],"score":911,"play_id":"4cc8fc91-f2cf-408d-99c4-27378cd67954","local_time":"20210217115407","is_ascension_mode":true,"campfire_choices":[{"data":"Mimicry","floor":32.0,"key":"SMITH"},{"floor":49.0,"key":"DIG"}],"circlet_count":0,"master_deck":["SpecialBullet","SpecialBullet","SpecialBullet","SpecialBullet","SpecialBullet","SpecialBullet","SpecialBullet","SpecialBullet","ControlCode","SecurityCode","TrainingCode","ShedSkin","Heaven","GreedKing","InformationCode","Scorched","OSAHOGD","ScreamingWedge","UniverseFragment","GoldRush","Mimicry+1","GreenStem","Gaze+1","BloodyDesire+1","ParadiseLost","BlackSwan_ego","Diffraction+1","Reverberation+1","infinitespire:Collect","CentralCode","ReplayTheSpireMod:Echoes of Time","Ecstasy"],"relics":["CogitoBucket","LetterFromLob","hubris:Towel","Boot","hubris:PeanutButter","DemoMod:GundromedaStrain","AdjustmentMirror","hubris:ScarierMask","Calling Bell","ReplayTheSpireMod:Lightbulb","Snack Pack","DemoMod:Antibody","SkinProphecy","Strawberry","Shovel","SacredBark","AtMidnight","DemoMod:NanoMachines","hubris:64BitClover","Ring of Fangs","ReplayTheSpireMod:Ring of Challenge","Chameleon Ring"],"acts_visited":["Exordium","TheCity","TheBeyond"],"potions_floor_usage":[50,50,50],"damage_taken":[{"damage":11.0,"enemies":"Jaw Worm","floor":1.0,"turns":3.0},{"damage":0.0,"enemies":"Small Slimes","floor":4.0,"turns":4.0},{"damage":4.0,"enemies":"infinitespire:Voidling","floor":5.0,"turns":4.0},{"damage":0.0,"enemies":"Exordium Wildlife","floor":7.0,"turns":2.0},{"damage":7.0,"enemies":"HollowMod:MossKnight","floor":10.0,"turns":9.0},{"damage":0.0,"enemies":"Replay:BlueRogue","floor":12.0,"turns":5.0},{"damage":0.0,"enemies":"Blue Slaver","floor":14.0,"turns":3.0},{"damage":0.0,"enemies":"Slime Boss","floor":16.0,"turns":5.0},{"damage":1.0,"enemies":"Shell Parasite","floor":18.0,"turns":4.0},{"damage":0.0,"enemies":"2 Thieves","floor":20.0,"turns":2.0},{"damage":0.0,"enemies":"3 Cultists","floor":21.0,"turns":4.0},{"damage":26.0,"enemies":"Snecko","floor":25.0,"turns":5.0},{"damage":38.0,"enemies":"Gremlin Leader","floor":27.0,"turns":6.0},{"damage":10.0,"enemies":"Centurion and Healer","floor":28.0,"turns":3.0},{"damage":0.0,"enemies":"Sentry and Sphere","floor":29.0,"turns":2.0},{"damage":0.0,"enemies":"Snecko","floor":30.0,"turns":4.0},{"damage":36.0,"enemies":"Automaton","floor":33.0,"turns":8.0},{"damage":27.0,"enemies":"3 Shapes","floor":35.0,"turns":19.0},{"damage":15.0,"enemies":"Orb Walker","floor":36.0,"turns":3.0},{"damage":23.0,"enemies":"Transient","floor":37.0,"turns":5.0},{"damage":10.0,"enemies":"Spire Growth","floor":38.0,"turns":5.0},{"damage":38.0,"enemies":"Nemesis","floor":40.0,"turns":5.0},{"damage":0.0,"enemies":"Sphere and 2 Shapes","floor":47.0,"turns":4.0},{"damage":9.0,"enemies":"4 Shapes","floor":48.0,"turns":3.0},{"damage":85,"enemies":"infinitespire:MassOfShapes","floor":50,"turns":22},{"damage":69,"enemies":"Malkuth","floor":51,"turns":12},{"damage":62,"enemies":"Yesod","floor":51,"turns":14},{"damage":314,"enemies":"Tiphereth","floor":51,"turns":35}],"seed_played":"1555255982316191745","potions_obtained":[{"floor":5.0,"key":"Adrenaline Potion"},{"floor":7.0,"key":"FearPotion"},{"floor":16.0,"key":"PowerPotion"},{"floor":21.0,"key":"SneckoOil"},{"floor":27.0,"key":"DuplicationPotion"},{"floor":29.0,"key":"Fire Potion"},{"floor":36.0,"key":"Explosive Potion"},{"floor":47.0,"key":"LiquidMemories"}],"is_trial":false,"path_per_floor":["M","$","?","M","M","R","M","R","T","E","$","E","?","M","R_BF","B",null,"M","AVR","M","M","?","R","?","M","T","E","M","M","M","?","R","B",null,"M","M","M","M","AVR","E","R","?","T","?","R","?","M","M","R","B",null],"character_chosen":"Angela","items_purchased":["Heaven"],"campfire_rested":0,"item_purchase_floors":[2],"current_hp_per_floor":[69,69,69,70,70,70,70,70,70,70,70,70,70,70,70,70,70,70,70,70,70,70,70,70,70,77,79,81,83,85,85,85,87,87,91,93,95,97,97,99,99,99,99,99,99,99,101,103,103,107],"gold":645,"neow_bonus":"RANDOM_EVENT","is_daily":false,"chose_seed":false,"campfire_upgraded":1,"win_rate":0.0,"timestamp":1613555647,"path_taken":["M","$","?","M","M","R","M","R","T","E","$","E","?","M","R_BF","BOSS","M","AVR","?","M","?","R","?","M","T","E","M","M","M","?","R","BOSS","M","M","M","M","AVR","E","R","?","T","?","R","?","M","M","R","BOSS"],"items_purchased_type":["Card"],"build_version":"2020-12-22","purchased_purges":1,"victory":true,"max_hp_per_floor":[70,70,70,70,70,70,70,70,70,70,70,70,70,70,70,70,70,70,70,70,70,70,70,70,70,77,79,81,83,85,85,85,87,87,91,93,95,97,97,99,99,99,99,99,99,99,101,103,103,107],"card_choices":[{"not_picked":["DespairKnight","DreamingCurrent"],"picked":"MeatLantern","floor":1.0},{"not_picked":["FourthMatchFlame"],"picked":"ShedSkin","floor":1.0},{"not_picked":["CherryBlossoms","Wellcheers"],"picked":"GreedKing","floor":4.0},{"not_picked":["Amita","Horn"],"picked":"SKIP","floor":4.0},{"not_picked":["Loneliness","Horn"],"picked":"SKIP","floor":5.0},{"not_picked":["WallGazer","VoidDream"],"picked":"Scorched","floor":7.0},{"not_picked":["Loneliness","WristCuter"],"picked":"SKIP","floor":7.0},{"not_picked":["OldLady","LongBird"],"picked":"OSAHOGD","floor":10.0},{"not_picked":["TodaysExpression"],"picked":"ScreamingWedge","floor":10.0},{"not_picked":["Loneliness","ScreamingWedge"],"picked":"SKIP","floor":12.0},{"not_picked":["Bloodbath","LongBird"],"picked":"UniverseFragment","floor":14.0},{"not_picked":["RedEyes"],"picked":"GoldRush","floor":14.0},{"not_picked":["TheSmile"],"picked":"Mimicry","floor":16.0},{"not_picked":["TheSmile","RedEyes"],"picked":"SKIP","floor":18.0},{"not_picked":["Penitence"],"picked":"GreenStem","floor":20.0},{"not_picked":["Moonlight","FourthMatchFlame"],"picked":"SKIP","floor":21.0},{"not_picked":["CherryBlossom","Lantern"],"picked":"SKIP","floor":25.0},{"not_picked":["Horn","Beak"],"picked":"SKIP","floor":27.0},{"not_picked":["BloodyDesire"],"picked":"Gaze+1","floor":28.0},{"not_picked":["RapturousDream","Beak+1"],"picked":"SKIP","floor":29.0},{"not_picked":["Loneliness"],"picked":"BloodyDesire+1","floor":30.0},{"not_picked":["SoundOfStar"],"picked":"ParadiseLost","floor":33.0},{"not_picked":["Christmas+1","Wingbeat+1"],"picked":"SKIP","floor":35.0},{"not_picked":["Beak"],"picked":"BlackSwan_ego","floor":36.0},{"not_picked":["RedEyes"],"picked":"Diffraction+1","floor":37.0},{"not_picked":["CrimsonScar"],"picked":"Reverberation+1","floor":38.0},{"not_picked":["Harvest","ShedSkin"],"picked":"SKIP","floor":40.0},{"not_picked":["ReplayTheSpireMod:Chaos Vortex","infinitespire:Starlight"],"picked":"ReplayTheSpireMod:Echoes of Time","floor":42.0},{"not_picked":["Adoration","Noise+1"],"picked":"SKIP","floor":47.0},{"not_picked":["Spore"],"picked":"Ecstasy","floor":48.0}],"player_experience":499514,"relics_obtained":[{"floor":1.0,"key":"LetterFromLob"},{"floor":9.0,"key":"Boot"},{"floor":10.0,"key":"hubris:PeanutButter"},{"floor":12.0,"key":"DemoMod:GundromedaStrain"},{"floor":19.0,"key":"ReplayTheSpireMod:Lightbulb"},{"floor":19.0,"key":"Snack Pack"},{"floor":19.0,"key":"DemoMod:Antibody"},{"floor":26.0,"key":"Strawberry"},{"floor":27.0,"key":"Shovel"},{"floor":35.0,"key":"AtMidnight"},{"floor":40.0,"key":"DemoMod:NanoMachines"},{"floor":43.0,"key":"hubris:64BitClover"},{"floor":46.0,"key":"Ring of Fangs"},{"floor":46.0,"key":"ReplayTheSpireMod:Ring of Challenge"},{"floor":49.0,"key":"Chameleon Ring"}],"event_choices":[{"damage_healed":0.0,"max_hp_gain":0.0,"max_hp_loss":0.0,"gold_gain":175.0,"event_name":"betterThird:BetterSerpent","player_choice":"AGREE","floor":13.0,"gold_loss":0.0,"damage_taken":59.0},{"cards_removed":["CurseOfTheBell"],"damage_healed":0.0,"max_hp_gain":0.0,"max_hp_loss":0.0,"gold_gain":0.0,"event_name":"Purifier","player_choice":"Purged","floor":22.0,"gold_loss":0.0,"damage_taken":0.0},{"damage_healed":0.0,"max_hp_gain":0.0,"max_hp_loss":0.0,"gold_gain":0.0,"event_name":"betterNote:BetterNote","player_choice":"Ignored","floor":24.0,"gold_loss":0.0,"damage_taken":0.0,"cards_obtained":["Carnage"]},{"cards_removed":["Soda"],"damage_healed":0.0,"max_hp_gain":0.0,"max_hp_loss":0.0,"gold_gain":0.0,"event_name":"Beggar","player_choice":"Gave Gold","floor":31.0,"gold_loss":75.0,"damage_taken":0.0}],"is_beta":false,"boss_relics":[{"not_picked":["hubris:Stopwatch","hubris:CrackedHourglass"],"picked":"hubris:ScarierMask"},{"not_picked":["Honey Jar","hubris:BlackHole"],"picked":"SacredBark"}],"items_purged_floors":[11],"is_endless":false,"potions_floor_spawned":[5,7,16,21,27,29,33,36,47,48],"ascension_level":0}}