{"host":"7sni158j623xchr2","time":1613539559,"event":{"mods":["BaseMod","Colored Map","Highlight Path","Minty Spire (QoL Compilation)","Permanent Neow","Potion Indicator Mod","Rare Cards Sparkle","Relic Sorter","Relic Stats","StSLib","everything is the same but u backflip on backflip"],"gold_per_floor":[115,115,290,13,24,24,49,62,86,111,111,111,128,151,151,151,151],"floor_reached":16,"language":"ENG","playtime":391,"items_purged":["Doubt"],"score":124,"play_id":"4a1d84e0-2c74-4a95-8840-ec388dcac2ee","local_time":"20210216232559","is_ascension_mode":true,"campfire_choices":[{"data":"Die Die Die","floor":6,"key":"SMITH"},{"data":"Backstab","floor":12,"key":"SMITH"},{"data":"Dagger Spray","floor":15,"key":"SMITH"}],"circlet_count":0,"master_deck":["Strike_G","Strike_G","Strike_G","Strike_G","Strike_G","Defend_G","Defend_G","Defend_G","Defend_G","Defend_G","Survivor","Neutralize","Backstab+1","Die Die Die+1","Crippling Poison+1","PiercingWail","Bane","Dagger Spray+1"],"relics":["Ring of the Snake","Smiling Mask","Tiny Chest","Ancient Tea Set","FossilizedHelix","Centennial Puzzle"],"acts_visited":["Exordium"],"potions_floor_usage":[7,16,16],"damage_taken":[{"damage":8,"enemies":"Jaw Worm","floor":1,"turns":8},{"damage":0,"enemies":"2 Louse","floor":5,"turns":2},{"damage":5,"enemies":"Gremlin Nob","floor":7,"turns":3},{"damage":0,"enemies":"Small Slimes","floor":8,"turns":1},{"damage":11,"enemies":"3 Sentries","floor":10,"turns":8},{"damage":0,"enemies":"Blue Slaver","floor":13,"turns":2},{"damage":60,"enemies":"The Guardian","floor":16,"turns":16}],"seed_played":"2125966065662396397","potions_obtained":[{"floor":1,"key":"Ancient Potion"},{"floor":7,"key":"PowerPotion"},{"floor":8,"key":"Swift Potion"}],"is_trial":false,"path_per_floor":["M","?","?","$","M","R","E","M","T","E","?","R","M","T","R","B"],"character_chosen":"THE_SILENT","items_purchased":["Die Die Die","Crippling Poison","SteroidPotion"],"campfire_rested":0,"item_purchase_floors":[4,4,4],"current_hp_per_floor":[62,67,67,67,67,67,62,62,62,51,51,51,51,51,51,0,0],"gold":151,"neow_bonus":"RANDOM_COMMON_RELIC","is_daily":false,"chose_seed":false,"campfire_upgraded":3,"win_rate":0.0,"timestamp":1613539559,"path_taken":["M","?","?","$","M","R","E","M","T","E","?","R","M","?","R","BOSS"],"items_purchased_type":["Card","Card","Potion"],"build_version":"2020-12-22","purchased_purges":1,"victory":false,"max_hp_per_floor":[70,75,75,75,75,75,75,75,75,75,75,75,75,75,75,75,75],"relic_stats":{"Centennial Puzzle":[3],"counters":[7,40],"Tiny Chest":0,"Smiling Mask":25,"obtain_stats":[{"Centennial Puzzle":14,"Tiny Chest":7,"Smiling Mask":0,"Ancient Tea Set":9,"FossilizedHelix":10,"Ring of the Snake":0},{"Centennial Puzzle":6,"Tiny Chest":3,"Smiling Mask":0,"Ancient Tea Set":4,"FossilizedHelix":5,"Ring of the Snake":0},{"Centennial Puzzle":24,"Tiny Chest":13,"Smiling Mask":0,"Ancient Tea Set":14,"FossilizedHelix":22,"Ring of the Snake":0}],"Ring of the Snake":[14]},"card_choices":[{"not_picked":["Underhanded Strike","Catalyst"],"picked":"Backstab","floor":1},{"not_picked":["Dagger Throw","Setup","Cloak And Dagger"],"picked":"SKIP","floor":5},{"not_picked":["Underhanded Strike","Blade Dance","Eviscerate"],"picked":"SKIP","floor":7},{"not_picked":["Well Laid Plans","Blade Dance"],"picked":"PiercingWail","floor":8},{"not_picked":["Quick Slash","Choke"],"picked":"Bane","floor":10},{"not_picked":["Concentrate","Storm of Steel"],"picked":"Dagger Spray","floor":13}],"player_experience":1823486,"relics_obtained":[{"floor":7,"key":"Tiny Chest"},{"floor":9,"key":"Ancient Tea Set"},{"floor":10,"key":"FossilizedHelix"},{"floor":14,"key":"Centennial Puzzle"}],"event_choices":[{"damage_healed":0,"gold_gain":0,"player_choice":"Donut","damage_taken":0,"max_hp_gain":5,"max_hp_loss":0,"event_name":"Big Fish","floor":2,"gold_loss":0},{"damage_healed":0,"gold_gain":175,"player_choice":"AGREE","damage_taken":0,"max_hp_gain":0,"max_hp_loss":0,"event_name":"Liars Game","floor":3,"gold_loss":0,"cards_obtained":["Doubt"]},{"damage_healed":0,"gold_gain":0,"player_choice":"Grow","damage_taken":0,"max_hp_gain":0,"max_hp_loss":0,"event_name":"Living Wall","floor":11,"gold_loss":0,"cards_upgraded":["Crippling Poison"]}],"is_beta":false,"boss_relics":[],"items_purged_floors":[4],"is_endless":false,"potions_floor_spawned":[1,7,8],"killed_by":"The Guardian","ascension_level":3}}