{"host":"vhifjdba66khcqwn","time":1613544253,"event":{"mods":["AchievementEnabler","BaseMod","Bestiary","Energized Spire","Minty Spire (QoL Compilation)","Practice Mode","Relic Stats","Spicy Shops","StSLib","slay the spire mod where everything is the same but ironclad has a cowboy hat"],"gold_per_floor":[113,163,173,185,199,232,232,232,232,232,0,12,31,60,60,94,172,172,246,246,265,265,265,265,97,116,116,116],"floor_reached":27,"language":"ENG","playtime":698,"items_purged":[],"score":439,"play_id":"d4b857ce-455a-40e6-a70b-4e11b2b7022c","local_time":"20210216224413","is_ascension_mode":true,"campfire_choices":[{"floor":7,"key":"REST"},{"data":"Electrodynamics","floor":9,"key":"SMITH"},{"floor":15,"key":"REST"},{"floor":18,"key":"REST"}],"circlet_count":0,"master_deck":["AscendersBane","Strike_B","Strike_B","Defend_B","Defend_B","Defend_B","Defend_B","Zap","Dualcast","Electrodynamics+1","Conserve Battery","Cold Snap","Reinforced Body","Leap","Apotheosis","Streamline","Coolheaded","Ball Lightning","Ball Lightning+1","Echo Form+1","BootSequence","Chill","Core Surge+1","Loop+1","Turbo","Skim"],"relics":["Cracked Core","WingedGreaves","Unceasing Top","Frozen Egg 2","Molten Egg 2","The Courier","Snecko Eye"],"acts_visited":["Exordium","TheCity"],"potions_floor_usage":[6,16,19,19,26,27],"damage_taken":[{"damage":7.0,"enemies":"Jaw Worm","floor":1.0,"turns":2.0},{"damage":12,"enemies":"Cultist","floor":3,"turns":4},{"damage":0,"enemies":"2 Louse","floor":4,"turns":2},{"damage":0,"enemies":"Red Slaver","floor":5,"turns":3},{"damage":38,"enemies":"Lagavulin","floor":6,"turns":9},{"damage":0,"enemies":"Exordium Wildlife","floor":12,"turns":2},{"damage":0,"enemies":"Large Slime","floor":13,"turns":3},{"damage":42,"enemies":"Gremlin Nob","floor":14,"turns":5},{"damage":18,"enemies":"Lagavulin","floor":16,"turns":6},{"damage":8,"enemies":"Hexaghost","floor":19,"turns":10},{"damage":30,"enemies":"3 Byrds","floor":21,"turns":3},{"damage":23,"enemies":"Shell Parasite","floor":26,"turns":4},{"damage":10,"enemies":"Slavers","floor":27,"turns":1}],"seed_played":"5149117315636667389","potions_obtained":[{"floor":3,"key":"ColorlessPotion"},{"floor":4,"key":"Ancient Potion"},{"floor":6,"key":"Explosive Potion"},{"floor":16,"key":"Strength Potion"},{"floor":19,"key":"Fire Potion"},{"floor":21,"key":"PowerPotion"}],"is_trial":false,"path_per_floor":["M","?","M","M","M","E","R","?","R","T","$","M","M","E","R","E","T","R","B",null,"M","?","?","?","$","M","E"],"character_chosen":"DEFECT","items_purchased":["Apotheosis","Streamline","Loop+1","Turbo","Skim"],"campfire_rested":3,"item_purchase_floors":[11,11,25,25,25],"current_hp_per_floor":[57,51,39,39,39,1,20,64,64,64,64,64,64,22,41,23,23,42,34,57,27,27,27,27,27,4,0,0],"gold":116,"neow_bonus":"THREE_RARE_CARDS","is_daily":false,"chose_seed":false,"campfire_upgraded":1,"win_rate":0.0,"timestamp":1613544253,"path_taken":["M","?","?","?","M","E","R","?","R","T","$","?","M","E","R","E","?","R","BOSS","M","?","?","?","$","?","E"],"items_purchased_type":["Card","Card","Card","Card","Card"],"build_version":"2020-12-22","purchased_purges":0,"victory":false,"max_hp_per_floor":[64,64,64,64,64,64,64,64,64,64,64,64,64,64,64,64,64,64,64,64,64,64,64,64,64,64,64,64],"relic_stats":{"counters":[13,54],"Snecko Eye":[8,10,18,14],"obtain_stats":[{"Snecko Eye":20,"Molten Egg 2":16,"WingedGreaves":6,"The Courier":17,"Frozen Egg 2":14,"Cracked Core":0,"Unceasing Top":10},{"Snecko Eye":10,"Molten Egg 2":9,"WingedGreaves":5,"The Courier":9,"Frozen Egg 2":8,"Cracked Core":0,"Unceasing Top":5},{"Snecko Eye":46,"Molten Egg 2":36,"WingedGreaves":20,"The Courier":36,"Frozen Egg 2":30,"Cracked Core":0,"Unceasing Top":20}],"Unceasing Top":[1]},"card_choices":[{"not_picked":["Rainbow","Hyperbeam"],"picked":"Electrodynamics","floor":0.0},{"not_picked":["Redo","Skim"],"picked":"Conserve Battery","floor":1.0},{"not_picked":["Gash","Streamline"],"picked":"Melter","floor":3},{"not_picked":["Buffer","Coolheaded"],"picked":"Cold Snap","floor":4},{"not_picked":["Steam","Undo"],"picked":"Reinforced Body","floor":5},{"not_picked":["Steam Power","Blizzard"],"picked":"Leap","floor":6},{"not_picked":["Fusion","Reprogram","Redo"],"picked":"SKIP","floor":12},{"not_picked":["Hologram","Force Field"],"picked":"Coolheaded","floor":13},{"not_picked":["Rebound","Turbo"],"picked":"Ball Lightning","floor":14},{"not_picked":["Rip and Tear+1","Conserve Battery"],"picked":"Ball Lightning+1","floor":16},{"not_picked":["Amplify","Multi-Cast"],"picked":"Echo Form+1","floor":19},{"not_picked":["Stack","Storm+1"],"picked":"BootSequence","floor":21},{"not_picked":["Rip and Tear+1","Compile Driver+1","Barrage+1"],"picked":"SKIP","floor":26}],"player_experience":1190453,"relics_obtained":[{"floor":6,"key":"WingedGreaves"},{"floor":10,"key":"Unceasing Top"},{"floor":14,"key":"Frozen Egg 2"},{"floor":16,"key":"Molten Egg 2"},{"floor":17,"key":"The Courier"}],"event_choices":[{"damage_healed":0,"gold_gain":50,"player_choice":"Touch","damage_taken":6,"max_hp_gain":0,"max_hp_loss":0,"event_name":"FaceTrader","floor":2,"gold_loss":0},{"cards_removed":["Melter"],"damage_healed":44,"gold_gain":0,"player_choice":"Offered Uncommon","damage_taken":0,"max_hp_gain":0,"max_hp_loss":0,"event_name":"Bonfire Elementals","floor":8,"gold_loss":0},{"damage_healed":0,"gold_gain":0,"player_choice":"Ignored","damage_taken":0,"max_hp_gain":0,"max_hp_loss":0,"event_name":"Ghosts","floor":22,"gold_loss":0},{"damage_healed":0,"gold_gain":0,"cards_transformed":["Strike_B","Strike_B"],"player_choice":"Became Test Subject","damage_taken":0,"max_hp_gain":0,"max_hp_loss":0,"event_name":"Drug Dealer","floor":23,"gold_loss":0,"cards_obtained":["Chill","Core Surge"]},{"damage_healed":0,"gold_gain":0,"player_choice":"Ignored","damage_taken":0,"max_hp_gain":0,"max_hp_loss":0,"event_name":"Beggar","floor":24,"gold_loss":0}],"is_beta":false,"boss_relics":[{"not_picked":["energizedSpire:CursedPentagram","Empty Cage"],"picked":"Snecko Eye"}],"items_purged_floors":[],"is_endless":false,"potions_floor_spawned":[3,4,6,13,16,19,21],"killed_by":"Slavers","ascension_level":18}}