{"host":"aaqofma31c3gm2hj","time":1613550161,"event":{"mods":["BaseMod","GungeonMod","Minty Spire (QoL Compilation)","Replay The Spire","Spicy Shops","StSLib"],"gold_per_floor":[113,113,113,113,131,162,162,162,162,162,162,162,209,219,219,232,232,232,303,303,318,318,243,301,318,349,349,419,444,492,492,502,319,319,353,353,432,432,452,465,415,465,481,481,536,612,612,612,688,698,761,761,786,834,834,834,834,879,879,879,0,32,32],"floor_reached":64,"language":"ZHS","playtime":1821,"items_purged":["Strike_R","Strike_R","Strike_R","Pain"],"score":3541,"play_id":"9c848da5-cce7-4754-9811-172933182673","local_time":"20210217162241","is_ascension_mode":true,"campfire_choices":[{"data":"Barricade","floor":7.0,"key":"SMITH"},{"data":"Offering","floor":12.0,"key":"SMITH"},{"data":"Body Slam","floor":17.0,"key":"SMITH"},{"data":"Second Wind","floor":18.0,"key":"SMITH"},{"floor":27.0,"key":"RECALL"},{"data":"Exhume","floor":34.0,"key":"SMITH"},{"data":"Pommel Strike","floor":36.0,"key":"SMITH"},{"data":"Evolve","floor":52.0,"key":"SMITH"},{"floor":55.0,"key":"REST"},{"data":"Shockwave","floor":60,"key":"SMITH"}],"circlet_count":0,"master_deck":["AscendersBane","Defend_R","Defend_R","Wild Strike+1","Barricade+1","Second Wind+1","Offering+1","Body Slam+1","Exhume+1","Second Wind","Pommel Strike+1","Offering","Pommel Strike+1","Evolve+1","Hemogenesis+1","Bloodletting","Shockwave+1","Rupture+1"],"relics":["Burning Blood","NeowsBlessing","DemoMod:WeirdEgg","ReplayTheSpireMod:Ring of Challenge","Shuriken","Pear","DemoMod:OrangeGuonStone","ReplayTheSpireMod:Lightbulb","ChewingGum","Iron Hammer","DemoMod:ClearGuonStone","Replay:Wax Seal","Smiling Mask","DemoMod:ChaffGrenade","Red Mask","DemoMod:RiddleOfLead","DemoMod:GlassGuonStoneRelic","Golden Egg","Garlic","ReplayTheSpireMod:Shallot","Replay:Rubber Ducky","Bird Faced Urn","DemoMod:ResourcefulSack","Incense Burner","Mummified Hand","Anchor","HandDrill","DemoMod:Bottle"],"acts_visited":["Exordium","TheCity","TheBeyond","TheEnding"],"potions_floor_usage":[63],"damage_taken":[{"damage":0.0,"enemies":"Jaw Worm","floor":1.0,"turns":1.0},{"damage":0.0,"enemies":"2 Louse","floor":5.0,"turns":1.0},{"damage":0.0,"enemies":"3 Sentries","floor":6.0,"turns":2.0},{"damage":2.0,"enemies":"Small Slimes","floor":14.0,"turns":3.0},{"damage":10.0,"enemies":"Looter","floor":16.0,"turns":2.0},{"damage":36.0,"enemies":"The Guardian","floor":19.0,"turns":7.0},{"damage":19.0,"enemies":"Shell Parasite","floor":21.0,"turns":3.0},{"damage":6.0,"enemies":"Spheric Guardian","floor":24.0,"turns":2.0},{"damage":12.0,"enemies":"Chosen and Byrds","floor":25.0,"turns":3.0},{"damage":17.0,"enemies":"Slavers","floor":26.0,"turns":5.0},{"damage":27.0,"enemies":"Book of Stabbing","floor":28.0,"turns":4.0},{"damage":8.0,"enemies":"Centurion and Healer","floor":32.0,"turns":4.0},{"damage":19.0,"enemies":"Masked Bandits","floor":35.0,"turns":4.0},{"damage":12.0,"enemies":"Automaton","floor":37.0,"turns":6.0},{"damage":6.0,"enemies":"3 Shapes","floor":39.0,"turns":3.0},{"damage":6.0,"enemies":"3 Darklings","floor":40.0,"turns":3.0},{"damage":12.0,"enemies":"Jaw Worm Horde","floor":43.0,"turns":2.0},{"damage":33.0,"enemies":"Maw","floor":45.0,"turns":2.0},{"damage":6.0,"enemies":"Reptomancer","floor":46.0,"turns":3.0},{"damage":19.0,"enemies":"R_Hoarder","floor":49.0,"turns":3.0},{"damage":12.0,"enemies":"Transient","floor":50.0,"turns":4.0},{"damage":6.0,"enemies":"Jaw Worm Horde","floor":51.0,"turns":2.0},{"damage":12.0,"enemies":"Mind Bloom Boss Battle","floor":53.0,"turns":2.0},{"damage":12.0,"enemies":"2 Orb Walkers","floor":54.0,"turns":2.0},{"damage":27.0,"enemies":"Donu and Deca","floor":57.0,"turns":4.0},{"damage":27.0,"enemies":"Awakened One","floor":58.0,"turns":4.0},{"damage":18,"enemies":"Shield and Spear","floor":62,"turns":1},{"damage":39,"enemies":"The Heart","floor":63,"turns":4}],"seed_played":"-2882020667354681946","potions_obtained":[{"floor":6.0,"key":"SteroidPotion"},{"floor":14.0,"key":"AttackPotion"},{"floor":16.0,"key":"Reflective Coating"},{"floor":25.0,"key":"Reflective Coating"},{"floor":32.0,"key":"BloodPotion"},{"floor":35.0,"key":"LiquidMemories"},{"floor":40.0,"key":"Weak Potion"},{"floor":43.0,"key":"DistilledChaos"},{"floor":49.0,"key":"Weak Potion"},{"floor":50.0,"key":"FairyPotion"}],"is_trial":false,"path_per_floor":["M","?","?","?","M","E","R","?","T","T","?","R","T","M","?","M","R","R","B",null,"M","?","$","M","M","E","R","E","T","T","?","M","$","R","?","R","B",null,"M","M","$","?","M","$","M","E","T","T","E","M","M","R","?","?","R","R","B","B",null,"R","$","E","B",null],"character_chosen":"IRONCLAD","items_purchased":["DemoMod:ChaffGrenade","Rupture","Incense Burner","Mummified Hand","Adrenaline Potion","Anchor","HandDrill"],"campfire_rested":1,"item_purchase_floors":[33,61,61,61,61,61,61],"current_hp_per_floor":[74,74,74,67,73,75,75,75,75,85,67,67,67,71,71,67,67,67,37,73,60,60,60,60,54,43,43,22,22,22,22,20,20,20,24,24,18,95,95,95,95,95,89,89,62,62,62,62,49,43,43,43,37,52,80,80,83,89,94,94,94,95,95],"gold":32,"neow_bonus":"THREE_ENEMY_KILL","is_daily":false,"chose_seed":false,"campfire_upgraded":8,"win_rate":0.0,"timestamp":1613550161,"path_taken":["M","?","?","?","?","E","R","?","T","T","?","R","?","M","?","M","R","R","BOSS","M","?","$","M","M","E","R","E","T","T","?","M","$","R","?","R","BOSS","M","M","$","?","M","?","M","E","T","T","E","?","M","R","?","?","R","R","BOSS","BOSS","R","$","E","BOSS"],"items_purchased_type":["Relic","Card","Relic","Relic","Potion","Relic","Relic"],"build_version":"2020-12-22","purchased_purges":4,"victory":true,"max_hp_per_floor":[75,75,75,75,75,75,75,75,75,85,85,85,85,85,85,85,85,85,85,85,85,85,85,85,85,85,85,85,85,85,85,85,85,85,85,85,85,95,95,95,95,95,95,95,95,95,95,95,95,95,95,95,95,95,95,95,95,95,95,95,95,95,95],"card_choices":[{"not_picked":["Warcry","Metallicize","Thunderclap"],"picked":"SKIP","floor":1.0},{"not_picked":["Run Through","Heavy Blade"],"picked":"Second Wind","floor":5.0},{"not_picked":["Cleave","Shrug It Off"],"picked":"Offering","floor":6.0},{"not_picked":["ReplayTheSpireMod:Stacked","Berserk"],"picked":"Body Slam","floor":14.0},{"not_picked":["Body Slam","Carnage","Sentinel"],"picked":"SKIP","floor":16.0},{"not_picked":["Eclipse","Limit Break"],"picked":"Exhume","floor":19.0},{"not_picked":["ReplayTheSpireMod:Strike From Hell","DemoMod:BlackBlade"],"picked":"Second Wind","floor":21.0},{"not_picked":["Thunderclap","Flame Barrier","Sword Boomerang"],"picked":"SKIP","floor":24.0},{"not_picked":["Flex","ReplayTheSpireMod:Strike From Hell","Rage"],"picked":"SKIP","floor":25.0},{"not_picked":["Combust","Headbutt","Clash"],"picked":"SKIP","floor":26.0},{"not_picked":["Fiend Fire","Heavy Blade","Rupture"],"picked":"SKIP","floor":28.0},{"not_picked":["Inflame","Thunderclap","Iron Wave"],"picked":"SKIP","floor":32.0},{"not_picked":["Anger","Clash"],"picked":"Pommel Strike","floor":35.0},{"not_picked":["Barricade","Corruption"],"picked":"Offering","floor":37.0},{"not_picked":["Armaments","Warcry","ReplayTheSpireMod:Strike From Hell+1"],"picked":"SKIP","floor":39.0},{"not_picked":["Armaments","Heavy Blade"],"picked":"Pommel Strike+1","floor":40.0},{"not_picked":["Battle Trance","Pommel Strike","Heavy Blade"],"picked":"SKIP","floor":43.0},{"not_picked":["Burning Pact","Run Through","ReplayTheSpireMod:Strike From Hell"],"picked":"SKIP","floor":45.0},{"not_picked":["Searing Blow+1","Wild Strike","Body Slam"],"picked":"SKIP","floor":46.0},{"not_picked":["Rage+1","Combust","Run Through"],"picked":"SKIP","floor":49.0},{"not_picked":["Warcry","Armaments"],"picked":"Evolve","floor":50.0},{"not_picked":["Heavy Blade","DemoMod:BlackBlade+1","Body Slam"],"picked":"SKIP","floor":51.0},{"not_picked":["Iron Wave","Headbutt"],"picked":"Hemogenesis","floor":53.0},{"not_picked":["Perfected Strike+1","Thunderclap"],"picked":"Bloodletting","floor":54.0},{"not_picked":["Abandon","Perfected Strike+1","ReplayTheSpireMod:Stacked"],"picked":"SKIP","floor":62}],"player_experience":678757,"relics_obtained":[{"floor":6.0,"key":"DemoMod:WeirdEgg"},{"floor":8.0,"key":"ReplayTheSpireMod:Ring of Challenge"},{"floor":9.0,"key":"Shuriken"},{"floor":10.0,"key":"Pear"},{"floor":13.0,"key":"ReplayTheSpireMod:Lightbulb"},{"floor":26.0,"key":"Iron Hammer"},{"floor":28.0,"key":"DemoMod:ClearGuonStone"},{"floor":29.0,"key":"Replay:Wax Seal"},{"floor":30.0,"key":"Smiling Mask"},{"floor":35.0,"key":"Red Mask"},{"floor":46.0,"key":"Golden Egg"},{"floor":46.0,"key":"Garlic"},{"floor":48.0,"key":"ReplayTheSpireMod:Shallot"},{"floor":49.0,"key":"Replay:Rubber Ducky"},{"floor":53.0,"key":"Bird Faced Urn"},{"floor":54.0,"key":"DemoMod:ResourcefulSack"},{"floor":62,"key":"DemoMod:Bottle"}],"event_choices":[{"damage_healed":0.0,"max_hp_gain":0.0,"max_hp_loss":0.0,"gold_gain":0.0,"cards_transformed":["Strike_R"],"event_name":"Living Wall","player_choice":"Change","floor":3.0,"gold_loss":0.0,"damage_taken":0.0,"cards_obtained":["Barricade"]},{"cards_removed":["Strike_R"],"damage_healed":0.0,"max_hp_gain":0.0,"max_hp_loss":0.0,"gold_gain":0.0,"event_name":"Golden Wing","player_choice":"Card Removal","floor":4.0,"gold_loss":0.0,"damage_taken":7.0},{"damage_healed":0.0,"max_hp_gain":0.0,"max_hp_loss":0.0,"gold_gain":0.0,"event_name":"Scrap Ooze","player_choice":"Success","floor":11.0,"gold_loss":0.0,"damage_taken":18.0,"relics_obtained":["DemoMod:OrangeGuonStone"]},{"damage_healed":0.0,"max_hp_gain":0.0,"max_hp_loss":0.0,"gold_gain":0.0,"event_name":"Vampires","player_choice":"Ignored","floor":31.0,"gold_loss":0.0,"damage_taken":0.0},{"damage_healed":0.0,"max_hp_gain":0.0,"max_hp_loss":0.0,"gold_gain":0.0,"event_name":"Masked Bandits","player_choice":"Fought Bandits","floor":35.0,"gold_loss":0.0,"damage_taken":0.0},{"damage_healed":0.0,"max_hp_gain":0.0,"max_hp_loss":0.0,"gold_gain":50.0,"event_name":"Golden Shrine","player_choice":"Pray","floor":42.0,"gold_loss":0.0,"damage_taken":0.0},{"damage_healed":0.0,"max_hp_gain":0.0,"max_hp_loss":0.0,"gold_gain":0.0,"event_name":"MindBloom","player_choice":"Fight","floor":53.0,"gold_loss":0.0,"damage_taken":0.0},{"damage_healed":0.0,"max_hp_gain":0.0,"max_hp_loss":0.0,"gold_gain":0.0,"event_name":"Mysterious Sphere","player_choice":"Fight","floor":54.0,"gold_loss":0.0,"damage_taken":0.0}],"is_beta":false,"boss_relics":[{"not_picked":["Ectoplasm","Honey Jar"],"picked":"ChewingGum"},{"not_picked":["Empty Cage","Cursed Key"],"picked":"DemoMod:RiddleOfLead"}],"items_purged_floors":[23,33,41,61],"is_endless":false,"potions_floor_spawned":[6,14,16,25,32,35,40,43,45,49,50,51],"ascension_level":20}}