{"host":"ijtyqc57s6c9mbij","time":1613530267,"event":{"mods":["BaseMod","Colored Map","Jorbs\u0027s Wanderer Trilogy","Minty Spire (QoL Compilation)","StSLib"],"gold_per_floor":[119,119,139,139,159,189,201,233,269,345,385,397,409,440,452,595,607,635,647,659,684,709,721,733,745,802,830,842,879,925,957,969,1106,1118,1150,2161,2173,2185,2213,2225,2277,2289,2328,2376,2412,2424,2457,2500,2512,2524,2536,2548,1203,1246,1246],"floor_reached":56,"language":"ENG","playtime":5398,"items_purged":["stsjorbsmod:WanderingMind"],"score":1334,"play_id":"caf45005-6924-4d09-b15f-7acabc7e541b","local_time":"20210216185107","is_ascension_mode":true,"campfire_choices":[{"data":"stsjorbsmod:EyeOfTheStorm","floor":7,"key":"SMITH"},{"data":"stsjorbsmod:ArcaneWeapon","floor":13,"key":"SMITH"},{"data":"stsjorbsmod:ChainLightning","floor":15,"key":"SMITH"},{"floor":23,"key":"RECALL"},{"data":"stsjorbsmod:FindFamiliar","floor":25,"key":"SMITH"},{"data":"stsjorbsmod:HoldMonster","floor":28,"key":"SMITH"},{"data":"stsjorbsmod:Index","floor":32,"key":"SMITH"},{"floor":40,"key":"REST"},{"floor":42,"key":"REST"},{"floor":49,"key":"REST"},{"data":"stsjorbsmod:Mindworm","floor":52,"key":"SMITH"}],"circlet_count":0,"master_deck":["stsjorbsmod:ForbiddenGrimoire+1","stsjorbsmod:FreshAdventure","stsjorbsmod:EyeOfTheStorm+1","stsjorbsmod:Prestidigitation","stsjorbsmod:UnseenServant","stsjorbsmod:BlackTentacles","stsjorbsmod:ArcaneWeapon+1","stsjorbsmod:Materialize","stsjorbsmod:Counterspell+1","stsjorbsmod:ChainLightning+1","stsjorbsmod:TinyHut","stsjorbsmod:HoldMonster+1","stsjorbsmod:FindFamiliar+1","stsjorbsmod:Inferno","stsjorbsmod:Hibernate","stsjorbsmod:Firebolt","stsjorbsmod:ChatteringStrike","stsjorbsmod:ArcaneForm","stsjorbsmod:Prepare","stsjorbsmod:ColorSpray","stsjorbsmod:RayOfFrost+1","stsjorbsmod:WanderingMind+1","stsjorbsmod:Trauma","stsjorbsmod:Index+1","stsjorbsmod:MirrorImage","stsjorbsmod:MagicMissiles+1","Madness","Madness","stsjorbsmod:IvoryTower","stsjorbsmod:Will+1","stsjorbsmod:HedgeWizard","stsjorbsmod:Mindworm+1","stsjorbsmod:ParryingBlow+1","stsjorbsmod:LoseGrip","stsjorbsmod:Fear","stsjorbsmod:OldPocket+1","stsjorbsmod:LocateObject","stsjorbsmod:Prestidigitation","stsjorbsmod:UnseenServant","stsjorbsmod:Will+1","stsjorbsmod:TrueStrike","stsjorbsmod:MagicMissiles","Sadistic Nature","Dramatic Entrance"],"relics":["stsjorbsmod:GrimoireRelic","Incense Burner","MawBank","Bag of Marbles","StrikeDummy","Golden Idol","Pandora\u0027s Box","MutagenicStrength","Regal Pillow","Toy Ornithopter","Happy Flower","Runic Pyramid","Dead Branch","Blood Vial","MealTicket","Pocketwatch","Orrery","War Paint","White Beast Statue"],"acts_visited":["Exordium","TheCity","TheBeyond","TheEnding"],"potions_floor_usage":[6,10,23,27,27,33,33,53,55,55,55],"damage_taken":[{"damage":0,"enemies":"Small Slimes","floor":1,"turns":3},{"damage":1,"enemies":"Cultist","floor":3,"turns":4},{"damage":7,"enemies":"2 Louse","floor":5,"turns":2},{"damage":6,"enemies":"3 Sentries","floor":6,"turns":6},{"damage":11,"enemies":"Large Slime","floor":8,"turns":5},{"damage":7,"enemies":"Gremlin Nob","floor":10,"turns":4},{"damage":13,"enemies":"Gremlin Nob","floor":11,"turns":4},{"damage":0,"enemies":"Looter","floor":14,"turns":3},{"damage":24,"enemies":"Slime Boss","floor":16,"turns":11},{"damage":20,"enemies":"2 Thieves","floor":18,"turns":3},{"damage":8,"enemies":"Chosen","floor":21,"turns":5},{"damage":2,"enemies":"Centurion and Healer","floor":22,"turns":5},{"damage":13,"enemies":"Snecko","floor":27,"turns":5},{"damage":2,"enemies":"Cultist and Chosen","floor":29,"turns":4},{"damage":0,"enemies":"Gremlin Leader","floor":30,"turns":5},{"damage":18,"enemies":"Snake Plant","floor":31,"turns":4},{"damage":8,"enemies":"Automaton","floor":33,"turns":6},{"damage":15,"enemies":"Orb Walker","floor":35,"turns":5},{"damage":22,"enemies":"3 Shapes","floor":39,"turns":6},{"damage":64,"enemies":"Reptomancer","floor":41,"turns":8},{"damage":3,"enemies":"Jaw Worm Horde","floor":44,"turns":5},{"damage":0,"enemies":"3 Darklings","floor":45,"turns":4},{"damage":0,"enemies":"Sphere and 2 Shapes","floor":47,"turns":3},{"damage":28,"enemies":"Giant Head","floor":48,"turns":9},{"damage":59,"enemies":"Donu and Deca","floor":50,"turns":8},{"damage":9,"enemies":"Shield and Spear","floor":54,"turns":6},{"damage":74,"enemies":"The Heart","floor":55,"turns":11}],"seed_played":"6487794479633911387","potions_obtained":[{"floor":5,"key":"Explosive Potion"},{"floor":6,"key":"Regen Potion"},{"floor":8,"key":"stsjorbsmod:DimensionDoorPotion"},{"floor":14,"key":"EntropicBrew"},{"floor":21,"key":"Energy Potion"},{"floor":31,"key":"PowerPotion"},{"floor":41,"key":"Swift Potion"},{"floor":47,"key":"SteroidPotion"}],"is_trial":false,"path_per_floor":["M","?","M","?","M","E","R","M","T","?","E","?","R","M","R","B",null,"M","?","?","M","M","R","?","R","T","M","R","M","E","M","R","B",null,"M","?","?","?","M","R","E","R","T","M","M","?","M","E","R","B",null,"R","$","E","B",null],"character_chosen":"WANDERER","items_purchased":["Fruit Juice","PowerPotion","Pocketwatch","Orrery","stsjorbsmod:Prestidigitation","stsjorbsmod:UnseenServant","stsjorbsmod:Will","stsjorbsmod:TrueStrike","stsjorbsmod:MagicMissiles","Sadistic Nature","Dramatic Entrance","War Paint"],"campfire_rested":3,"item_purchase_floors":[53,53,53,53,53,53,53,53,53,53,53,53],"current_hp_per_floor":[62,67,67,67,61,57,57,48,48,56,45,45,45,46,46,22,62,46,46,46,46,49,49,49,49,49,51,51,55,61,47,47,49,66,55,55,47,47,32,66,2,36,36,42,46,46,50,24,58,1,66,66,71,62,5],"gold":1246,"neow_bonus":"ONE_RARE_RELIC","is_daily":false,"chose_seed":false,"campfire_upgraded":7,"win_rate":0.0,"timestamp":1613530267,"path_taken":["M","?","M","?","?","E","R","M","T","?","E","?","R","M","R","BOSS","M","?","?","?","?","R","?","R","T","M","R","M","E","M","R","BOSS","M","?","?","?","M","R","E","R","T","?","M","?","M","E","R","BOSS","R","$","E","BOSS"],"items_purchased_type":["Potion","Potion","Relic","Relic","Card","Card","Card","Card","Card","Card","Card","Relic"],"build_version":"2020-12-22","purchased_purges":1,"victory":true,"max_hp_per_floor":[62,67,67,67,67,67,67,67,67,67,67,62,62,62,62,62,62,62,62,62,64,64,64,64,64,64,64,64,64,66,66,66,66,66,66,66,66,66,66,66,66,66,66,66,66,66,66,66,66,66,66,66,71,71,71],"card_choices":[{"not_picked":["stsjorbsmod:Prepare","stsjorbsmod:Will"],"picked":"stsjorbsmod:Prestidigitation","floor":1},{"not_picked":["stsjorbsmod:ColorSpray","stsjorbsmod:Message"],"picked":"stsjorbsmod:UnseenServant","floor":3},{"not_picked":["stsjorbsmod:SmithingStrike","stsjorbsmod:Index"],"picked":"stsjorbsmod:ArcaneWeapon","floor":5},{"not_picked":["stsjorbsmod:Prepare","stsjorbsmod:Withdraw"],"picked":"stsjorbsmod:Materialize","floor":6},{"not_picked":["stsjorbsmod:MagicMirror","stsjorbsmod:WeightOfMemory"],"picked":"stsjorbsmod:Counterspell","floor":8},{"not_picked":["stsjorbsmod:Will","stsjorbsmod:DoubleCheck"],"picked":"stsjorbsmod:ChainLightning","floor":10},{"not_picked":["stsjorbsmod:DisguiseSelf","stsjorbsmod:Will"],"picked":"stsjorbsmod:TinyHut","floor":11},{"not_picked":["stsjorbsmod:Mindworm","stsjorbsmod:LocateObject"],"picked":"stsjorbsmod:WanderingMind","floor":14},{"not_picked":["stsjorbsmod:DeathThroes","stsjorbsmod:Pyromancy"],"picked":"stsjorbsmod:HoldMonster","floor":16},{"not_picked":["stsjorbsmod:ArcaneWeapon","stsjorbsmod:Hurt"],"picked":"stsjorbsmod:Prepare","floor":18},{"not_picked":["stsjorbsmod:ParryingBlow+1","stsjorbsmod:WanderingMind"],"picked":"stsjorbsmod:ColorSpray","floor":21},{"not_picked":["stsjorbsmod:Introspection","stsjorbsmod:FaerieFire"],"picked":"stsjorbsmod:RayOfFrost+1","floor":22},{"not_picked":["stsjorbsmod:RayOfFrost","stsjorbsmod:Message","stsjorbsmod:ChainLightning"],"picked":"SKIP","floor":27},{"not_picked":["stsjorbsmod:FindFamiliar","stsjorbsmod:FracturedMind"],"picked":"stsjorbsmod:WanderingMind+1","floor":29},{"not_picked":["stsjorbsmod:Message","stsjorbsmod:BlackTentacles"],"picked":"stsjorbsmod:Trauma","floor":30},{"not_picked":["stsjorbsmod:BlackTentacles","stsjorbsmod:Channel"],"picked":"stsjorbsmod:Index","floor":31},{"not_picked":["stsjorbsmod:ArcaneForm","stsjorbsmod:Trauma"],"picked":"stsjorbsmod:MirrorImage","floor":33},{"not_picked":["stsjorbsmod:Message+1","stsjorbsmod:TrueStrike"],"picked":"stsjorbsmod:MagicMissiles+1","floor":35},{"not_picked":["stsjorbsmod:Message+1","stsjorbsmod:FindFamiliar","stsjorbsmod:Introspection"],"picked":"SKIP","floor":39},{"not_picked":["stsjorbsmod:MirrorImage","stsjorbsmod:MageArmor"],"picked":"stsjorbsmod:IvoryTower","floor":41},{"not_picked":["stsjorbsmod:Hurt","stsjorbsmod:LocateObject","stsjorbsmod:BurningFlask"],"picked":"SKIP","floor":44},{"not_picked":["stsjorbsmod:BurningFlask+1","stsjorbsmod:Hibernate"],"picked":"stsjorbsmod:Will","floor":45},{"not_picked":["stsjorbsmod:ChainLightning","stsjorbsmod:BlackTentacles"],"picked":"stsjorbsmod:HedgeWizard","floor":47},{"not_picked":["stsjorbsmod:Trauma","stsjorbsmod:Channel"],"picked":"stsjorbsmod:Mindworm","floor":48},{"not_picked":["stsjorbsmod:MagicMissiles+1","stsjorbsmod:SmithingStrike+1"],"picked":"stsjorbsmod:ParryingBlow+1","floor":53},{"not_picked":["stsjorbsmod:Prepare","stsjorbsmod:MistyStep"],"picked":"stsjorbsmod:LoseGrip","floor":53},{"not_picked":["stsjorbsmod:ScorchingRay+1","stsjorbsmod:Inferno"],"picked":"stsjorbsmod:Fear","floor":53},{"not_picked":["stsjorbsmod:Hibernate+1","stsjorbsmod:Feast"],"picked":"stsjorbsmod:OldPocket+1","floor":53},{"not_picked":["stsjorbsmod:Thorns","stsjorbsmod:WanderingMind"],"picked":"stsjorbsmod:LocateObject","floor":53},{"not_picked":["stsjorbsmod:Mindworm+1","stsjorbsmod:MirrorImage"],"picked":"stsjorbsmod:Patron","floor":54}],"player_experience":860837,"relics_obtained":[{"floor":6,"key":"MawBank"},{"floor":10,"key":"Bag of Marbles"},{"floor":11,"key":"StrikeDummy"},{"floor":26,"key":"Toy Ornithopter"},{"floor":30,"key":"Happy Flower"},{"floor":41,"key":"Dead Branch"},{"floor":43,"key":"Blood Vial"},{"floor":48,"key":"MealTicket"},{"floor":54,"key":"White Beast Statue"}],"event_choices":[{"damage_healed":0,"gold_gain":0,"player_choice":"Donut","damage_taken":0,"max_hp_gain":5,"max_hp_loss":0,"event_name":"Big Fish","floor":2,"gold_loss":0},{"damage_healed":0,"gold_gain":0,"cards_transformed":["stsjorbsmod:Strike_Wanderer"],"player_choice":"Transformed","damage_taken":0,"max_hp_gain":0,"max_hp_loss":0,"event_name":"Transmorgrifier","floor":4,"gold_loss":0,"cards_obtained":["stsjorbsmod:BlackTentacles"]},{"damage_healed":0,"gold_gain":0,"player_choice":"Searched \u00271\u0027 times","damage_taken":0,"max_hp_gain":0,"max_hp_loss":0,"event_name":"Dead Adventurer","floor":10,"gold_loss":0},{"damage_healed":0,"gold_gain":0,"player_choice":"Lose Max HP","damage_taken":0,"relics_obtained":["Golden Idol"],"max_hp_gain":0,"max_hp_loss":5,"event_name":"Golden Idol","floor":12,"gold_loss":0},{"damage_healed":0,"gold_gain":0,"player_choice":"Ignored","damage_taken":0,"max_hp_gain":0,"max_hp_loss":0,"event_name":"Beggar","floor":19,"gold_loss":0},{"damage_healed":0,"gold_gain":0,"player_choice":"Inject Mutagens","damage_taken":0,"relics_obtained":["MutagenicStrength"],"max_hp_gain":0,"max_hp_loss":0,"event_name":"Drug Dealer","floor":20,"gold_loss":0},{"damage_healed":0,"gold_gain":0,"player_choice":"Opened","damage_taken":0,"relics_obtained":["Regal Pillow"],"max_hp_gain":0,"max_hp_loss":0,"event_name":"The Mausoleum","floor":24,"gold_loss":0,"cards_obtained":["Writhe"]},{"damage_healed":0,"gold_gain":999,"player_choice":"Gold","damage_taken":0,"max_hp_gain":0,"max_hp_loss":0,"event_name":"MindBloom","floor":36,"gold_loss":0,"cards_obtained":["Normality","Normality"]},{"damage_healed":0,"gold_gain":0,"player_choice":"Embrace Madness","damage_taken":8,"max_hp_gain":0,"max_hp_loss":0,"event_name":"Winding Halls","floor":37,"gold_loss":0,"cards_obtained":["Madness","Madness"]},{"cards_removed":["stsjorbsmod:Introspection"],"damage_healed":0,"gold_gain":0,"player_choice":"Removed Power","damage_taken":0,"max_hp_gain":0,"max_hp_loss":0,"event_name":"Falling","floor":38,"gold_loss":0},{"cards_removed":["Normality","Normality","Writhe"],"damage_healed":0,"gold_gain":0,"player_choice":"Removed Curses","damage_taken":0,"max_hp_gain":0,"max_hp_loss":0,"event_name":"Fountain of Cleansing","floor":46,"gold_loss":0}],"is_beta":false,"boss_relics":[{"not_picked":["Velvet Choker","Calling Bell"],"picked":"Pandora\u0027s Box"},{"not_picked":["Coffee Dripper","Runic Dome"],"picked":"Runic Pyramid"}],"items_purged_floors":[53],"is_endless":false,"potions_floor_spawned":[5,6,8,14,21,30,31,41,47],"ascension_level":1}}