{"host":"tr0r177cvmpvg89h","time":1613560707,"event":{"mods":["BaseMod","Colored Map","DeckTracker","Minty Spire (QoL Compilation)","StSLib","SuperFastMode"],"gold_per_floor":[117,49,66,66,66,66,80,80,80,97,117,135,147,65,65,163,163,178,128,109,125,144,144,174,273,273,273,273,273,41,41,41,144,144,163,163,180,191,91,91,116,134,134,57,57,76,103,114,114,114,114],"floor_reached":50,"language":"KOR","playtime":4195,"items_purged":["Strike_G+1","Parasite"],"score":514,"play_id":"e3c99a92-417a-4aff-9aa5-448a0dfbdc6a","local_time":"20210217201827","is_ascension_mode":false,"campfire_choices":[{"data":"Bane","floor":6,"key":"SMITH"},{"data":"Venomology","floor":8,"key":"SMITH"},{"data":"Noxious Fumes","floor":15,"key":"SMITH"},{"data":"Footwork","floor":23,"key":"SMITH"},{"data":"After Image","floor":27,"key":"SMITH"},{"floor":29,"key":"REST"},{"floor":32,"key":"REST"},{"floor":40,"key":"REST"},{"floor":49,"key":"REST"}],"circlet_count":0,"master_deck":["Strike_G+1","Strike_G+1","Strike_G+1","Defend_G+1","Defend_G+1","Defend_G+1","Defend_G+1","Defend_G+1","Survivor","Neutralize","Venomology+1","Flying Knee","Well Laid Plans","Bane+1","Deflect+1","Noxious Fumes+1","Footwork+1","After Image+1","Deflect","Prepared+1","Corpse Explosion+1","Master of Strategy","Noxious Fumes","Masterful Stab","Bouncing Flask","Parasite"],"relics":["Ring of the Snake","Meat on the Bone","Black Star","Mercury Hourglass","Vajra","Matryoshka","PreservedInsect","Bag of Preparation","Orichalcum","Fusion Hammer","War Paint","Unceasing Top","Oddly Smooth Stone","Nunchaku","Frozen Egg 2","FossilizedHelix"],"acts_visited":["Exordium","TheCity","TheBeyond"],"potions_floor_usage":[1,10,10,10,10,12,13,16,16,16,18,18,18,18,18,20,21,22,22,24,24,33,33,37,38,38,41,42,42,46,46,46,47,47,48,50,50],"damage_taken":[{"damage":0,"enemies":"2 Louse","floor":1,"turns":3},{"damage":4,"enemies":"Cultist","floor":3,"turns":4},{"damage":2,"enemies":"Jaw Worm","floor":7,"turns":4},{"damage":9,"enemies":"Exordium Thugs","floor":10,"turns":5},{"damage":23,"enemies":"Lots of Slimes","floor":11,"turns":4},{"damage":8,"enemies":"2 Fungi Beasts","floor":12,"turns":3},{"damage":1,"enemies":"Large Slime","floor":13,"turns":6},{"damage":19,"enemies":"Slime Boss","floor":16,"turns":8},{"damage":9,"enemies":"Spheric Guardian","floor":18,"turns":6},{"damage":6,"enemies":"2 Thieves","floor":20,"turns":4},{"damage":46,"enemies":"3 Cultists","floor":21,"turns":7},{"damage":9,"enemies":"Centurion and Healer","floor":22,"turns":7},{"damage":18,"enemies":"Book of Stabbing","floor":24,"turns":10},{"damage":44,"enemies":"Collector","floor":33,"turns":12},{"damage":9,"enemies":"3 Shapes","floor":35,"turns":5},{"damage":0,"enemies":"3 Darklings","floor":37,"turns":5},{"damage":4,"enemies":"Writhing Mass","floor":38,"turns":8},{"damage":12,"enemies":"Giant Head","floor":41,"turns":8},{"damage":33,"enemies":"4 Shapes","floor":42,"turns":3},{"damage":11,"enemies":"Transient","floor":46,"turns":5},{"damage":18,"enemies":"Reptomancer","floor":47,"turns":6},{"damage":20,"enemies":"Writhing Mass","floor":48,"turns":5},{"damage":49,"enemies":"Time Eater","floor":50,"turns":8}],"seed_played":"7114069439913651888","potions_obtained":[{"floor":3,"key":"Swift Potion"},{"floor":10,"key":"Fire Potion"},{"floor":13,"key":"EntropicBrew"},{"floor":16,"key":"Fruit Juice"},{"floor":20,"key":"Ancient Potion"},{"floor":22,"key":"SpeedPotion"},{"floor":33,"key":"ColorlessPotion"},{"floor":38,"key":"Explosive Potion"},{"floor":41,"key":"SkillPotion"},{"floor":48,"key":"EssenceOfSteel"}],"is_trial":false,"path_per_floor":["M","$","M","?","$","R","M","R","T","M","M","M","M","$","R","B",null,"M","?","M","M","M","R","E","?","T","R","?","R","$","T","R","B",null,"M","?","M","M","$","R","E","M","T","$","?","M","E","M","R","B"],"character_chosen":"THE_SILENT","items_purchased":["Well Laid Plans","Footwork","PreservedInsect","Bouncing Flask"],"campfire_rested":4,"item_purchase_floors":[2,14,30,44],"current_hp_per_floor":[70,70,66,66,66,66,64,64,64,55,44,36,47,47,47,45,75,68,68,62,28,31,31,25,25,25,25,25,47,47,47,69,37,75,66,66,66,62,62,72,60,39,39,39,39,40,34,26,47,0,0],"gold":114,"neow_bonus":"ONE_RANDOM_RARE_CARD","is_daily":false,"chose_seed":false,"campfire_upgraded":5,"win_rate":0.0,"timestamp":1613560707,"path_taken":["M","$","M","?","?","R","M","R","T","M","M","M","M","$","R","BOSS","M","?","M","?","?","R","E","?","T","R","?","R","$","?","R","BOSS","M","?","M","M","$","R","E","M","T","$","?","M","E","M","R","BOSS"],"items_purchased_type":["Card","Card","Relic","Card"],"build_version":"2020-12-22","purchased_purges":2,"victory":false,"max_hp_per_floor":[70,70,70,70,70,70,70,70,70,70,70,70,70,70,70,75,75,75,75,75,75,75,75,75,75,75,75,75,75,75,75,75,75,75,75,75,75,75,72,72,72,72,72,72,72,72,72,72,72,72,72],"card_choices":[{"not_picked":["Blade Dance","Acrobatics"],"picked":"Flying Knee","floor":1},{"not_picked":["Flying Knee","Dash"],"picked":"Bane","floor":3},{"not_picked":["Blade Dance","Dagger Spray","Leg Sweep"],"picked":"SKIP","floor":7},{"not_picked":["Underhanded Strike","Crippling Poison"],"picked":"Deflect","floor":10},{"not_picked":["Sucker Punch","Reflex"],"picked":"Noxious Fumes","floor":11},{"not_picked":["Unload","Outmaneuver","Bane"],"picked":"SKIP","floor":12},{"not_picked":["Quick Slash","Outmaneuver","Poisoned Stab"],"picked":"SKIP","floor":13},{"not_picked":["Burst","Envenom"],"picked":"After Image","floor":16},{"not_picked":["Poisoned Stab","Deadly Poison+1","Blade Dance"],"picked":"SKIP","floor":18},{"not_picked":["Outmaneuver+1","Choke","Prepared"],"picked":"SKIP","floor":20},{"not_picked":["Riddle With Holes+1","Slice+1"],"picked":"Deflect","floor":21},{"not_picked":["Blade Dance","Heel Hook","Deadly Poison+1"],"picked":"SKIP","floor":22},{"not_picked":["Dagger Spray","Die Die Die"],"picked":"Prepared+1","floor":24},{"not_picked":["Venomology","Tools of the Trade"],"picked":"Corpse Explosion","floor":33},{"not_picked":["Eviscerate","Outmaneuver+1","Dash+1"],"picked":"SKIP","floor":35},{"not_picked":["Discovery","HandOfGreed"],"picked":"Master of Strategy","floor":36},{"not_picked":["PiercingWail","Poisoned Stab","Backstab"],"picked":"SKIP","floor":37},{"not_picked":["Dash","Poisoned Stab+1"],"picked":"Noxious Fumes","floor":38},{"not_picked":["Expertise","Sucker Punch+1","Backflip+1"],"picked":"SKIP","floor":41},{"not_picked":["Blur","Backflip+1"],"picked":"Masterful Stab","floor":42},{"not_picked":["Prepared","Unload","Flying Knee"],"picked":"SKIP","floor":46},{"not_picked":["Prepared","Flying Knee+1","Dagger Spray+1"],"picked":"SKIP","floor":47},{"not_picked":["Flying Knee+1","Deadly Poison+1","Leg Sweep"],"picked":"SKIP","floor":48}],"player_experience":96950,"relics_obtained":[{"floor":9,"key":"Meat on the Bone"},{"floor":24,"key":"Mercury Hourglass"},{"floor":24,"key":"Vajra"},{"floor":26,"key":"Matryoshka"},{"floor":31,"key":"Bag of Preparation"},{"floor":31,"key":"Orichalcum"},{"floor":41,"key":"War Paint"},{"floor":41,"key":"Unceasing Top"},{"floor":43,"key":"Oddly Smooth Stone"},{"floor":43,"key":"Nunchaku"},{"floor":47,"key":"Frozen Egg 2"},{"floor":47,"key":"FossilizedHelix"}],"event_choices":[{"damage_healed":0,"gold_gain":0,"player_choice":"Ignored","damage_taken":0,"max_hp_gain":0,"max_hp_loss":0,"event_name":"NoteForYourself","floor":4,"gold_loss":0},{"damage_healed":0,"gold_gain":0,"player_choice":"Bet on Murderer","damage_taken":0,"max_hp_gain":0,"max_hp_loss":0,"event_name":"The Joust","floor":19,"gold_loss":50},{"damage_healed":0,"gold_gain":99,"player_choice":"Stole From Cult","damage_taken":0,"max_hp_gain":0,"max_hp_loss":0,"event_name":"Nest","floor":25,"gold_loss":0},{"damage_healed":0,"gold_gain":0,"player_choice":"Simplicity","damage_taken":0,"max_hp_gain":0,"max_hp_loss":0,"event_name":"Back to Basics","floor":28,"gold_loss":0,"cards_upgraded":["Strike_G","Strike_G","Strike_G","Strike_G","Strike_G","Defend_G","Defend_G","Defend_G","Defend_G","Defend_G"]},{"damage_healed":0,"gold_gain":0,"player_choice":"Memory 1","damage_taken":0,"max_hp_gain":0,"max_hp_loss":0,"event_name":"SensoryStone","floor":36,"gold_loss":0},{"cards_removed":["Strike_G"],"damage_healed":0,"gold_gain":0,"player_choice":"Offered Basic","damage_taken":0,"max_hp_gain":0,"max_hp_loss":0,"event_name":"Bonfire Elementals","floor":45,"gold_loss":0}],"is_beta":false,"boss_relics":[{"not_picked":["Empty Cage","Tiny House"],"picked":"Black Star"},{"not_picked":["Runic Pyramid","Busted Crown"],"picked":"Fusion Hammer"}],"items_purged_floors":[30,39],"is_endless":false,"potions_floor_spawned":[3,10,13,16,20,22,33,38,41,48],"killed_by":"Time Eater","ascension_level":0}}