{"host":"johnydays","time":1613597479,"event":{"mods":["BaseMod","Bestiary","Block Reminder","Colored Map","Colored Powertips","Curses Come First","DeckTracker","Highlight Path","Minty Spire (QoL Compilation)","Relic Sorter","Relic Stats","StSLib","SuperFastMode","Weighted Paths"],"gold_per_floor":[117,117,137,160,160,191,206,206,206],"floor_reached":8,"language":"ENG","playtime":391,"items_purged":[],"score":70,"play_id":"b2c6ea2b-66cc-46dc-9a39-ecaf1de36d22","local_time":"20210217213119","is_ascension_mode":true,"campfire_choices":[],"circlet_count":0,"master_deck":["Strike_P","Strike_P","Strike_P","Defend_P","Defend_P","Defend_P","Eruption","Vigilance","CutThroughFate","Meditate","Adaptation","Wish","ThirdEye"],"relics":["Empty Cage","Golden Idol","Lantern","Sundial"],"acts_visited":["Exordium"],"potions_floor_usage":[],"damage_taken":[{"damage":3.0,"enemies":"2 Louse","floor":1.0,"turns":2.0},{"damage":7.0,"enemies":"Small Slimes","floor":3.0,"turns":3.0},{"damage":0.0,"enemies":"Cultist","floor":4.0,"turns":2.0},{"damage":40.0,"enemies":"3 Sentries","floor":6.0,"turns":7.0},{"damage":19.0,"enemies":"3 Louse","floor":7.0,"turns":4.0},{"damage":2,"enemies":"Lagavulin","floor":8,"turns":4}],"seed_played":"3066212976363730533","potions_obtained":[{"floor":1.0,"key":"Strength Potion"},{"floor":6.0,"key":"Explosive Potion"}],"is_trial":false,"path_per_floor":["M","?","M","M","?","E","M","E"],"character_chosen":"WATCHER","items_purchased":[],"campfire_rested":0,"item_purchase_floors":[],"current_hp_per_floor":[69,67,60,60,60,20,1,0,0],"gold":206,"neow_bonus":"BOSS_RELIC","is_daily":false,"chose_seed":false,"campfire_upgraded":0,"win_rate":0.0,"timestamp":1613597479,"path_taken":["M","?","M","M","?","E","?","E"],"items_purchased_type":[],"build_version":"2020-12-18","purchased_purges":0,"victory":false,"max_hp_per_floor":[72,67,67,67,67,67,67,67,67],"relic_stats":{"counters":[6,22],"Golden Idol":18,"Sundial":[2],"obtain_stats":[{"Lantern":5,"Golden Idol":2,"Sundial":6,"PureWater":0,"Empty Cage":0},{"Lantern":3,"Golden Idol":1,"Sundial":4,"PureWater":0,"Empty Cage":0},{"Lantern":7,"Golden Idol":2,"Sundial":14,"PureWater":0,"Empty Cage":0}]},"card_choices":[{"not_picked":["Nirvana","Swivel"],"picked":"CutThroughFate","floor":1.0},{"not_picked":["PathToVictory","ThirdEye"],"picked":"Meditate","floor":3.0},{"not_picked":["CrushJoints","EmptyFist"],"picked":"Adaptation","floor":4.0},{"not_picked":["JustLucky","EmptyBody"],"picked":"Wish","floor":6.0},{"not_picked":["Meditate","WheelKick"],"picked":"ThirdEye","floor":7.0}],"player_experience":534264,"relics_obtained":[{"floor":6.0,"key":"Sundial"}],"event_choices":[{"damage_healed":0.0,"max_hp_gain":0.0,"max_hp_loss":5.0,"gold_gain":0.0,"event_name":"Golden Idol","player_choice":"Lose Max HP","floor":2.0,"gold_loss":0.0,"damage_taken":0.0,"relics_obtained":["Golden Idol"]},{"damage_healed":0.0,"max_hp_gain":0.0,"max_hp_loss":0.0,"gold_gain":0.0,"event_name":"WeMeetAgain","player_choice":"Gave Potion","floor":5.0,"gold_loss":0.0,"damage_taken":0.0,"relics_obtained":["Lantern"]}],"is_beta":true,"boss_relics":[],"items_purged_floors":[],"is_endless":false,"potions_floor_spawned":[1,6],"killed_by":"Lagavulin","ascension_level":4}}