{"host":"pqs17sqrgflf4eqa","time":1613597073,"event":{"mods":["AchievementEnabler","BaseMod","Bestiary","Better Altar","Better Match","Better Skull","Block Reminder","Bossed Relics","Colored Map","Colored Powertips","Curses Come First","Dark Map","DeckTracker","Defective Defect","Displayed Cursed Tome","Emptier Cage","Googly Eyes","Highlight Path","Minty Spire (QoL Compilation)","Quick Restart","Slay-I","StSLib","SuperFastMode","Synergy Search","Thieving Mod","Transform Curses","everything is the same but u backflip on backflip","slay the spire mod where everything is the same but ironclad has a cowboy hat"],"gold_per_floor":[364,134,134,145,24,54,66,78,164,208,220,260,272,304,316,430,442,467,479,491,14,27,27,61,61,61,96,96,114,148,148,148,246,246,265,108,126,142,155,181,181,216,242,276,376,376,425,451,451,451],"floor_reached":51,"language":"ENG","playtime":1982,"items_purged":["Defend_B"],"score":1228,"play_id":"7992077d-6860-4708-8a16-7fb857dded75","local_time":"20210217162433","is_ascension_mode":true,"campfire_choices":[{"data":"Dualcast","floor":7.0,"key":"SMITH"},{"floor":13.0,"key":"REST"},{"data":"Hologram","floor":15.0,"key":"SMITH"},{"data":"Sweeping Beam","floor":23.0,"key":"SMITH"},{"floor":25.0,"key":"REST"},{"data":"Self Repair","floor":28.0,"key":"SMITH"},{"floor":32,"key":"REST"},{"data":"1","floor":41,"key":"LIFT"},{"floor":49,"key":"REST"}],"circlet_count":0,"master_deck":["Strike_B","Strike_B+1","Strike_B","Strike_B","Defend_B","Defend_B","Defend_B","Zap+1","Dualcast+1","Coolheaded","Gash","Hologram+1","Sweeping Beam+1","FTL","Leap","Conserve Battery","Glacier","Gash","Conserve Battery","Biased Cognition","FTL","Necronomicurse","Self Repair+1","FTL","Cold Snap+1","Creative AI","Glacier+1","Redo+1","Chill+1","RitualDagger","Rainbow+1","Stack+1","Defragment","Chill+1","Doom and Gloom+1","Redo+1","Streamline+1","Discovery+1","Barrage+1","Defragment+1"],"relics":["Cracked Core","MawBank","White Beast Statue","Thread and Needle","Letter Opener","Matryoshka","Black Star","Juzu Bracelet","Necronomicon","Girya","Gremlin Horn","Eternal Feather","Bottled Lightning","Mercury Hourglass","Ancient Tea Set","Toxic Egg 2","InkBottle","Omamori","Philosopher\u0027s Stone","Molten Egg 2","Strawberry","Lantern","Pen Nib","Whetstone","Blood Vial","Kunai","Smiling Mask","Unceasing Top","Orichalcum","Pear"],"acts_visited":["Exordium","TheCity","TheBeyond"],"potions_floor_usage":[30,30,33,37,38,38,40,40,42,44,47,48],"damage_taken":[{"damage":8.0,"enemies":"2 Louse","floor":1.0,"turns":2.0},{"damage":4.0,"enemies":"Cultist","floor":4.0,"turns":3.0},{"damage":10.0,"enemies":"Lagavulin","floor":6.0,"turns":7.0},{"damage":39.0,"enemies":"Gremlin Nob","floor":10.0,"turns":5.0},{"damage":0.0,"enemies":"3 Sentries","floor":12.0,"turns":8.0},{"damage":0.0,"enemies":"Small Slimes","floor":14.0,"turns":3.0},{"damage":18.0,"enemies":"Slime Boss","floor":16.0,"turns":8.0},{"damage":0.0,"enemies":"Chosen","floor":18.0,"turns":7.0},{"damage":0.0,"enemies":"3 Byrds","floor":22.0,"turns":4.0},{"damage":84.0,"enemies":"Gremlin Leader","floor":24.0,"turns":11.0},{"damage":45.0,"enemies":"Slavers","floor":27.0,"turns":6.0},{"damage":3.0,"enemies":"Cultist and Chosen","floor":29.0,"turns":7.0},{"damage":6,"enemies":"Gremlin Leader","floor":30,"turns":7},{"damage":19,"enemies":"Champ","floor":33,"turns":15},{"damage":2,"enemies":"Orb Walker","floor":35,"turns":4},{"damage":0,"enemies":"3 Darklings","floor":37,"turns":5},{"damage":24,"enemies":"Spire Growth","floor":38,"turns":6},{"damage":5,"enemies":"4 Shapes","floor":39,"turns":3},{"damage":18,"enemies":"Reptomancer","floor":40,"turns":6},{"damage":27,"enemies":"Nemesis","floor":42,"turns":5},{"damage":39,"enemies":"Reptomancer","floor":44,"turns":6},{"damage":5,"enemies":"2 Orb Walkers","floor":47,"turns":4},{"damage":26,"enemies":"Nemesis","floor":48,"turns":9},{"damage":60,"enemies":"Donu and Deca","floor":50,"turns":9}],"seed_played":"-704355706754689040","potions_obtained":[{"floor":1.0,"key":"Dexterity Potion"},{"floor":10.0,"key":"FocusPotion"},{"floor":12.0,"key":"ColorlessPotion"},{"floor":14.0,"key":"SkillPotion"},{"floor":16.0,"key":"SneckoOil"},{"floor":18.0,"key":"EssenceOfDarkness"},{"floor":22.0,"key":"FairyPotion"},{"floor":24.0,"key":"FearPotion"},{"floor":27.0,"key":"PotionOfCapacity"},{"floor":29.0,"key":"BlessingOfTheForge"},{"floor":30,"key":"SpeedPotion"},{"floor":33,"key":"SteroidPotion"},{"floor":35,"key":"FocusPotion"},{"floor":37,"key":"GamblersBrew"},{"floor":38,"key":"PowerPotion"},{"floor":39,"key":"Weak Potion"},{"floor":40,"key":"FearPotion"},{"floor":42,"key":"LiquidBronze"},{"floor":44,"key":"Explosive Potion"},{"floor":47,"key":"ColorlessPotion"},{"floor":48,"key":"Weak Potion"}],"is_trial":false,"path_per_floor":["M","$","?","M","$","E","R","?","T","E","T","E","R","M","R","B",null,"M","?","?","$","M","R","E","R","T","E","R","M","E","?","R","B",null,"M","$","M","M","M","E","R","E","T","E","?","?","?","E","R","B",null],"character_chosen":"DEFECT","items_purchased":["Gash","Hologram","SteroidPotion","DuplicationPotion","FTL","Leap","Self Repair","Girya","FTL","Fire Potion","Defragment"],"campfire_rested":4,"item_purchase_floors":[2,2,2,2,5,5,21,21,21,21,36],"current_hp_per_floor":[42,42,42,38,38,28,28,53,53,14,14,14,36,36,36,18,61,61,61,45,45,52,52,11,48,48,10,25,32,36,30,70,71,74,72,72,75,61,56,55,76,59,59,32,32,32,29,25,76,28],"gold":451,"neow_bonus":"TWO_FIFTY_GOLD","is_daily":false,"chose_seed":false,"campfire_upgraded":4,"win_rate":0.0,"timestamp":1613597073,"path_taken":["M","$","?","M","?","E","R","?","T","E","?","E","R","?","R","BOSS","M","?","?","$","M","R","E","R","T","E","R","M","E","?","R","BOSS","M","$","M","M","M","E","R","E","T","E","?","?","?","E","R","BOSS"],"items_purchased_type":["Card","Card","Potion","Potion","Card","Card","Card","Relic","Card","Potion","Card"],"build_version":"2020-12-22","purchased_purges":1,"victory":true,"max_hp_per_floor":[75,75,75,75,75,75,75,75,75,75,75,75,75,75,75,75,75,75,75,75,75,75,75,75,75,75,75,75,75,75,75,75,75,75,75,75,75,75,75,82,82,82,82,82,82,82,82,92,92,92],"card_choices":[{"not_picked":["Beam Cell","Fusion"],"picked":"Coolheaded","floor":1.0},{"not_picked":["Melter","Skim"],"picked":"Sweeping Beam","floor":4.0},{"not_picked":["Stack","Capacitor"],"picked":"Conserve Battery","floor":6.0},{"not_picked":["Turbo","Hologram"],"picked":"Glacier","floor":10.0},{"not_picked":["Redo","White Noise"],"picked":"Gash","floor":12.0},{"not_picked":["Aggregate","Barrage"],"picked":"Conserve Battery","floor":14.0},{"not_picked":["Thunder Strike","Seek"],"picked":"Biased Cognition","floor":16.0},{"not_picked":["Skim+1","Stack"],"picked":"FTL","floor":18.0},{"not_picked":["Gash+1","Melter"],"picked":"Cold Snap","floor":22.0},{"not_picked":["Rip and Tear","Sweeping Beam"],"picked":"Creative AI","floor":24.0},{"not_picked":["Genetic Algorithm+1","Melter"],"picked":"Glacier+1","floor":27.0},{"not_picked":["Ball Lightning","Stack+1"],"picked":"Redo+1","floor":29.0},{"not_picked":["Hyperbeam","Coolheaded+1"],"picked":"Chill+1","floor":30},{"not_picked":["Hyperbeam","Thunder Strike"],"picked":"Rainbow+1","floor":33},{"not_picked":["Turbo+1","Redo+1"],"picked":"Stack+1","floor":35},{"not_picked":["Steam+1","Tempest+1"],"picked":"Chill+1","floor":37},{"not_picked":["Hologram+1","Stack+1","Leap+1"],"picked":"SKIP","floor":38},{"not_picked":["Scrape","Loop"],"picked":"Doom and Gloom+1","floor":39},{"not_picked":["Conserve Battery+1","Stack+1","Leap+1"],"picked":"SKIP","floor":40},{"not_picked":["Stack+1","Seek+1"],"picked":"Redo+1","floor":42},{"not_picked":["Tempest+1","Stack+1"],"picked":"Streamline+1","floor":44},{"not_picked":["Good Instincts+1","Jack Of All Trades+1"],"picked":"Discovery+1","floor":46},{"not_picked":["Aggregate+1","Gash+1"],"picked":"Barrage+1","floor":47},{"not_picked":["Barrage+1","Reprogram+1"],"picked":"Defragment+1","floor":48}],"player_experience":223138,"relics_obtained":[{"floor":6.0,"key":"MawBank"},{"floor":9.0,"key":"White Beast Statue"},{"floor":10.0,"key":"Thread and Needle"},{"floor":11.0,"key":"Letter Opener"},{"floor":12.0,"key":"Matryoshka"},{"floor":24.0,"key":"Gremlin Horn"},{"floor":24.0,"key":"Eternal Feather"},{"floor":26.0,"key":"Bottled Lightning"},{"floor":26.0,"key":"Mercury Hourglass"},{"floor":27.0,"key":"Ancient Tea Set"},{"floor":27.0,"key":"Toxic Egg 2"},{"floor":30,"key":"InkBottle"},{"floor":30,"key":"Omamori"},{"floor":40,"key":"Molten Egg 2"},{"floor":40,"key":"Strawberry"},{"floor":42,"key":"Lantern"},{"floor":42,"key":"Pen Nib"},{"floor":43,"key":"Whetstone"},{"floor":43,"key":"Blood Vial"},{"floor":44,"key":"Kunai"},{"floor":44,"key":"Smiling Mask"},{"floor":47,"key":"Unceasing Top"},{"floor":48,"key":"Orichalcum"},{"floor":48,"key":"Pear"}],"event_choices":[{"damage_healed":0.0,"max_hp_gain":0.0,"max_hp_loss":0.0,"gold_gain":0.0,"event_name":"Upgrade Shrine","player_choice":"Upgraded","floor":3.0,"gold_loss":0.0,"damage_taken":0.0,"cards_upgraded":["Zap"]},{"damage_healed":25.0,"max_hp_gain":0.0,"max_hp_loss":0.0,"gold_gain":0.0,"event_name":"Big Fish","player_choice":"Banana","floor":8.0,"gold_loss":0.0,"damage_taken":0.0},{"damage_healed":0.0,"max_hp_gain":0.0,"max_hp_loss":0.0,"gold_gain":0.0,"event_name":"WeMeetAgain","player_choice":"Gave Potion","floor":19.0,"gold_loss":0.0,"damage_taken":0.0,"relics_obtained":["Juzu Bracelet"]},{"damage_healed":0.0,"max_hp_gain":0.0,"max_hp_loss":0.0,"gold_gain":0.0,"event_name":"Cursed Tome","player_choice":"Obtained Book","floor":20.0,"gold_loss":0.0,"damage_taken":16.0},{"damage_healed":0,"gold_gain":0,"player_choice":"Joined the Cult","damage_taken":6,"max_hp_gain":0,"max_hp_loss":0,"event_name":"Nest","floor":31,"gold_loss":0,"cards_obtained":["RitualDagger"]},{"damage_healed":0,"gold_gain":100,"player_choice":"Pray","damage_taken":0,"max_hp_gain":0,"max_hp_loss":0,"event_name":"Golden Shrine","floor":45,"gold_loss":0},{"damage_healed":0,"gold_gain":0,"player_choice":"Memory 1","damage_taken":0,"max_hp_gain":0,"max_hp_loss":0,"event_name":"SensoryStone","floor":46,"gold_loss":0},{"damage_healed":0,"gold_gain":0,"player_choice":"Fight","damage_taken":0,"max_hp_gain":0,"max_hp_loss":0,"event_name":"Mysterious Sphere","floor":47,"gold_loss":0}],"is_beta":false,"boss_relics":[{"not_picked":["Astrolabe","Busted Crown"],"picked":"Black Star"},{"not_picked":["Sozu","Snecko Eye"],"picked":"Philosopher\u0027s Stone"}],"items_purged_floors":[36],"is_endless":false,"potions_floor_spawned":[1,10,12,14,16,18,22,24,27,29,30,33,35,37,38,39,40,42,44,47,48],"ascension_level":6}}