{"host":"7e6a7vfmtx61a48y","time":1613572716,"event":{"mods":["BaseMod","Better Note","BetterRewards","Block Reminder","Colored Powertips","Curses Come First","Gremlin Skip","Hubris","Minty Spire (QoL Compilation)","Quick Restart","Rare Cards Sparkle","Reliquary","StSLib","SuperFastMode"],"gold_per_floor":[111,111,111,128,203,203,232,232,232,245,26,44,75,75,75,177,177,197,197,197,24,40,40,67,81,81,81,91,101,117,135,135,135,135],"floor_reached":33,"language":"ENG","playtime":1380,"items_purged":["Strike_R","Strike_R"],"score":483,"play_id":"44e97a95-4b77-4bfd-981e-383c120f8214","local_time":"20210217223836","is_ascension_mode":true,"campfire_choices":[{"floor":6.0,"key":"DIG"},{"floor":8.0,"key":"DIG"},{"floor":15.0,"key":"DIG"},{"floor":23.0,"key":"DIG"},{"floor":27.0,"key":"REST"},{"floor":32.0,"key":"REST"}],"circlet_count":0,"master_deck":["AscendersBane","Strike_R","Strike_R","Strike_R","Defend_R","Defend_R","Defend_R","Defend_R","Bash","Armaments","Cleave","Pummel","hubris:NaturalOne","Feed","Heavy Blade+1","Flex","Feed","Pommel Strike+1","Inflame+1","Fire Breathing","Iron Wave+1"],"relics":["Burning Blood","FossilizedHelix","Shovel","hubris:Icosahedron","Torii","Du-Vu Doll","Prayer Wheel","reliquary:BoilingFlask","Question Card","Potion Belt","Blue Candle","reliquary:Knoch","reliquary:RustamsPendant","MutagenicStrength","reliquary:BallBearing","reliquary:ExpiredCoupon","PreservedInsect","hubris:MedicalManual"],"acts_visited":["Exordium","TheCity"],"potions_floor_usage":[33,33],"damage_taken":[{"damage":0.0,"enemies":"Cultist","floor":1.0,"turns":3.0},{"damage":0.0,"enemies":"Jaw Worm","floor":4.0,"turns":5.0},{"damage":4.0,"enemies":"3 Sentries","floor":7.0,"turns":7.0},{"damage":0.0,"enemies":"2 Louse","floor":10.0,"turns":2.0},{"damage":0.0,"enemies":"Looter","floor":12.0,"turns":2.0},{"damage":0.0,"enemies":"Gremlin Nob","floor":13.0,"turns":3.0},{"damage":45.0,"enemies":"Slime Boss","floor":16.0,"turns":12.0},{"damage":29.0,"enemies":"Chosen","floor":18.0,"turns":5.0},{"damage":1.0,"enemies":"2 Thieves","floor":22.0,"turns":3.0},{"damage":42.0,"enemies":"Book of Stabbing","floor":24.0,"turns":4.0},{"damage":18.0,"enemies":"Chosen and Byrds","floor":25.0,"turns":5.0},{"damage":1.0,"enemies":"Snecko","floor":28.0,"turns":4.0},{"damage":14.0,"enemies":"Shelled Parasite and Fungi","floor":29.0,"turns":4.0},{"damage":16.0,"enemies":"Snake Plant","floor":30.0,"turns":3.0},{"damage":1.0,"enemies":"Cultist and Chosen","floor":31.0,"turns":4.0},{"damage":52,"enemies":"Automaton","floor":33,"turns":8}],"seed_played":"-8354321438590234295","potions_obtained":[{"floor":4.0,"key":"Block Potion"},{"floor":10.0,"key":"GamblersBrew"},{"floor":12.0,"key":"PowerPotion"},{"floor":16.0,"key":"AttackPotion"},{"floor":25.0,"key":"Block Potion"},{"floor":30.0,"key":"Energy Potion"},{"floor":31.0,"key":"SpeedPotion"}],"is_trial":false,"path_per_floor":["M","?","T","M","?","R","E","R","T","M","$","M","E","?","R","B",null,"M","?","T","$","M","R","E","M","T","R","M","M","M","M","R","B"],"character_chosen":"IRONCLAD","items_purchased":["Shovel","Armaments","Potion Belt","DuplicationPotion"],"campfire_rested":2,"item_purchase_floors":[0,0,11,21],"current_hp_per_floor":[70,70,70,76,65,65,67,67,67,73,73,79,80,80,80,44,73,50,50,50,50,58,58,25,13,13,39,44,39,29,34,61,9,9],"gold":135,"neow_bonus":"","is_daily":false,"chose_seed":false,"campfire_upgraded":0,"win_rate":0.0,"timestamp":1613572716,"path_taken":["M","?","?","M","?","R","E","R","T","M","$","?","E","?","R","BOSS","M","?","?","$","M","R","E","M","T","R","M","M","M","?","R","BOSS"],"items_purchased_type":["Relic","Card","Relic","Potion"],"build_version":"2020-12-22","purchased_purges":2,"victory":false,"max_hp_per_floor":[80,80,80,80,80,80,80,80,80,80,80,80,80,80,80,83,83,83,83,83,83,86,86,89,89,89,89,89,92,92,92,92,92,92],"card_choices":[{"not_picked":["Perfected Strike","Flex"],"picked":"Cleave","floor":1.0},{"not_picked":["Perfected Strike","Dark Embrace"],"picked":"Pummel","floor":4.0},{"not_picked":["Ghostly Armor","Disarm","Rage"],"picked":"SKIP","floor":7.0},{"not_picked":["Headbutt","Wild Strike","Iron Wave"],"picked":"Feed","floor":10.0},{"not_picked":["Sword Boomerang","Perfected Strike","Armaments","Twin Strike"],"picked":"SKIP","floor":10.0},{"not_picked":["Power Through","True Grit","Clash"],"picked":"Heavy Blade","floor":12.0},{"not_picked":["Body Slam","Pommel Strike","Disarm"],"picked":"Flex","floor":12.0},{"not_picked":["Shrug It Off","Sword Boomerang","Dual Wield","Entrench"],"picked":"SKIP","floor":13.0},{"not_picked":["Exhume","Reaper","Juggernaut"],"picked":"Feed","floor":16.0},{"not_picked":["Fire Breathing","Wild Strike+1","Iron Wave"],"picked":"Pommel Strike+1","floor":18.0},{"not_picked":["hubris:ReadiedAction","Twin Strike","Clothesline","Warcry+1"],"picked":"SKIP","floor":18.0},{"not_picked":["Clash","Heavy Blade","Thunderclap"],"picked":"Inflame+1","floor":22.0},{"not_picked":["Twin Strike","Perfected Strike","hubris:ReadiedAction","Clothesline"],"picked":"SKIP","floor":22.0},{"not_picked":["Offering","Second Wind","Perfected Strike","Anger"],"picked":"SKIP","floor":24.0},{"not_picked":["Perfected Strike+1","Wild Strike","Infernal Blade"],"picked":"Fire Breathing","floor":25.0},{"not_picked":["Heavy Blade","Headbutt","Perfected Strike","Body Slam"],"picked":"SKIP","floor":25.0},{"not_picked":["Heavy Blade","Headbutt","Perfected Strike","Body Slam"],"picked":"SKIP","floor":25.0},{"not_picked":["Heavy Blade","Reckless Charge","Clothesline","Burning Pact"],"picked":"SKIP","floor":28.0},{"not_picked":["Iron Wave","True Grit","Blood for Blood","Hemokinesis+1"],"picked":"SKIP","floor":28.0},{"not_picked":["Heavy Blade","Havoc","Anger"],"picked":"Iron Wave+1","floor":29.0},{"not_picked":["Wild Strike","Flex","Shrug It Off","Metallicize"],"picked":"SKIP","floor":29.0},{"not_picked":["Sever Soul","Sword Boomerang+1","Second Wind","Burning Pact"],"picked":"SKIP","floor":30.0},{"not_picked":["Shrug It Off","Searing Blow+1","Metallicize","Dark Embrace"],"picked":"SKIP","floor":30.0},{"not_picked":["Offering","Clothesline+1","Rampage","Burning Pact"],"picked":"SKIP","floor":31.0},{"not_picked":["Seeing Red","Ghostly Armor","Dropkick+1","Warcry"],"picked":"SKIP","floor":31.0}],"player_experience":372339,"relics_obtained":[{"floor":3.0,"key":"Torii"},{"floor":6.0,"key":"Du-Vu Doll"},{"floor":7.0,"key":"Prayer Wheel"},{"floor":8.0,"key":"reliquary:BoilingFlask"},{"floor":9.0,"key":"Question Card"},{"floor":13.0,"key":"Blue Candle"},{"floor":15.0,"key":"reliquary:Knoch"},{"floor":20.0,"key":"reliquary:BallBearing"},{"floor":23.0,"key":"reliquary:ExpiredCoupon"},{"floor":24.0,"key":"PreservedInsect"},{"floor":26.0,"key":"hubris:MedicalManual"}],"event_choices":[{"damage_healed":0.0,"max_hp_gain":0.0,"max_hp_loss":0.0,"gold_gain":75.0,"event_name":"World of Goop","player_choice":"Gather Gold","floor":5.0,"gold_loss":0.0,"damage_taken":11.0},{"damage_healed":0.0,"max_hp_gain":0.0,"max_hp_loss":0.0,"gold_gain":0.0,"event_name":"Living Wall","player_choice":"Grow","floor":14.0,"gold_loss":0.0,"damage_taken":0.0,"cards_upgraded":["Heavy Blade"]},{"damage_healed":0.0,"max_hp_gain":0.0,"max_hp_loss":0.0,"gold_gain":0.0,"event_name":"Drug Dealer","player_choice":"Inject Mutagens","floor":19.0,"gold_loss":0.0,"damage_taken":0.0,"relics_obtained":["MutagenicStrength"]}],"is_beta":false,"boss_relics":[{"not_picked":["Mark of Pain","reliquary:RedPaperclip"],"picked":"reliquary:RustamsPendant"}],"items_purged_floors":[11,21],"is_endless":false,"potions_floor_spawned":[4,10,12,16,25,30,31],"killed_by":"Automaton","ascension_level":12}}