{"host":"3zmssa4s99zhxek5","time":1613565882,"event":{"mods":["AchievementEnabler","BaseMod","Minty Spire (QoL Compilation)","Permanent Neow","Relic Stats"],"gold_per_floor":[112,112,132,132,148,148,182,182,182,182,194,229,229,229,229,303,303,316,231,231,251,0,0,0],"floor_reached":23,"language":"KOR","playtime":1237,"items_purged":["Strike_P"],"score":394,"play_id":"d3411c16-95a8-44ce-93dc-f47ebb18ff75","local_time":"20210217214442","is_ascension_mode":true,"campfire_choices":[{"floor":6.0,"key":"REST"},{"floor":8.0,"key":"REST"},{"data":"WindmillStrike","floor":10.0,"key":"SMITH"},{"floor":15.0,"key":"REST"}],"circlet_count":0,"master_deck":["AscendersBane","Strike_P","Strike_P","Defend_P","Defend_P","Defend_P","Defend_P","Eruption","Vigilance","Vault","TalkToTheHand","ReachHeaven","WindmillStrike+1","Establishment","LikeWater","FlyingSleeves","DevaForm","ClearTheMind","JustLucky","Protect","Panacea"],"relics":["PureWater","Gremlin Horn","TeardropLocket","Toy Ornithopter","Unceasing Top","Busted Crown","Potion Belt","Pantograph"],"acts_visited":["Exordium","TheCity"],"potions_floor_usage":[21,23,23],"damage_taken":[{"damage":0.0,"enemies":"Jaw Worm","floor":1.0,"turns":4.0},{"damage":3.0,"enemies":"2 Louse","floor":3.0,"turns":4.0},{"damage":0.0,"enemies":"Cultist","floor":5.0,"turns":2.0},{"damage":30.0,"enemies":"3 Sentries","floor":7.0,"turns":7.0},{"damage":15.0,"enemies":"Exordium Thugs","floor":11.0,"turns":5.0},{"damage":3.0,"enemies":"Lagavulin","floor":12.0,"turns":8.0},{"damage":12.0,"enemies":"The Guardian","floor":16.0,"turns":10.0},{"damage":19,"enemies":"Chosen","floor":18,"turns":3},{"damage":43,"enemies":"3 Byrds","floor":21,"turns":7},{"damage":28,"enemies":"Book of Stabbing","floor":23,"turns":5}],"seed_played":"7580649279051164023","potions_obtained":[{"floor":3.0,"key":"Swift Potion"},{"floor":11.0,"key":"ColorlessPotion"},{"floor":16.0,"key":"PowerPotion"},{"floor":18,"key":"Regen Potion"},{"floor":21,"key":"ColorlessPotion"}],"is_trial":false,"path_per_floor":["M","?","M","?","M","R","E","R","T","R","M","E","?","?","R","B",null,"M","?","T","M","$","E"],"character_chosen":"WATCHER","items_purchased":["JustLucky","Protect","Panacea"],"campfire_rested":3,"item_purchase_floors":[22,22,22],"current_hp_per_floor":[61,26,23,23,23,43,13,33,33,33,18,15,8,8,28,26,58,39,39,39,16,16,0,0],"gold":0,"neow_bonus":"ONE_RANDOM_RARE_CARD","is_daily":false,"chose_seed":false,"campfire_upgraded":1,"win_rate":0.0,"timestamp":1613565882,"path_taken":["M","?","M","?","M","R","E","R","T","R","M","E","?","?","R","BOSS","M","?","?","M","?","E"],"items_purchased_type":["Card","Card","Card"],"build_version":"2020-12-22","purchased_purges":1,"victory":false,"max_hp_per_floor":[68,68,68,68,68,68,68,68,68,68,68,68,68,68,68,68,68,68,68,68,68,68,68,68],"relic_stats":{"Busted Crown":4,"Gremlin Horn":[6,6],"counters":[10,55],"Pantograph":0,"obtain_stats":[{"Potion Belt":19,"Busted Crown":17,"Gremlin Horn":2,"Pantograph":20,"TeardropLocket":7,"PureWater":0,"Toy Ornithopter":9,"Unceasing Top":12},{"Potion Belt":8,"Busted Crown":7,"Gremlin Horn":1,"Pantograph":8,"TeardropLocket":4,"PureWater":0,"Toy Ornithopter":4,"Unceasing Top":6},{"Potion Belt":43,"Busted Crown":40,"Gremlin Horn":4,"Pantograph":43,"TeardropLocket":17,"PureWater":0,"Toy Ornithopter":17,"Unceasing Top":30}],"Toy Ornithopter":25,"Unceasing Top":[4]},"card_choices":[{"not_picked":["EmptyBody","WaveOfTheHand"],"picked":"TalkToTheHand","floor":1.0},{"not_picked":["Consecrate","WreathOfFlame"],"picked":"ReachHeaven","floor":3.0},{"not_picked":["FearNoEvil","CrushJoints"],"picked":"WindmillStrike","floor":5.0},{"not_picked":["SashWhip","Fasting2"],"picked":"Establishment","floor":7.0},{"not_picked":["InnerPeace","Halt"],"picked":"LikeWater","floor":11.0},{"not_picked":["Vengeance","PathToVictory"],"picked":"FlyingSleeves","floor":12.0},{"not_picked":["MasterReality","Judgement"],"picked":"DevaForm","floor":16.0},{"not_picked":["Crescendo"],"picked":"SKIP","floor":18},{"not_picked":[],"picked":"ClearTheMind","floor":21}],"player_experience":1659364,"relics_obtained":[{"floor":7.0,"key":"TeardropLocket"},{"floor":9.0,"key":"Toy Ornithopter"},{"floor":12.0,"key":"Unceasing Top"},{"floor":20,"key":"Pantograph"}],"event_choices":[{"damage_healed":0.0,"max_hp_gain":0.0,"max_hp_loss":0.0,"gold_gain":0.0,"event_name":"Scrap Ooze","player_choice":"Success","floor":2.0,"gold_loss":0.0,"damage_taken":35.0,"relics_obtained":["Gremlin Horn"]},{"damage_healed":0.0,"max_hp_gain":0.0,"max_hp_loss":0.0,"gold_gain":0.0,"event_name":"Liars Game","player_choice":"Ignored","floor":4.0,"gold_loss":0.0,"damage_taken":0.0},{"cards_removed":["Strike_P"],"damage_healed":0.0,"max_hp_gain":0.0,"max_hp_loss":0.0,"gold_gain":0.0,"event_name":"Golden Wing","player_choice":"Card Removal","floor":13.0,"gold_loss":0.0,"damage_taken":7.0},{"damage_healed":0.0,"max_hp_gain":0.0,"max_hp_loss":0.0,"gold_gain":0.0,"event_name":"Match and Keep!","player_choice":"0 cards matched","floor":14.0,"gold_loss":0.0,"damage_taken":0.0,"cards_obtained":[]},{"damage_healed":0,"gold_gain":0,"player_choice":"Obtained Relic","damage_taken":0,"relics_obtained":["Potion Belt"],"max_hp_gain":0,"max_hp_loss":0,"event_name":"Addict","floor":19,"gold_loss":85}],"is_beta":false,"boss_relics":[{"not_picked":["Runic Dome","Empty Cage"],"picked":"Busted Crown"}],"items_purged_floors":[22],"is_endless":false,"potions_floor_spawned":[3,11,16,18,21],"killed_by":"Book of Stabbing","ascension_level":20}}