{"host":"idjwbq71yrpkph1r","time":1613570084,"event":{"mods":["AchievementEnabler","Alarm Clock","BaseMod","Block Reminder","Colored Map","Curses Come First","Displayed Cursed Tome","Hermit","Highlight Path","Minty Spire (QoL Compilation)","Rare Cards Sparkle","Relic Stats","StSLib","everything is the same but u backflip on backflip","slay the spire mod where everything is the same but ironclad has a cowboy hat"],"gold_per_floor":[116,131,231,249,260,260,273,41,41,76,76,94,107,125,125,221,221,234,234,248,248,248,260,10,30,30,41,140,151,181,56,56,161,161,176,176,26,26,43,43,63,63,88,101,0,14,24,43,43,43],"floor_reached":51,"language":"ENG","playtime":2178,"items_purged":["Strike_P","Clumsy","Pain","Swivel"],"score":752,"play_id":"8edbc353-7433-4cae-86cd-2074a0326812","local_time":"20210217145444","is_ascension_mode":false,"campfire_choices":[{"data":"ForeignInfluence","floor":6.0,"key":"SMITH"},{"floor":15.0,"key":"REST"},{"floor":32.0,"key":"REST"},{"floor":40.0,"key":"REST"},{"floor":42.0,"key":"REST"},{"floor":49.0,"key":"REST"}],"circlet_count":0,"master_deck":["Eruption+1","Vigilance+1","PathToVictory","PathToVictory","ForeignInfluence+1","PathToVictory+1","ThirdEye+1","PathToVictory+1","LessonLearned","PathToVictory+1","FlyingSleeves","DeusExMachina","BattleHymn","Judgement","DevaForm","Brilliance+1","ThirdEye+1","Good Instincts","BattleHymn+1","Parasite","PathToVictory+1"],"relics":["Cursed Key","Bronze Scales","StoneCalendar","Lizard Tail","Letter Opener","Runic Pyramid","Shovel","MealTicket","Boot","Lantern","Pandora\u0027s Box","Whetstone","Red Mask"],"acts_visited":["Exordium","TheCity","TheBeyond"],"potions_floor_usage":[50,50,50,50,50],"damage_taken":[{"damage":2.0,"enemies":"Small Slimes","floor":1.0,"turns":4.0},{"damage":0.0,"enemies":"Cultist","floor":2.0,"turns":2.0},{"damage":3.0,"enemies":"Jaw Worm","floor":4.0,"turns":3.0},{"damage":0.0,"enemies":"3 Louse","floor":5.0,"turns":3.0},{"damage":1.0,"enemies":"2 Fungi Beasts","floor":7.0,"turns":2.0},{"damage":16.0,"enemies":"Lagavulin","floor":10.0,"turns":4.0},{"damage":13.0,"enemies":"Lots of Slimes","floor":12.0,"turns":3.0},{"damage":11.0,"enemies":"Exordium Wildlife","floor":13.0,"turns":3.0},{"damage":10.0,"enemies":"Looter","floor":14.0,"turns":1.0},{"damage":0.0,"enemies":"Slime Boss","floor":16.0,"turns":6.0},{"damage":0.0,"enemies":"Chosen","floor":18.0,"turns":3.0},{"damage":0.0,"enemies":"3 Byrds","floor":20.0,"turns":3.0},{"damage":15.0,"enemies":"Snake Plant","floor":23.0,"turns":3.0},{"damage":3.0,"enemies":"Centurion and Healer","floor":25.0,"turns":4.0},{"damage":15.0,"enemies":"3 Cultists","floor":27.0,"turns":4.0},{"damage":14.0,"enemies":"Snake Plant","floor":29.0,"turns":3.0},{"damage":21.0,"enemies":"Slavers","floor":30.0,"turns":3.0},{"damage":24.0,"enemies":"Champ","floor":33.0,"turns":7.0},{"damage":18.0,"enemies":"Orb Walker","floor":35.0,"turns":3.0},{"damage":26.0,"enemies":"3 Shapes","floor":39.0,"turns":3.0},{"damage":36.0,"enemies":"Jaw Worm Horde","floor":41.0,"turns":3.0},{"damage":4.0,"enemies":"Writhing Mass","floor":44.0,"turns":3.0},{"damage":10.0,"enemies":"3 Darklings","floor":46.0,"turns":3.0},{"damage":0.0,"enemies":"Spire Growth","floor":47.0,"turns":2.0},{"damage":9.0,"enemies":"Jaw Worm Horde","floor":48.0,"turns":3.0},{"damage":64,"enemies":"Awakened One","floor":50,"turns":8}],"seed_played":"-7064505580787362148","potions_obtained":[{"floor":1.0,"key":"EssenceOfSteel"},{"floor":7.0,"key":"Weak Potion"},{"floor":10.0,"key":"LiquidBronze"},{"floor":12.0,"key":"BottledMiracle"},{"floor":14.0,"key":"Swift Potion"},{"floor":25.0,"key":"FearPotion"},{"floor":27.0,"key":"Swift Potion"},{"floor":30.0,"key":"SpeedPotion"},{"floor":39.0,"key":"AttackPotion"},{"floor":41.0,"key":"EntropicBrew"}],"is_trial":false,"path_per_floor":["M","M","?","M","M","R","M","$","T","E","T","M","M","M","R","B",null,"M","?","M","?","?","M","$","M","T","M","?","M","E","$","R","B",null,"M","?","$","?","M","R","M","R","T","M","?","M","M","M","R","B",null],"character_chosen":"WATCHER","items_purchased":["Bronze Scales","MealTicket"],"campfire_rested":5,"item_purchase_floors":[8,24],"current_hp_per_floor":[70,70,70,67,67,67,66,66,66,50,50,37,26,16,37,37,72,72,72,72,72,72,57,57,54,54,39,39,25,4,19,40,16,72,54,54,69,69,43,64,28,49,49,45,45,35,35,26,47,36],"gold":43,"neow_bonus":"BOSS_RELIC","is_daily":false,"chose_seed":false,"campfire_upgraded":1,"win_rate":0.0,"timestamp":1613570084,"path_taken":["M","M","?","M","?","R","M","$","T","E","?","M","M","M","R","BOSS","M","?","M","?","?","M","$","M","T","?","?","M","E","$","R","BOSS","M","?","$","?","M","R","M","R","T","M","?","M","?","?","R","BOSS"],"items_purchased_type":["Relic","Relic"],"build_version":"2020-12-22","purchased_purges":4,"victory":true,"max_hp_per_floor":[72,72,72,72,72,72,72,72,72,72,72,72,72,72,72,72,72,72,72,72,72,72,72,72,72,72,72,72,72,72,72,72,72,72,72,72,72,72,72,72,72,72,72,72,72,72,72,72,72,72],"relic_stats":{"Lizard Tail":36,"Shovel":0,"counters":[26,89],"Bronze Scales":[219],"StoneCalendar":[56],"MealTicket":30,"Pandora\u0027s Box":["SignatureMove","DeusExMachina","BattleHymn","Judgement","DevaForm","Swivel","Brilliance"],"Letter Opener":[291],"Whetstone":["Eruption","Brilliance"],"Cursed Key":4,"Boot":[31],"obtain_stats":[{"Lantern":30,"StoneCalendar":9,"Letter Opener":11,"Whetstone":43,"Cursed Key":0,"Boot":26,"Lizard Tail":10,"Shovel":21,"Bronze Scales":8,"MealTicket":24,"Pandora\u0027s Box":34,"Red Mask":45,"PureWater":0,"Runic Pyramid":17},{"Lantern":17,"StoneCalendar":5,"Letter Opener":6,"Whetstone":21,"Cursed Key":0,"Boot":14,"Lizard Tail":6,"Shovel":12,"Bronze Scales":5,"MealTicket":13,"Pandora\u0027s Box":18,"Red Mask":22,"PureWater":0,"Runic Pyramid":10},{"Lantern":54,"StoneCalendar":14,"Letter Opener":18,"Whetstone":70,"Cursed Key":0,"Boot":44,"Lizard Tail":18,"Shovel":37,"Bronze Scales":14,"MealTicket":40,"Pandora\u0027s Box":61,"Red Mask":73,"PureWater":0,"Runic Pyramid":31}]},"card_choices":[{"not_picked":["Worship","ThirdEye"],"picked":"PathToVictory","floor":1.0},{"not_picked":["EmptyFist","FlyingSleeves"],"picked":"PathToVictory","floor":2.0},{"not_picked":["Evaluate","Consecrate"],"picked":"ForeignInfluence","floor":4.0},{"not_picked":["Perseverance","MentalFortress"],"picked":"PathToVictory","floor":5.0},{"not_picked":["Crescendo","Omniscience","SashWhip"],"picked":"SKIP","floor":7.0},{"not_picked":["Study","Evaluate","WreathOfFlame"],"picked":"SKIP","floor":10.0},{"not_picked":["Prostrate","Crescendo"],"picked":"ThirdEye","floor":12.0},{"not_picked":["FollowUp","ReachHeaven","Adaptation"],"picked":"SKIP","floor":13.0},{"not_picked":["Halt","EmptyBody"],"picked":"PathToVictory","floor":14.0},{"not_picked":["MasterReality","Alpha"],"picked":"LessonLearned","floor":16.0},{"not_picked":["Study+1","Prostrate"],"picked":"PathToVictory","floor":18.0},{"not_picked":["Indignation+1","EmptyBody"],"picked":"FlyingSleeves","floor":20.0},{"not_picked":["FlurryOfBlows","Fasting2","Halt"],"picked":"SKIP","floor":23.0},{"not_picked":["FollowUp","EmptyMind+1","SashWhip"],"picked":"SKIP","floor":25.0},{"not_picked":["EmptyBody","Consecrate","ThirdEye"],"picked":"SKIP","floor":27.0},{"not_picked":["ClearTheMind","SashWhip","Indignation+1"],"picked":"SKIP","floor":29.0},{"not_picked":["Swivel","Wish","SashWhip"],"picked":"SKIP","floor":30.0},{"not_picked":["WindmillStrike+1","JustLucky"],"picked":"ThirdEye+1","floor":35.0},{"not_picked":["Violence","Swift Strike"],"picked":"Good Instincts","floor":38.0},{"not_picked":["Swivel","Halt","FlurryOfBlows+1"],"picked":"SKIP","floor":39.0},{"not_picked":["Halt","ThirdEye+1"],"picked":"BattleHymn+1","floor":41.0},{"not_picked":["SandsOfTime+1","FlurryOfBlows+1","Weave+1"],"picked":"SKIP","floor":44.0},{"not_picked":["CutThroughFate","FollowUp"],"picked":"PathToVictory+1","floor":46.0},{"not_picked":["ClearTheMind","EmptyBody","Judgement"],"picked":"SKIP","floor":47.0},{"not_picked":["CrushJoints+1","Swivel","ReachHeaven+1"],"picked":"SKIP","floor":48.0}],"player_experience":372374,"relics_obtained":[{"floor":9.0,"key":"StoneCalendar"},{"floor":10.0,"key":"Lizard Tail"},{"floor":11.0,"key":"Letter Opener"},{"floor":26.0,"key":"Boot"},{"floor":30.0,"key":"Lantern"},{"floor":43.0,"key":"Whetstone"}],"event_choices":[{"damage_healed":0.0,"max_hp_gain":0.0,"max_hp_loss":0.0,"gold_gain":100.0,"event_name":"Golden Shrine","player_choice":"Pray","floor":3.0,"gold_loss":0.0,"damage_taken":0.0},{"damage_healed":0.0,"max_hp_gain":0.0,"max_hp_loss":0.0,"gold_gain":0.0,"event_name":"Ghosts","player_choice":"Ignored","floor":19.0,"gold_loss":0.0,"damage_taken":0.0},{"damage_healed":0.0,"max_hp_gain":0.0,"max_hp_loss":0.0,"gold_gain":0.0,"event_name":"The Mausoleum","player_choice":"Opened","floor":21.0,"gold_loss":0.0,"damage_taken":0.0,"relics_obtained":["Shovel"]},{"cards_removed":["Shame"],"damage_healed":0.0,"max_hp_gain":0.0,"max_hp_loss":0.0,"gold_gain":0.0,"event_name":"Wheel of Change","player_choice":"Card Removal","floor":22.0,"gold_loss":0.0,"damage_taken":0.0},{"damage_healed":0.0,"max_hp_gain":0.0,"max_hp_loss":0.0,"gold_gain":99.0,"event_name":"Nest","player_choice":"Stole From Cult","floor":28.0,"gold_loss":0.0,"damage_taken":0.0},{"cards_removed":["SignatureMove"],"damage_healed":0.0,"max_hp_gain":0.0,"max_hp_loss":0.0,"gold_gain":0.0,"event_name":"Falling","player_choice":"Removed Attack","floor":36.0,"gold_loss":0.0,"damage_taken":0.0},{"damage_healed":0.0,"max_hp_gain":0.0,"max_hp_loss":0.0,"gold_gain":0.0,"event_name":"SensoryStone","player_choice":"Memory 1","floor":38.0,"gold_loss":0.0,"damage_taken":0.0},{"damage_healed":0.0,"max_hp_gain":0.0,"max_hp_loss":0.0,"gold_gain":0.0,"event_name":"Tomb of Lord Red Mask","player_choice":"Paid","floor":45.0,"gold_loss":101.0,"damage_taken":0.0,"relics_obtained":["Red Mask"]}],"is_beta":false,"boss_relics":[{"not_picked":["Ectoplasm","Fusion Hammer"],"picked":"Runic Pyramid"},{"not_picked":["Philosopher\u0027s Stone","Velvet Choker"],"picked":"Pandora\u0027s Box"}],"items_purged_floors":[8,24,31,37],"is_endless":false,"potions_floor_spawned":[1,7,10,12,14,25,27,29,30,39,41,44],"ascension_level":0}}