{"host":"mai03x2ekbjy4059","time":1613596094,"event":{"mods":["2.2 Compatiblity","BaseMod","Colored Map","DeckTracker","Keyboard Shortcuts","Minty Spire (QoL Compilation)","Permanent Neow","Quick Restart","SuperFastMode","everything is the same but u backflip on backflip"],"gold_per_floor":[117,117,42,42,61,92,92,123,123,136,136,180,198,241,241,370,370,395,395,395,416,440,471,471,502,502,502,526,542,578,592,592,718,718,739,759,262,262,285,316,316,351,375,387,27,95,95,158,158,158,158,158,90,124,124],"floor_reached":56,"language":"KOR","playtime":1959,"items_purged":["Shame","Writhe","Decay"],"score":1547,"play_id":"92f2dba2-c52e-41eb-926a-c256f7c0368b","local_time":"20210218060814","is_ascension_mode":true,"campfire_choices":[{"data":"Neutralize","floor":7.0,"key":"SMITH"},{"data":"Envenom","floor":11.0,"key":"SMITH"},{"data":"Poisoned Stab","floor":15.0,"key":"SMITH"},{"data":"Blade Dance","floor":24.0,"key":"SMITH"},{"data":"Cloak And Dagger","floor":32.0,"key":"SMITH"},{"data":"Accuracy","floor":41,"key":"SMITH"},{"data":"Adrenaline","floor":44,"key":"SMITH"},{"floor":49,"key":"RECALL"},{"data":"Sadistic Nature","floor":52,"key":"SMITH"}],"circlet_count":0,"master_deck":["Strike_G","Strike_G","Strike_G","Strike_G","Strike_G+1","Defend_G+1","Defend_G","Defend_G+1","Defend_G","Defend_G","Survivor","Neutralize+1","Blur","Blur","Masterful Stab","Envenom+1","Poisoned Stab+1","Blade Dance+1","Escape Plan+1","Backstab","Masterful Stab+1","Escape Plan","Blade Dance+1","Footwork","Cloak And Dagger+1","After Image","Accuracy+1","Adrenaline+1","Infinite Blades","Accuracy+1","Noxious Fumes","Blade Dance","Backflip+1","Good Instincts","Sadistic Nature+1","Bandage Up","Noxious Fumes","Accuracy","Blade Dance+1"],"relics":["Ring of the Snake","Thread and Needle","Golden Idol","Ice Cream","Mango","InkBottle","Bottled Flame","Coffee Dripper","Bottled Lightning","War Paint","Mummified Hand","Juzu Bracelet","Shovel","Cursed Key","Bronze Scales","Whetstone","Akabeko","MawBank","Vajra","CaptainsWheel","Torii","Centennial Puzzle"],"acts_visited":["Exordium","TheCity","TheBeyond","TheEnding"],"potions_floor_usage":[46,46,55,55],"damage_taken":[{"damage":0.0,"enemies":"Jaw Worm","floor":1.0,"turns":5.0},{"damage":0.0,"enemies":"Small Slimes","floor":5.0,"turns":5.0},{"damage":11.0,"enemies":"3 Sentries","floor":6.0,"turns":19.0},{"damage":14.0,"enemies":"Gremlin Nob","floor":8.0,"turns":5.0},{"damage":0.0,"enemies":"2 Louse","floor":10.0,"turns":2.0},{"damage":5.0,"enemies":"3 Sentries","floor":12.0,"turns":13.0},{"damage":0.0,"enemies":"Gremlin Gang","floor":13.0,"turns":6.0},{"damage":10.0,"enemies":"Gremlin Nob","floor":14.0,"turns":3.0},{"damage":3.0,"enemies":"Hexaghost","floor":16.0,"turns":11.0},{"damage":0.0,"enemies":"Chosen","floor":18.0,"turns":6.0},{"damage":0.0,"enemies":"Spheric Guardian","floor":21.0,"turns":4.0},{"damage":0.0,"enemies":"Chosen and Byrds","floor":22.0,"turns":6.0},{"damage":0.0,"enemies":"Book of Stabbing","floor":23.0,"turns":6.0},{"damage":0.0,"enemies":"Gremlin Leader","floor":25.0,"turns":7.0},{"damage":0.0,"enemies":"Snecko","floor":28.0,"turns":4.0},{"damage":0.0,"enemies":"Centurion and Healer","floor":29.0,"turns":5.0},{"damage":3.0,"enemies":"Slavers","floor":30.0,"turns":5.0},{"damage":0.0,"enemies":"Sentry and Sphere","floor":31.0,"turns":5.0},{"damage":32.0,"enemies":"Champ","floor":33.0,"turns":13.0},{"damage":0,"enemies":"3 Shapes","floor":35,"turns":6},{"damage":0,"enemies":"Orb Walker","floor":36,"turns":3},{"damage":22,"enemies":"Transient","floor":39,"turns":5},{"damage":0,"enemies":"Nemesis","floor":40,"turns":5},{"damage":0,"enemies":"Reptomancer","floor":42,"turns":6},{"damage":0,"enemies":"2 Orb Walkers","floor":46,"turns":3},{"damage":0,"enemies":"Mind Bloom Boss Battle","floor":48,"turns":4},{"damage":16,"enemies":"Awakened One","floor":50,"turns":8},{"damage":0,"enemies":"Shield and Spear","floor":54,"turns":4},{"damage":41,"enemies":"The Heart","floor":55,"turns":7}],"seed_played":"2794661160869926398","potions_obtained":[{"floor":1.0,"key":"GamblersBrew"},{"floor":6.0,"key":"GamblersBrew"},{"floor":8.0,"key":"Fire Potion"},{"floor":10.0,"key":"Fire Potion"},{"floor":18.0,"key":"SpeedPotion"},{"floor":21.0,"key":"SpeedPotion"},{"floor":23.0,"key":"AttackPotion"},{"floor":28.0,"key":"Fire Potion"},{"floor":29.0,"key":"AttackPotion"},{"floor":33.0,"key":"AttackPotion"},{"floor":40,"key":"Fire Potion"},{"floor":42,"key":"LiquidMemories"},{"floor":48,"key":"Fire Potion"}],"is_trial":false,"path_per_floor":["M","?","$","?","M","E","R","E","T","M","R","E","M","E","R","B",null,"M","?","?","M","M","E","R","E","T","?","M","M","E","M","R","B",null,"M","M","$","?","M","E","R","E","T","R","$","?","?","?","R","B",null,"R","$","E","B",null],"character_chosen":"THE_SILENT","items_purchased":["Adrenaline","Bronze Scales","Infinite Blades","Vajra","Noxious Fumes","Blade Dance","Accuracy"],"campfire_rested":0,"item_purchase_floors":[37,37,37,45,45,45,53],"current_hp_per_floor":[70,53,53,39,39,28,28,28,28,28,28,23,23,13,13,10,84,84,84,84,84,84,84,84,84,84,84,84,84,81,81,81,49,84,84,84,84,84,62,62,62,62,62,62,62,62,52,56,56,44,84,84,84,84,43],"gold":124,"neow_bonus":"ONE_RARE_RELIC","is_daily":false,"chose_seed":false,"campfire_upgraded":8,"win_rate":0.0,"timestamp":1613596094,"path_taken":["M","?","$","?","M","E","R","E","T","M","R","E","M","E","R","BOSS","M","?","?","?","?","E","R","E","T","?","M","M","E","M","R","BOSS","M","M","$","?","M","E","R","E","T","R","$","?","?","?","R","BOSS","R","$","E","BOSS"],"items_purchased_type":["Card","Relic","Card","Relic","Card","Card","Card"],"build_version":"2020-12-22","purchased_purges":3,"victory":true,"max_hp_per_floor":[70,70,70,70,70,70,70,84,84,84,84,84,84,84,84,84,84,84,84,84,84,84,84,84,84,84,84,84,84,84,84,84,84,84,84,84,84,84,84,84,84,84,84,84,84,84,84,84,84,84,84,84,84,84,84],"card_choices":[{"not_picked":["Dagger Throw","Prepared","Acrobatics"],"picked":"SKIP","floor":1.0},{"not_picked":["Setup","PiercingWail"],"picked":"Blur","floor":5.0},{"not_picked":["Masterful Stab","Poisoned Stab"],"picked":"Blur","floor":6.0},{"not_picked":["Outmaneuver","Terror"],"picked":"Masterful Stab","floor":8.0},{"not_picked":["Dodge and Roll","Blur"],"picked":"Envenom","floor":10.0},{"not_picked":["Bane","Poisoned Stab","Storm of Steel"],"picked":"SKIP","floor":12.0},{"not_picked":["Deadly Poison","Dagger Spray"],"picked":"Poisoned Stab","floor":13.0},{"not_picked":["Endless Agony","Dodge and Roll","Acrobatics"],"picked":"SKIP","floor":14.0},{"not_picked":["Underhanded Strike","Prepared"],"picked":"Blade Dance","floor":18.0},{"not_picked":["Poisoned Stab","Dagger Spray"],"picked":"Backstab","floor":21.0},{"not_picked":["Reflex","Skewer"],"picked":"Masterful Stab","floor":22.0},{"not_picked":["Concentrate","Bane"],"picked":"Escape Plan","floor":23.0},{"not_picked":["Flechettes+1","Infinite Blades"],"picked":"Blade Dance","floor":25.0},{"not_picked":["Caltrops+1","Heel Hook"],"picked":"Footwork","floor":28.0},{"not_picked":["Underhanded Strike+1","Distraction","Dagger Spray"],"picked":"SKIP","floor":29.0},{"not_picked":["Venomology","Die Die Die"],"picked":"Cloak And Dagger","floor":30.0},{"not_picked":["PiercingWail","Dodge and Roll","Reflex"],"picked":"SKIP","floor":31.0},{"not_picked":["Tools of the Trade","A Thousand Cuts"],"picked":"After Image","floor":33.0},{"not_picked":["Choke+1","PiercingWail+1","Deadly Poison"],"picked":"SKIP","floor":35},{"not_picked":["Dagger Throw","Reflex"],"picked":"Accuracy","floor":36},{"not_picked":["Setup","Skewer+1","Deadly Poison"],"picked":"SKIP","floor":39},{"not_picked":["Caltrops+1","Well Laid Plans+1"],"picked":"Accuracy+1","floor":40},{"not_picked":["Blade Dance","Bane+1","PiercingWail"],"picked":"SKIP","floor":42},{"not_picked":["Acrobatics+1","Outmaneuver+1"],"picked":"Backflip+1","floor":46},{"not_picked":["Secret Weapon","Trip"],"picked":"Good Instincts","floor":47},{"not_picked":["Panache","Jack Of All Trades"],"picked":"Sadistic Nature","floor":47},{"not_picked":["Forethought","Dramatic Entrance"],"picked":"Bandage Up","floor":47},{"not_picked":["Sucker Punch+1","Dagger Spray"],"picked":"Noxious Fumes","floor":48},{"not_picked":["Expertise+1","Dagger Throw"],"picked":"Blade Dance+1","floor":54}],"player_experience":1178497,"relics_obtained":[{"floor":6.0,"key":"Ice Cream"},{"floor":8.0,"key":"Mango"},{"floor":12.0,"key":"InkBottle"},{"floor":14.0,"key":"Bottled Flame"},{"floor":23.0,"key":"Bottled Lightning"},{"floor":25.0,"key":"War Paint"},{"floor":26.0,"key":"Mummified Hand"},{"floor":30.0,"key":"Shovel"},{"floor":40,"key":"Whetstone"},{"floor":42,"key":"Akabeko"},{"floor":43,"key":"MawBank"},{"floor":46,"key":"CaptainsWheel"},{"floor":48,"key":"Torii"},{"floor":54,"key":"Centennial Puzzle"}],"event_choices":[{"damage_healed":0.0,"max_hp_gain":0.0,"max_hp_loss":0.0,"gold_gain":0.0,"event_name":"Golden Idol","player_choice":"Take Damage","floor":2.0,"gold_loss":0.0,"damage_taken":17.0,"relics_obtained":["Golden Idol"]},{"damage_healed":0.0,"max_hp_gain":0.0,"max_hp_loss":0.0,"gold_gain":0.0,"event_name":"Shining Light","player_choice":"Entered Light","floor":4.0,"gold_loss":0.0,"damage_taken":14.0,"cards_upgraded":["Defend_G","Defend_G"]},{"damage_healed":0.0,"max_hp_gain":0.0,"max_hp_loss":0.0,"gold_gain":0.0,"event_name":"The Library","player_choice":"Read","floor":19.0,"gold_loss":0.0,"damage_taken":0.0,"cards_obtained":["Escape Plan"]},{"damage_healed":0.0,"max_hp_gain":0.0,"max_hp_loss":0.0,"gold_gain":0.0,"event_name":"N\u0027loth","player_choice":"Ignored","floor":20.0,"gold_loss":0.0,"damage_taken":0.0},{"damage_healed":0.0,"max_hp_gain":0.0,"max_hp_loss":0.0,"gold_gain":0.0,"event_name":"The Mausoleum","player_choice":"Opened","floor":27.0,"gold_loss":0.0,"damage_taken":0.0,"relics_obtained":["Juzu Bracelet"],"cards_obtained":["Writhe"]},{"damage_healed":0,"gold_gain":0,"player_choice":"Ignored","damage_taken":0,"max_hp_gain":0,"max_hp_loss":0,"event_name":"Tomb of Lord Red Mask","floor":38,"gold_loss":0},{"damage_healed":0,"gold_gain":0,"player_choice":"Fight","damage_taken":0,"max_hp_gain":0,"max_hp_loss":0,"event_name":"Mysterious Sphere","floor":46,"gold_loss":0},{"damage_healed":0,"gold_gain":0,"player_choice":"Memory 3","damage_taken":10,"max_hp_gain":0,"max_hp_loss":0,"event_name":"SensoryStone","floor":47,"gold_loss":0},{"damage_healed":0,"gold_gain":0,"player_choice":"Fight","damage_taken":0,"max_hp_gain":0,"max_hp_loss":0,"event_name":"MindBloom","floor":48,"gold_loss":0}],"is_beta":false,"boss_relics":[{"not_picked":["Velvet Choker","SacredBark"],"picked":"Coffee Dripper"},{"not_picked":["Pandora\u0027s Box","Runic Pyramid"],"picked":"Cursed Key"}],"items_purged_floors":[3,37,45],"is_endless":false,"potions_floor_spawned":[1,6,8,10,18,21,23,28,29,33,40,42,48],"ascension_level":1}}