{"host":"9d9dhukr2jywmy0f","time":1613529086,"event":{"mods":["2.2 Compatiblity","Alarm Clock","BaseMod","Bestiary","Block Reminder","Colored Map","Colored Powertips","Curses Come First","DeckTracker","Highlight Path","Key Reminder","Minty Spire (QoL Compilation)","Quick Restart","Rare Cards Sparkle","Relic Sorter","Relic Stats","Reliquary","StSLib","SuperFastMode","Synergy Search","Unceasing Turn Reminder","Unknown Chances"],"gold_per_floor":[116,116,116,131,19,54,54,54,54,54,82,99,155,196,196,280,280,301,226,242,261,261,261,300,300,349,349,388,124,142,153,153,239,293,304,327,124,151,1,1,36,36,36,36,36,61,90,112,112,112,112,112,112,58,88,88],"floor_reached":57,"language":"ZHS","playtime":5511,"items_purged":["Defend_P","Prostrate","FlurryOfBlows","Crescendo"],"score":2778,"play_id":"b22700d1-3ef2-465c-8984-d1f228262cdb","local_time":"20210217103125","is_ascension_mode":true,"campfire_choices":[{"data":"Eruption","floor":7.0,"key":"SMITH"},{"data":"InnerPeace","floor":10.0,"key":"SMITH"},{"data":"SignatureMove","floor":15.0,"key":"SMITH"},{"data":"MentalFortress","floor":23.0,"key":"SMITH"},{"data":"InnerPeace","floor":25.0,"key":"SMITH"},{"floor":27.0,"key":"RECALL"},{"data":"MentalFortress","floor":32.0,"key":"SMITH"},{"data":"Wallop","floor":40.0,"key":"SMITH"},{"data":"EmptyMind","floor":45.0,"key":"SMITH"},{"data":"InnerPeace","floor":49.0,"key":"SMITH"},{"data":"Tantrum","floor":53.0,"key":"SMITH"}],"circlet_count":0,"master_deck":["AscendersBane","Eruption+1","Vigilance+1","InnerPeace+1","SignatureMove+1","Collect+1","DevaForm+1","Blasphemy+1","MentalFortress+1","InnerPeace+1","MentalFortress+1","LessonLearned+1","DeusExMachina+1","EmptyMind+1","CarveReality","Worship+1","Wallop+1","Meditate+1","Tantrum+1","Indignation","InnerPeace+1"],"relics":["reliquary:RedCape","Bird Faced Urn","Ancient Tea Set","Lizard Tail","reliquary:IvoryTrinket","CeramicFish","reliquary:PurpleTingedLeaf","Snecko Eye","PreservedInsect","Oddly Smooth Stone","Pantograph","Lantern","Pandora\u0027s Box","Omamori","reliquary:JackalopeAntler","StoneCalendar","Singing Bowl","StrikeDummy"],"acts_visited":["Exordium","TheCity","TheBeyond","TheEnding"],"potions_floor_usage":[56,56],"damage_taken":[{"damage":3.0,"enemies":"Cultist","floor":1.0,"turns":5.0},{"damage":0.0,"enemies":"Jaw Worm","floor":4.0,"turns":3.0},{"damage":3.0,"enemies":"Gremlin Nob","floor":6.0,"turns":3.0},{"damage":35.0,"enemies":"Lagavulin","floor":11.0,"turns":6.0},{"damage":7.0,"enemies":"2 Louse","floor":12.0,"turns":3.0},{"damage":36.0,"enemies":"3 Sentries","floor":13.0,"turns":4.0},{"damage":0.0,"enemies":"Gremlin Nob","floor":14.0,"turns":2.0},{"damage":13.0,"enemies":"Hexaghost","floor":16.0,"turns":5.0},{"damage":17.0,"enemies":"Shell Parasite","floor":18.0,"turns":2.0},{"damage":0.0,"enemies":"Chosen","floor":20.0,"turns":2.0},{"damage":4.0,"enemies":"3 Cultists","floor":21.0,"turns":4.0},{"damage":18.0,"enemies":"Book of Stabbing","floor":24.0,"turns":4.0},{"damage":0.0,"enemies":"Gremlin Leader","floor":28.0,"turns":1.0},{"damage":0.0,"enemies":"Sentry and Sphere","floor":30.0,"turns":4.0},{"damage":0.0,"enemies":"Snecko","floor":31.0,"turns":2.0},{"damage":14.0,"enemies":"Automaton","floor":33.0,"turns":7.0},{"damage":17.0,"enemies":"Orb Walker","floor":35.0,"turns":4.0},{"damage":13.0,"enemies":"3 Shapes","floor":36.0,"turns":4.0},{"damage":0.0,"enemies":"Maw","floor":38.0,"turns":5.0},{"damage":7.0,"enemies":"Nemesis","floor":41.0,"turns":3.0},{"damage":3.0,"enemies":"Mind Bloom Boss Battle","floor":46.0,"turns":4.0},{"damage":1.0,"enemies":"Giant Head","floor":47.0,"turns":4.0},{"damage":23.0,"enemies":"Writhing Mass","floor":48.0,"turns":5.0},{"damage":6.0,"enemies":"Time Eater","floor":50.0,"turns":8.0},{"damage":36.0,"enemies":"Donu and Deca","floor":51.0,"turns":8.0},{"damage":17.0,"enemies":"Shield and Spear","floor":55.0,"turns":4.0},{"damage":44,"enemies":"The Heart","floor":56,"turns":7}],"seed_played":"6385160641825498722","potions_obtained":[{"floor":4.0,"key":"Weak Potion"},{"floor":11.0,"key":"StancePotion"},{"floor":13.0,"key":"GamblersBrew"},{"floor":16.0,"key":"Energy Potion"},{"floor":21.0,"key":"SkillPotion"},{"floor":30.0,"key":"GamblersBrew"},{"floor":31.0,"key":"BottledMiracle"},{"floor":33.0,"key":"LiquidMemories"}],"is_trial":false,"path_per_floor":["M","?","?","M","$","E","R","?","T","R","E","M","?","E","R","B",null,"M","?","M","M","?","R","E","R","T","R","E","$","M","M","R","B",null,"M","M","$","M","$","R","E","?","T","$","R","?","E","M","R","B","B",null,"R","$","E","B",null],"character_chosen":"WATCHER","items_purchased":["InnerPeace","Lantern","Tantrum","PowerPotion"],"campfire_rested":0,"item_purchase_floors":[5,29,37,54],"current_hp_per_floor":[58,47,47,47,47,44,44,44,44,44,9,2,14,14,14,5,52,37,37,40,41,41,41,29,29,29,29,31,31,36,41,41,59,66,54,48,48,56,56,56,55,68,68,68,68,66,70,54,54,66,41,63,63,63,56,42],"gold":88,"neow_bonus":"BOSS_RELIC","is_daily":false,"chose_seed":false,"campfire_upgraded":10,"win_rate":0.0,"timestamp":1613529085,"path_taken":["M","?","?","?","?","E","R","?","T","R","E","?","?","E","R","BOSS","M","?","M","M","?","R","E","R","T","R","E","$","M","M","R","BOSS","M","M","$","M","$","R","E","?","T","$","R","?","E","M","R","BOSS","BOSS","R","$","E","BOSS"],"items_purchased_type":["Card","Relic","Card","Potion"],"build_version":"2020-12-22","purchased_purges":4,"victory":true,"max_hp_per_floor":[68,68,68,68,68,68,68,68,68,68,68,68,68,68,68,68,68,68,68,68,68,68,68,68,68,68,68,68,68,68,68,68,68,68,68,68,68,68,68,68,68,68,68,68,68,68,70,70,70,70,70,70,70,70,72,72],"relic_stats":{"Lizard Tail":34,"Singing Bowl":4,"counters":[27,113],"Bird Faced Urn":[70],"CeramicFish":144,"Pantograph":61,"Snecko Eye":[173,149,155,169],"Pandora\u0027s Box":["DeusExMachina","EmptyMind","FlurryOfBlows","CarveReality","Worship","Wallop"],"StoneCalendar":[104],"PreservedInsect":304,"obtain_stats":[{"reliquary:IvoryTrinket":11,"Lantern":29,"Singing Bowl":47,"CeramicFish":13,"Oddly Smooth Stone":26,"StoneCalendar":46,"PreservedInsect":24,"Omamori":41,"reliquary:RedCape":0,"Ancient Tea Set":3,"keyreminder:keyreminder":9,"reliquary:JackalopeAntler":43,"Lizard Tail":6,"Bird Faced Urn":2,"Pantograph":28,"Snecko Eye":17,"Pandora\u0027s Box":34,"PureWater":0,"StrikeDummy":55,"reliquary:PurpleTingedLeaf":14},{"reliquary:IvoryTrinket":4,"Lantern":13,"Singing Bowl":22,"CeramicFish":6,"Oddly Smooth Stone":12,"StoneCalendar":21,"PreservedInsect":12,"Omamori":20,"reliquary:RedCape":0,"Ancient Tea Set":1,"keyreminder:keyreminder":3,"reliquary:JackalopeAntler":20,"Lizard Tail":3,"Bird Faced Urn":1,"Pantograph":13,"Snecko Eye":8,"Pandora\u0027s Box":16,"PureWater":0,"StrikeDummy":26,"reliquary:PurpleTingedLeaf":7},{"reliquary:IvoryTrinket":17,"Lantern":44,"Singing Bowl":81,"CeramicFish":24,"Oddly Smooth Stone":43,"StoneCalendar":77,"PreservedInsect":43,"Omamori":73,"reliquary:RedCape":0,"Ancient Tea Set":5,"keyreminder:keyreminder":11,"reliquary:JackalopeAntler":73,"Lizard Tail":11,"Bird Faced Urn":5,"Pantograph":44,"Snecko Eye":31,"Pandora\u0027s Box":57,"PureWater":0,"StrikeDummy":106,"reliquary:PurpleTingedLeaf":26}]},"card_choices":[{"not_picked":["EmptyFist","Vengeance"],"picked":"FlurryOfBlows","floor":1.0},{"not_picked":["Study","Worship"],"picked":"Prostrate","floor":4.0},{"not_picked":["FollowUp","Swivel"],"picked":"Crescendo","floor":6.0},{"not_picked":["ThirdEye","CarveReality"],"picked":"SignatureMove","floor":11.0},{"not_picked":["CarveReality","SashWhip"],"picked":"Collect","floor":12.0},{"not_picked":["ThirdEye","Consecrate"],"picked":"DevaForm","floor":14.0},{"not_picked":["Alpha","Devotion"],"picked":"Blasphemy","floor":16.0},{"not_picked":["CrushJoints","Protect"],"picked":"MentalFortress","floor":18.0},{"not_picked":["Evaluate","JustLucky","Consecrate"],"picked":"SKIP","floor":20.0},{"not_picked":["FollowUp","Alpha","Vengeance"],"picked":"SKIP","floor":21.0},{"not_picked":["Prostrate","DeceiveReality"],"picked":"InnerPeace","floor":24.0},{"not_picked":["FlurryOfBlows","Halt"],"picked":"MentalFortress","floor":28.0},{"not_picked":["Nirvana","Collect","Study"],"picked":"SKIP","floor":30.0},{"not_picked":["Halt+1","Meditate","Swivel"],"picked":"SKIP","floor":31.0},{"not_picked":["ConjureBlade","Wish"],"picked":"LessonLearned","floor":33.0},{"not_picked":["FlurryOfBlows","Consecrate+1","FollowUp"],"picked":"SKIP","floor":35.0},{"not_picked":["CutThroughFate+1","FlyingSleeves"],"picked":"Meditate+1","floor":36.0},{"not_picked":["Study+1","ThirdEye"],"picked":"Indignation","floor":38.0},{"not_picked":["Indignation","BowlingBash","Conclude"],"picked":"SKIP","floor":41.0},{"not_picked":["WaveOfTheHand+1","Consecrate","LessonLearned"],"picked":"Singing Bowl","floor":47.0},{"not_picked":["CutThroughFate","CrushJoints"],"picked":"InnerPeace","floor":48.0},{"not_picked":["FlurryOfBlows","Evaluate","BowlingBash"],"picked":"Singing Bowl","floor":55.0}],"player_experience":896539,"relics_obtained":[{"floor":6.0,"key":"Lizard Tail"},{"floor":11.0,"key":"reliquary:IvoryTrinket"},{"floor":13.0,"key":"CeramicFish"},{"floor":14.0,"key":"reliquary:PurpleTingedLeaf"},{"floor":24.0,"key":"PreservedInsect"},{"floor":26.0,"key":"Oddly Smooth Stone"},{"floor":28.0,"key":"Pantograph"},{"floor":41.0,"key":"Omamori"},{"floor":43.0,"key":"reliquary:JackalopeAntler"},{"floor":46.0,"key":"StoneCalendar"},{"floor":47.0,"key":"Singing Bowl"},{"floor":55.0,"key":"StrikeDummy"}],"event_choices":[{"damage_healed":0.0,"max_hp_gain":0.0,"max_hp_loss":0.0,"gold_gain":0.0,"event_name":"Scrap Ooze","player_choice":"Success","floor":2.0,"gold_loss":0.0,"damage_taken":11.0,"relics_obtained":["Bird Faced Urn"]},{"cards_removed":["FlurryOfBlows"],"damage_healed":0.0,"max_hp_gain":0.0,"max_hp_loss":0.0,"gold_gain":0.0,"event_name":"WeMeetAgain","player_choice":"Gave Card","floor":3.0,"gold_loss":0.0,"damage_taken":0.0,"relics_obtained":["Ancient Tea Set"]},{"damage_healed":0.0,"max_hp_gain":0.0,"max_hp_loss":0.0,"gold_gain":0.0,"event_name":"The Cleric","player_choice":"Leave","floor":8.0,"gold_loss":0.0,"damage_taken":0.0},{"damage_healed":0.0,"max_hp_gain":0.0,"max_hp_loss":0.0,"gold_gain":0.0,"event_name":"Dead Adventurer","player_choice":"Searched \u00271\u0027 times","floor":13.0,"gold_loss":0.0,"damage_taken":0.0},{"cards_removed":["Strike_P"],"damage_healed":0.0,"max_hp_gain":0.0,"max_hp_loss":0.0,"gold_gain":0.0,"event_name":"Beggar","player_choice":"Gave Gold","floor":19.0,"gold_loss":75.0,"damage_taken":0.0},{"damage_healed":0.0,"max_hp_gain":0.0,"max_hp_loss":0.0,"gold_gain":0.0,"event_name":"The Mausoleum","player_choice":"Ignored","floor":22.0,"gold_loss":0.0,"damage_taken":0.0},{"damage_healed":14.0,"max_hp_gain":0.0,"max_hp_loss":0.0,"gold_gain":0.0,"event_name":"Winding Halls","player_choice":"Writhe","floor":42.0,"gold_loss":0.0,"damage_taken":0.0,"cards_obtained":["Writhe"]},{"damage_healed":0.0,"max_hp_gain":0.0,"max_hp_loss":0.0,"gold_gain":0.0,"event_name":"MindBloom","player_choice":"Fight","floor":46.0,"gold_loss":0.0,"damage_taken":0.0}],"is_beta":false,"boss_relics":[{"not_picked":["SlaversCollar","reliquary:Solitaire"],"picked":"Snecko Eye"},{"not_picked":["reliquary:RustamsPendant","reliquary:RedPaperclip"],"picked":"Pandora\u0027s Box"}],"items_purged_floors":[5,29,37,39],"is_endless":false,"potions_floor_spawned":[4,11,13,16,21,30,31,33,35,36,47],"ascension_level":20}}