{"host":"ul3z8ex5o8l5j7mh","time":1613577323,"event":{"mods":["AchievementEnabler","BaseMod","Bestiary","Colored Map","Colored Powertips","DeckTracker","Keyboard Shortcuts","Minty Spire (QoL Compilation)","Relic Sorter","Relic Stats","SuperFastMode"],"gold_per_floor":[116,116,46,61,73,100,100,126,176,192,157,157,157,167,167,267,267,278,296,25,25,25,44,44,44,44],"floor_reached":25,"language":"ENG","playtime":846,"items_purged":["Decay"],"score":326,"play_id":"88736444-01fb-4604-9a77-dbb336d78deb","local_time":"20210217165523","is_ascension_mode":true,"campfire_choices":[{"data":"Combust","floor":7.0,"key":"SMITH"},{"data":"Searing Blow","floor":13.0,"key":"SMITH"},{"floor":15.0,"key":"REST"},{"floor":24,"key":"REST"}],"circlet_count":0,"master_deck":["Strike_R","Strike_R","Strike_R","Strike_R","Strike_R","Defend_R","Defend_R","Defend_R","Defend_R","Bash","Cleave","Combust+1","Flame Barrier","Sword Boomerang","Anger","Ghostly Armor","Searing Blow+1","Dropkick","Fiend Fire","Rampage","Shrug It Off","Shame","RitualDagger","Metallicize"],"relics":["Velvet Choker","GremlinMask","Bottled Tornado","Pen Nib","Nunchaku","SacredBark","Strange Spoon","Smiling Mask"],"acts_visited":["Exordium","TheCity"],"potions_floor_usage":[19,23,23,23],"damage_taken":[{"damage":0.0,"enemies":"Cultist","floor":1.0,"turns":2.0},{"damage":9.0,"enemies":"Jaw Worm","floor":4.0,"turns":2.0},{"damage":0.0,"enemies":"Small Slimes","floor":5.0,"turns":3.0},{"damage":20.0,"enemies":"3 Sentries","floor":6.0,"turns":5.0},{"damage":16.0,"enemies":"Gremlin Nob","floor":8.0,"turns":3.0},{"damage":14.0,"enemies":"Exordium Thugs","floor":10.0,"turns":3.0},{"damage":3.0,"enemies":"3 Louse","floor":14.0,"turns":2.0},{"damage":6.0,"enemies":"Slime Boss","floor":16.0,"turns":7.0},{"damage":11.0,"enemies":"Chosen","floor":18.0,"turns":4.0},{"damage":22,"enemies":"2 Thieves","floor":19,"turns":3},{"damage":29,"enemies":"Snecko","floor":23,"turns":4},{"damage":30,"enemies":"Snake Plant","floor":25,"turns":2}],"seed_played":"3576645640467865481","potions_obtained":[{"floor":10.0,"key":"GamblersBrew"},{"floor":14.0,"key":"SteroidPotion"},{"floor":19,"key":"LiquidBronze"}],"is_trial":false,"path_per_floor":["M","?","$","M","M","E","R","E","T","M","?","?","R","M","R","B",null,"M","M","$","?","?","M","R","M"],"character_chosen":"IRONCLAD","items_purchased":["Combust","Strange Spoon","Energy Potion"],"campfire_rested":2,"item_purchase_floors":[3,20,20],"current_hp_per_floor":[80,80,80,71,71,51,51,35,35,21,41,41,41,38,62,56,74,63,41,41,41,35,6,30,0,0],"gold":44,"neow_bonus":"BOSS_RELIC","is_daily":false,"chose_seed":false,"campfire_upgraded":2,"win_rate":0.0,"timestamp":1613577323,"path_taken":["M","?","$","M","?","E","R","E","T","M","?","?","R","M","R","BOSS","M","M","$","?","?","M","R","M"],"items_purchased_type":["Card","Relic","Potion"],"build_version":"2020-12-22","purchased_purges":1,"victory":false,"max_hp_per_floor":[80,80,80,80,80,80,80,80,80,80,80,80,80,80,80,80,80,80,80,80,80,80,80,80,80,80],"relic_stats":{"Strange Spoon":[0],"Nunchaku":[5],"counters":[12,40],"Pen Nib":[5],"Smiling Mask":0,"obtain_stats":[{"Strange Spoon":20,"Nunchaku":9,"SacredBark":17,"Velvet Choker":0,"GremlinMask":2,"Pen Nib":8,"Bottled Tornado":6,"Smiling Mask":21,"Burning Blood":0},{"Strange Spoon":10,"Nunchaku":5,"SacredBark":8,"Velvet Choker":0,"GremlinMask":1,"Pen Nib":5,"Bottled Tornado":4,"Smiling Mask":10,"Burning Blood":0},{"Strange Spoon":34,"Nunchaku":15,"SacredBark":27,"Velvet Choker":0,"GremlinMask":2,"Pen Nib":15,"Bottled Tornado":12,"Smiling Mask":34,"Burning Blood":0}]},"card_choices":[{"not_picked":["Perfected Strike","Wild Strike"],"picked":"Cleave","floor":1.0},{"not_picked":["Intimidate","Dropkick"],"picked":"Flame Barrier","floor":4.0},{"not_picked":["True Grit","Reckless Charge"],"picked":"Sword Boomerang","floor":5.0},{"not_picked":["Body Slam","Iron Wave"],"picked":"Anger","floor":6.0},{"not_picked":["Wild Strike","Flex"],"picked":"Ghostly Armor","floor":8.0},{"not_picked":["Cleave","Exhume"],"picked":"Searing Blow","floor":10.0},{"not_picked":["Perfected Strike","Disarm"],"picked":"Dropkick","floor":14.0},{"not_picked":["Double Tap","Impervious"],"picked":"Fiend Fire","floor":16.0},{"not_picked":["Reckless Charge","Havoc"],"picked":"Rampage","floor":18.0},{"not_picked":["Burning Pact","Infernal Blade"],"picked":"Shrug It Off","floor":19},{"not_picked":["Wild Strike","Warcry"],"picked":"Metallicize","floor":23}],"player_experience":391066,"relics_obtained":[{"floor":6.0,"key":"Bottled Tornado"},{"floor":8.0,"key":"Pen Nib"},{"floor":9.0,"key":"Nunchaku"}],"event_choices":[{"damage_healed":0.0,"max_hp_gain":0.0,"max_hp_loss":0.0,"gold_gain":0.0,"event_name":"FaceTrader","player_choice":"Trade","floor":2.0,"gold_loss":0.0,"damage_taken":0.0,"relics_obtained":["GremlinMask"]},{"damage_healed":20.0,"max_hp_gain":0.0,"max_hp_loss":0.0,"gold_gain":0.0,"event_name":"The Cleric","player_choice":"Healed","floor":11.0,"gold_loss":35.0,"damage_taken":0.0},{"damage_healed":0.0,"max_hp_gain":0.0,"max_hp_loss":0.0,"gold_gain":0.0,"event_name":"Wheel of Change","player_choice":"Cursed","floor":12.0,"gold_loss":0.0,"damage_taken":0.0,"cards_obtained":["Decay"]},{"damage_healed":0,"gold_gain":0,"player_choice":"Stole Relic","damage_taken":0,"relics_obtained":["Smiling Mask"],"max_hp_gain":0,"max_hp_loss":0,"event_name":"Addict","floor":21,"gold_loss":0,"cards_obtained":["Shame"]},{"damage_healed":0,"gold_gain":0,"player_choice":"Joined the Cult","damage_taken":6,"max_hp_gain":0,"max_hp_loss":0,"event_name":"Nest","floor":22,"gold_loss":0,"cards_obtained":["RitualDagger"]}],"is_beta":false,"boss_relics":[{"not_picked":["Black Star","Coffee Dripper"],"picked":"SacredBark"}],"items_purged_floors":[20],"is_endless":false,"potions_floor_spawned":[10,14,19],"killed_by":"Snake Plant","ascension_level":5}}