{"host":"p9xedk00duaz8l9n","time":1613576491,"event":{"mods":["BaseMod","Minty Spire (QoL Compilation)"],"gold_per_floor":[118,134,152,152,166,166,200,200,200,125,142,152,152,171,171,249,249,261,279,294,76,76,76,76,76],"floor_reached":24,"language":"JPN","playtime":789,"items_purged":["Strike_R","Strike_R"],"score":400,"play_id":"429f3331-66fa-444f-b534-0b41a2d83754","local_time":"20210218004131","is_ascension_mode":true,"campfire_choices":[{"data":"Bash","floor":6,"key":"SMITH"},{"data":"Whirlwind","floor":8,"key":"SMITH"},{"data":"Disarm","floor":15,"key":"SMITH"},{"data":"Double Tap","floor":23,"key":"SMITH"}],"circlet_count":0,"master_deck":["AscendersBane","Strike_R","Strike_R","Strike_R","Defend_R","Defend_R","Defend_R","Bash+1","Whirlwind+1","Anger","Bloodletting","Reckless Charge","Immolate","Carnage","Feel No Pain","Disarm+1","Double Tap+1","True Grit","Dual Wield","Inflame","Flame Barrier","RitualDagger"],"relics":["Burning Blood","Centennial Puzzle","Lantern","Cursed Key"],"acts_visited":["Exordium","TheCity"],"potions_floor_usage":[7,16,20],"damage_taken":[{"damage":8,"enemies":"Small Slimes","floor":1,"turns":5},{"damage":6,"enemies":"Cultist","floor":2,"turns":3},{"damage":3,"enemies":"2 Louse","floor":3,"turns":2},{"damage":16,"enemies":"Blue Slaver","floor":5,"turns":3},{"damage":21,"enemies":"3 Sentries","floor":7,"turns":4},{"damage":0,"enemies":"Large Slime","floor":11,"turns":4},{"damage":4,"enemies":"Red Slaver","floor":12,"turns":2},{"damage":3,"enemies":"Exordium Thugs","floor":14,"turns":3},{"damage":20,"enemies":"The Guardian","floor":16,"turns":12},{"damage":4,"enemies":"Chosen","floor":18,"turns":3},{"damage":6,"enemies":"3 Byrds","floor":19,"turns":4},{"damage":42,"enemies":"Sentry and Sphere","floor":20,"turns":6},{"damage":46,"enemies":"Book of Stabbing","floor":24,"turns":4}],"seed_played":"-5000437856128564899","potions_obtained":[{"floor":1,"key":"Dexterity Potion"},{"floor":2,"key":"SpeedPotion"},{"floor":3,"key":"AttackPotion"},{"floor":7,"key":"ColorlessPotion"},{"floor":19,"key":"Regen Potion"},{"floor":20,"key":"ElixirPotion"}],"is_trial":false,"path_per_floor":["M","M","M","?","M","R","E","R","T","$","M","M","?","M","R","B",null,"M","M","M","$","?","R","E"],"character_chosen":"IRONCLAD","items_purchased":["Inflame","Flame Barrier"],"campfire_rested":0,"item_purchase_floors":[21,21],"current_hp_per_floor":[73,73,76,76,66,66,51,51,51,51,57,59,59,62,62,48,74,76,76,52,52,46,46,0,0],"gold":76,"neow_bonus":"TEN_PERCENT_HP_BONUS","is_daily":false,"chose_seed":false,"campfire_upgraded":4,"win_rate":0.0,"timestamp":1613576491,"path_taken":["M","M","M","?","M","R","E","R","T","$","?","?","?","M","R","BOSS","M","M","M","$","?","R","E"],"items_purchased_type":["Card","Card"],"build_version":"2020-12-22","purchased_purges":2,"victory":false,"max_hp_per_floor":[82,82,82,82,82,82,82,82,82,82,82,82,82,82,82,82,82,82,82,82,82,82,82,82,82],"card_choices":[{"not_picked":["Evolve","Sever Soul"],"picked":"Whirlwind","floor":1},{"not_picked":["Armaments","Shrug It Off"],"picked":"Anger","floor":2},{"not_picked":["Thunderclap","Perfected Strike"],"picked":"Bloodletting","floor":3},{"not_picked":["Hemokinesis","Flex"],"picked":"Reckless Charge","floor":5},{"not_picked":["Flex","Carnage"],"picked":"Immolate","floor":7},{"not_picked":["Perfected Strike","Thunderclap"],"picked":"Carnage","floor":11},{"not_picked":["Thunderclap","Carnage"],"picked":"Feel No Pain","floor":12},{"not_picked":["Wild Strike","Feel No Pain"],"picked":"Disarm","floor":14},{"not_picked":["Corruption","Barricade"],"picked":"Double Tap","floor":16},{"not_picked":["Pommel Strike","Wild Strike"],"picked":"True Grit","floor":18},{"not_picked":["Anger","Perfected Strike"],"picked":"Dual Wield","floor":19},{"not_picked":["Cleave","Warcry","Sword Boomerang"],"picked":"SKIP","floor":20}],"player_experience":812309,"relics_obtained":[{"floor":7,"key":"Centennial Puzzle"},{"floor":9,"key":"Lantern"}],"event_choices":[{"cards_removed":["Defend_R"],"damage_healed":0,"gold_gain":0,"player_choice":"Purged","damage_taken":0,"max_hp_gain":0,"max_hp_loss":0,"event_name":"Purifier","floor":4,"gold_loss":0},{"damage_healed":0,"gold_gain":0,"player_choice":"Ignored","damage_taken":0,"max_hp_gain":0,"max_hp_loss":0,"event_name":"Liars Game","floor":13,"gold_loss":0},{"damage_healed":0,"gold_gain":0,"player_choice":"Joined the Cult","damage_taken":6,"max_hp_gain":0,"max_hp_loss":0,"event_name":"Nest","floor":22,"gold_loss":0,"cards_obtained":["RitualDagger"]}],"is_beta":false,"boss_relics":[{"not_picked":["Busted Crown","Astrolabe"],"picked":"Cursed Key"}],"items_purged_floors":[10,21],"is_endless":false,"potions_floor_spawned":[1,2,3,7,19,20],"killed_by":"Book of Stabbing","ascension_level":20}}