{"host":"ymmeoa1x24ihslbm","time":1613561917,"event":{"mods":["AchievementEnabler","BaseMod","Colored Map","Colored Powertips","Defuse TimeMaze Blight","Highlight Path","Marisa????????","Minty Spire (QoL Compilation)","Permanent Neow","Quick Restart","StSLib","Unceasing Turn Reminder"],"gold_per_floor":[116,116,66,85,101,101,121,146,146,161,235,235,273,273,273,389,389,399,439,469,469],"floor_reached":20,"language":"ENG","playtime":1367,"items_purged":[],"score":176,"play_id":"ad0e03d6-071d-4ab3-b2f8-b1dc481ff4cc","local_time":"20210217123837","is_ascension_mode":false,"campfire_choices":[{"data":"MilkyWay","floor":6,"key":"SMITH"},{"data":"DoubleSpark","floor":12,"key":"SMITH"},{"data":"Robbery","floor":15,"key":"SMITH"}],"circlet_count":0,"master_deck":["Strike_MRS","Strike_MRS","Strike_MRS","Strike_MRS","Defend_MRS","Defend_MRS","MasterSpark+1","UpSweep","DoubleSpark+1","Parasite","Parasite","MilkyWay+1","StarBarrage","GravityBeat","TreasureHunter","Robbery+1","SporeBomb","AsteroidBelt","Acceleration"],"relics":["MiniHakkero","ShroomBag","Singing Bowl","Boot","The Courier","Omamori","Shovel","SacredBark"],"acts_visited":["Exordium","TheCity"],"potions_floor_usage":[11],"damage_taken":[{"damage":6,"enemies":"Jaw Worm","floor":1,"turns":3},{"damage":7,"enemies":"2 Louse","floor":4,"turns":2},{"damage":0,"enemies":"Cultist","floor":5,"turns":2},{"damage":8,"enemies":"3 Louse","floor":7,"turns":3},{"damage":16,"enemies":"3 Sentries","floor":8,"turns":7},{"damage":5,"enemies":"Looter","floor":10,"turns":2},{"damage":14,"enemies":"Gremlin Nob","floor":11,"turns":3},{"damage":13,"enemies":"Exordium Thugs","floor":13,"turns":3},{"damage":21,"enemies":"Slime Boss","floor":16,"turns":10},{"damage":13,"enemies":"Spheric Guardian","floor":18,"turns":5},{"damage":45,"enemies":"2 Thieves","floor":19,"turns":5},{"damage":32,"enemies":"Snake Plant","floor":20,"turns":2}],"seed_played":"3502064208918675164","potions_obtained":[{"floor":5,"key":"StarNLove"},{"floor":13,"key":"SmokeBomb"},{"floor":16,"key":"Regen Potion"}],"is_trial":false,"path_per_floor":["M","?","?","M","M","R","M","E","T","M","?","R","M","?","R","B",null,"M","M","M"],"character_chosen":"MARISA","items_purchased":[],"campfire_rested":0,"item_purchase_floors":[],"current_hp_per_floor":[69,62,62,59,61,61,57,45,45,42,32,32,23,23,23,8,77,66,27,0,0],"gold":469,"neow_bonus":"UPGRADE_CARD","is_daily":false,"chose_seed":false,"campfire_upgraded":3,"win_rate":0.0,"timestamp":1613561917,"path_taken":["M","?","?","?","M","R","M","E","T","M","?","R","M","?","R","BOSS","M","M","M"],"items_purchased_type":[],"build_version":"2020-12-22","purchased_purges":0,"victory":false,"max_hp_per_floor":[75,75,75,75,75,75,75,75,75,75,75,75,75,75,75,77,77,77,79,79,79],"card_choices":[{"not_picked":["GasGiant","DragonMeteor"],"picked":"DoubleSpark","floor":1},{"not_picked":["6A","LuminesStrike"],"picked":"MilkyWay","floor":4},{"not_picked":["IllusionStar","NonDirectionalLaser"],"picked":"StarBarrage","floor":5},{"not_picked":["WitchLeyline","SporeBomb"],"picked":"GravityBeat","floor":7},{"not_picked":["LuminesStrike","OpenUniverse"],"picked":"TreasureHunter","floor":8},{"not_picked":["NonDirectionalLaser","DarkMatter"],"picked":"Robbery","floor":10},{"not_picked":["WitchOfGreed","DC"],"picked":"SporeBomb","floor":11},{"not_picked":["AlicesGift","LuminesStrike"],"picked":"AsteroidBelt","floor":13},{"not_picked":["StarDustReverie","SuperNova","AbsoluteMagnitude"],"picked":"Singing Bowl","floor":16},{"not_picked":["MilkyWay","AsteroidBelt"],"picked":"Acceleration","floor":18},{"not_picked":["DoubleSpark","AsteroidBelt","WitchLeyline"],"picked":"Singing Bowl","floor":19}],"player_experience":664516,"relics_obtained":[{"floor":8,"key":"Singing Bowl"},{"floor":9,"key":"Boot"},{"floor":11,"key":"Omamori"},{"floor":16,"key":"Shovel"}],"event_choices":[{"damage_healed":0,"gold_gain":0,"player_choice":"Success","damage_taken":7,"relics_obtained":["ShroomBag"],"max_hp_gain":0,"max_hp_loss":0,"event_name":"Scrap Ooze","floor":2,"gold_loss":0},{"cards_removed":["Defend_MRS"],"damage_healed":0,"gold_gain":0,"player_choice":"Card Removal","damage_taken":0,"max_hp_gain":0,"max_hp_loss":0,"event_name":"The Cleric","floor":3,"gold_loss":50},{"damage_healed":0,"gold_gain":0,"player_choice":"Searched \u00272\u0027 times","damage_taken":0,"relics_obtained":["The Courier"],"max_hp_gain":0,"max_hp_loss":0,"event_name":"Dead Adventurer","floor":11,"gold_loss":0},{"cards_removed":["Defend_MRS"],"damage_healed":0,"gold_gain":0,"player_choice":"Purged","damage_taken":0,"max_hp_gain":0,"max_hp_loss":0,"event_name":"Purifier","floor":14,"gold_loss":0}],"is_beta":false,"boss_relics":[{"not_picked":["Sozu","Fusion Hammer"],"picked":"SacredBark"}],"items_purged_floors":[],"is_endless":false,"potions_floor_spawned":[5,13,16],"killed_by":"Snake Plant","ascension_level":0}}