{"host":"cyiefo55v5hz1ih5","time":1613534983,"event":{"mods":["2.2 Compatiblity","AchievementEnabler","BaseMod","Downfall","GifTheSpireLib","Hubris","Minty Spire (QoL Compilation)","Reliquary","Replay The Spire","Spicy Shops","StSLib","The Marked"],"gold_per_floor":[99,116,172,183,283,283,283,283],"floor_reached":6,"language":"ENG","playtime":612,"items_purged":[],"score":36,"play_id":"5a5f536c-342d-41ed-82ec-266bae42e5d1","local_time":"20210216230943","is_ascension_mode":true,"campfire_choices":[{"data":"bronze:Replicate","floor":1,"key":"SMITH"}],"circlet_count":0,"master_deck":["bronze:Strike","bronze:Strike","bronze:Strike","bronze:Strike","bronze:Defend","bronze:Defend","bronze:Defend","bronze:Defend","bronze:Replicate+1","bronze:Goto+1","bronze:Turbo","bronze:WhirlingStrike","bronze:Branch","bronze:Goto","bronze:Invalidate","bronze:MaxOutput","bronze:HyperBeam","hubris:Ssssneak","hubris:Lust","bronze:AlphaBuild"],"relics":["bronze:BronzeCore","Nunchaku","downfall:GremlinSack"],"acts_visited":["Exordium"],"potions_floor_usage":[],"damage_taken":[{"damage":0,"enemies":"Small Slimes","floor":2,"turns":4},{"damage":30,"enemies":"3 Sentries","floor":3,"turns":11},{"damage":0,"enemies":"2 Louse","floor":4,"turns":2},{"damage":21,"enemies":"2 Louse","floor":5,"turns":5},{"damage":11,"enemies":"Gremlin Nob","floor":6,"turns":3}],"seed_played":"2176994260553806833","potions_obtained":[{"floor":4,"key":"bronze:FreeFunctionsPotion"},{"floor":5,"key":"DistilledChaos"}],"is_trial":false,"path_per_floor":["R","M","?","M","?","E"],"character_chosen":"THE_AUTOMATON","items_purchased":[],"campfire_rested":0,"item_purchase_floors":[],"current_hp_per_floor":[70,70,40,40,19,8,8,8],"gold":283,"neow_bonus":"UPGRADE_CARD","is_daily":false,"chose_seed":false,"campfire_upgraded":1,"win_rate":0.0,"timestamp":1613534983,"path_taken":["R","M","?","M","?","E"],"items_purchased_type":[],"build_version":"2020-12-22","purchased_purges":0,"victory":false,"max_hp_per_floor":[70,70,70,70,70,70,70,70],"card_choices":[{"not_picked":["bronze:Overload","bronze:DelayedGuard"],"picked":"bronze:Turbo","floor":2},{"not_picked":["bronze:Shield","bronze:Repair"],"picked":"bronze:WhirlingStrike","floor":3},{"not_picked":["bronze:BitShift","bronze:WildBeam"],"picked":"bronze:Branch","floor":4},{"not_picked":["bronze:DelayedSlice","bronze:CutThrough"],"picked":"bronze:AlphaBuild","floor":5}],"player_experience":845207,"relics_obtained":[{"floor":3,"key":"Nunchaku"},{"floor":5,"key":"downfall:GremlinSack"}],"event_choices":[],"is_beta":false,"boss_relics":[],"items_purged_floors":[],"is_endless":false,"potions_floor_spawned":[4,5],"killed_by":"Gremlin Nob","ascension_level":1}}