{"host":"5dk97cf2ubw2v967","time":1613578902,"event":{"mods":["AlwaysNeverKeys","BaseMod","Better Altar","Better Vampires","Block Reminder","Card Filter","Colored Powertips","Downfall","Googly Eyes","Highlight Path","Minty Spire (QoL Compilation)","Permanent Neow","Potion Indicator Mod","Quick Restart","Relic Filter","Relic Stats","Say the Spire","Spicy Shops","StSLib","Waifu the Spire","everything is the same but u backflip on backflip"],"gold_per_floor":[368,368,393,413,429,429,465,465,488,531,12,36,11,31,31,127,127,151,151,126,147,47,47,83,83,83,83,98,98,98,98],"floor_reached":30,"language":"ENG","playtime":1148,"items_purged":["Strike_R","Strike_R"],"score":520,"play_id":"355514a6-066b-471a-a615-74e9a4fe4b6a","local_time":"20210217162142","is_ascension_mode":true,"campfire_choices":[{"data":"Corruption","floor":6.0,"key":"SMITH"},{"floor":8.0,"key":"REST"},{"data":"Inflame","floor":15.0,"key":"SMITH"},{"data":"Fiend Fire","floor":23.0,"key":"SMITH"},{"data":"Armaments","floor":25.0,"key":"SMITH"},{"data":"Feel No Pain","floor":29.0,"key":"SMITH"}],"circlet_count":0,"master_deck":["AscendersBane","Strike_R","Strike_R","Strike_R","Defend_R","Defend_R","Defend_R","Defend_R","Bash","Armaments+1","Flex","Corruption+1","Clash","Fiend Fire+1","Battle Trance","Inflame+1","Ghostly Armor","Pommel Strike","Bloodletting","Reaper","Feel No Pain+1","Clash","Infernal Blade","Sword Boomerang","downfall:Bewildered","Fire Breathing"],"relics":["Burning Blood","Golden Idol","Frozen Eye","Red Skull","Mango","Dream Catcher","Medical Kit","Happy Flower","Coffee Dripper","Art of War","Boot","sneckomod:BabySnecko"],"acts_visited":["Exordium","TheCity"],"potions_floor_usage":[],"damage_taken":[{"damage":12.0,"enemies":"Jaw Worm","floor":1.0,"turns":3.0},{"damage":12.0,"enemies":"Small Slimes","floor":3.0,"turns":6.0},{"damage":4.0,"enemies":"2 Louse","floor":4.0,"turns":3.0},{"damage":13.0,"enemies":"2 Fungi Beasts","floor":5.0,"turns":4.0},{"damage":20.0,"enemies":"3 Sentries","floor":7.0,"turns":6.0},{"damage":25.0,"enemies":"Lagavulin","floor":10.0,"turns":6.0},{"damage":7.0,"enemies":"Lots of Slimes","floor":12.0,"turns":4.0},{"damage":13.0,"enemies":"Red Slaver","floor":14.0,"turns":3.0},{"damage":21.0,"enemies":"Slime Boss","floor":16.0,"turns":7.0},{"damage":28.0,"enemies":"Chosen","floor":18.0,"turns":5.0},{"damage":11.0,"enemies":"2 Thieves","floor":20.0,"turns":4.0},{"damage":33.0,"enemies":"Snake Plant","floor":21.0,"turns":5.0},{"damage":31.0,"enemies":"Slavers","floor":24.0,"turns":7.0},{"damage":20.0,"enemies":"Centurion and Healer","floor":28.0,"turns":6.0},{"damage":42,"enemies":"Book of Stabbing","floor":30,"turns":3}],"seed_played":"8457851796929220429","potions_obtained":[{"floor":1.0,"key":"AttackPotion"},{"floor":3.0,"key":"Strength Potion"},{"floor":10.0,"key":"Fire Potion"},{"floor":12.0,"key":"ColorlessPotion"},{"floor":20.0,"key":"FearPotion"},{"floor":28.0,"key":"SteroidPotion"}],"is_trial":false,"path_per_floor":["M","?","M","M","M","R","E","R","T","E","$","M","$","M","R","B",null,"M","?","M","M","$","R","E","R","T","?","M","R","E"],"character_chosen":"IRONCLAD","items_purchased":["Inflame","Dream Catcher","Medical Kit","Happy Flower","Pommel Strike"],"campfire_rested":1,"item_purchase_floors":[11,11,11,11,13],"current_hp_per_floor":[62,62,56,58,51,51,37,55,55,50,50,49,49,42,42,27,64,49,49,69,49,49,49,40,40,40,40,40,40,0,0],"gold":98,"neow_bonus":"TWO_FIFTY_GOLD","is_daily":false,"chose_seed":false,"campfire_upgraded":5,"win_rate":0.0,"timestamp":1613578902,"path_taken":["M","?","M","M","M","R","E","R","T","E","$","M","$","M","R","BOSS","M","?","M","M","$","R","E","R","T","?","M","R","E"],"items_purchased_type":["Card","Relic","Relic","Relic","Card"],"build_version":"2020-12-22","purchased_purges":2,"victory":false,"max_hp_per_floor":[68,62,62,62,62,62,62,62,62,76,76,76,76,76,76,76,76,76,76,76,76,76,76,76,76,76,76,76,76,76,76],"relic_stats":{"Dream Catcher":0,"Happy Flower":[14],"counters":[15,72],"Golden Idol":78,"Art of War":[3],"Medical Kit":[9],"Boot":[3],"obtain_stats":[{"Frozen Eye":7,"sneckomod:BabySnecko":27,"Dream Catcher":11,"Happy Flower":11,"Golden Idol":2,"Mango":10,"Coffee Dripper":17,"Art of War":24,"Medical Kit":11,"Boot":26,"Burning Blood":0,"Red Skull":9},{"Frozen Eye":5,"sneckomod:BabySnecko":13,"Dream Catcher":6,"Happy Flower":6,"Golden Idol":1,"Mango":6,"Coffee Dripper":9,"Art of War":13,"Medical Kit":6,"Boot":13,"Burning Blood":0,"Red Skull":5},{"Frozen Eye":22,"sneckomod:BabySnecko":63,"Dream Catcher":28,"Happy Flower":28,"Golden Idol":3,"Mango":28,"Coffee Dripper":42,"Art of War":63,"Medical Kit":28,"Boot":63,"Burning Blood":0,"Red Skull":22}],"Burning Blood":84},"card_choices":[{"not_picked":["Shockwave","Clothesline"],"picked":"Armaments","floor":1.0},{"not_picked":["Twin Strike","Perfected Strike"],"picked":"Flex","floor":3.0},{"not_picked":["Clash","Cleave"],"picked":"Corruption","floor":4.0},{"not_picked":["Pommel Strike","Thunderclap"],"picked":"Clash","floor":5.0},{"not_picked":["Perfected Strike","Twin Strike"],"picked":"Fiend Fire","floor":7.0},{"not_picked":["Anger","Sword Boomerang"],"picked":"Battle Trance","floor":10.0},{"not_picked":["Headbutt","Anger"],"picked":"Ghostly Armor","floor":12.0},{"not_picked":["Warcry","Evolve"],"picked":"Bloodletting","floor":14.0},{"not_picked":["Corruption","Immolate"],"picked":"Reaper","floor":16.0},{"not_picked":["Disarm+1","Body Slam"],"picked":"Feel No Pain","floor":18.0},{"not_picked":["Burning Pact","Pommel Strike"],"picked":"Clash","floor":20.0},{"not_picked":["Havoc","Warcry"],"picked":"Infernal Blade","floor":21.0},{"not_picked":["Body Slam+1","Pommel Strike"],"picked":"Sword Boomerang","floor":24.0},{"not_picked":["Second Wind","Whirlwind"],"picked":"Fire Breathing","floor":28.0}],"player_experience":1332625,"relics_obtained":[{"floor":7.0,"key":"Frozen Eye"},{"floor":9.0,"key":"Red Skull"},{"floor":10.0,"key":"Mango"},{"floor":24.0,"key":"Art of War"},{"floor":26.0,"key":"Boot"}],"event_choices":[{"damage_healed":0.0,"max_hp_gain":0.0,"max_hp_loss":6.0,"gold_gain":0.0,"event_name":"Golden Idol","player_choice":"Lose Max HP","floor":2.0,"gold_loss":0.0,"damage_taken":0.0,"relics_obtained":["Golden Idol"]}],"is_beta":false,"boss_relics":[{"not_picked":["Runic Dome","Fusion Hammer"],"picked":"Coffee Dripper"}],"items_purged_floors":[11,22],"is_endless":false,"potions_floor_spawned":[1,3,4,10,12,20,28],"killed_by":"Book of Stabbing","ascension_level":20}}