{"host":"m9osufisr3agwk96","time":1613533578,"event":{"mods":["AchievementEnabler","Aspiration","BaseMod","Colored Map","Colored Powertips","Downfall","Duelist Mod","Friendly Minions","GifTheSpireLib","Gremlin Mod","Hermit","Hero for Fun","Highlight Path","Hubris","Minty Spire (QoL Compilation)","Rare Cards Sparkle","Reliquary","Replay The Spire","Shop Mod","StSLib"],"gold_per_floor":[19,19,31,42,117,117,134,134,134,153,153,167,197,213,213,310,310,328,328,341,45,61,61,72,108,108,108,151,170,170,57,57,161,188,217,242,242,268,268,302,302,342,368,404,430,430,455,478,478,478,478,478,478],"floor_reached":52,"language":"ENG","playtime":863,"items_purged":["Injury"],"score":1136,"play_id":"4e9044e7-63dc-4177-ad90-8d11d8a7d8d6","local_time":"20210216194618","is_ascension_mode":false,"campfire_choices":[{"data":"Normal_Punch","floor":6,"key":"SMITH"},{"floor":8,"key":"RECALL"},{"floor":23,"key":"REST"},{"data":"Toss_Stone","floor":27,"key":"SMITH"},{"data":"Consecutive_Normal_Punch","floor":30,"key":"SMITH"},{"data":"Slap","floor":32,"key":"SMITH"},{"floor":41,"key":"REST"},{"data":"Oh","floor":46,"key":"SMITH"},{"data":"Consecutive_Normal_Punch","floor":49,"key":"SMITH"}],"circlet_count":0,"master_deck":["Strike_Y","Strike_Y","Strike_Y","Strike_Y","Defend_Y","Defend_Y","Defend_Y","Slap+1","Ignore+1","Normal_Punch+1","Slap","Wear_Disguise+1","Consecutive_Normal_Punch","Get_Hopes_Up+1","Do_Nothing+1","Slap","Slap+1","Do_Nothing+1","Toss_Stone+1","Consecutive_Normal_Punch+1","Side_Hop+1","Serious_Side_Hops+1","Serious_Punch+1","Side_Hop+1","Hip_Strike+1","Toss_Stone+1","Normal_Punch+1","Slap","Slap+1","Oh+1","Ignore+1","Do_Nothing+1","Consecutive_Normal_Punch+1"],"relics":["Cape","hubris:Icosahedron","Toxic Egg 2","Letter Opener","hubris:TerracottaHorce","Membership Card","Calipers","CeramicFish","Torii","Blue Candle","HandDrill","Astrolabe","Mummified Hand","Toy Ornithopter","reliquary:PartyBalloon","Nunchaku","Replay:Ringing Soul"],"acts_visited":["Exordium","TheCity","TheBeyond","TheEnding"],"potions_floor_usage":[20,20,20],"damage_taken":[{"damage":0,"enemies":"Cultist","floor":1,"turns":1},{"damage":0,"enemies":"Jaw Worm","floor":3,"turns":1},{"damage":0,"enemies":"Small Slimes","floor":4,"turns":1},{"damage":0,"enemies":"2 Fungi Beasts","floor":7,"turns":1},{"damage":0,"enemies":"Gremlin Gang","floor":10,"turns":2},{"damage":0,"enemies":"Exordium Thugs","floor":12,"turns":1},{"damage":0,"enemies":"3 Sentries","floor":13,"turns":1},{"damage":0,"enemies":"Looter","floor":14,"turns":2},{"damage":0,"enemies":"Hexaghost","floor":16,"turns":1},{"damage":0,"enemies":"Shell Parasite","floor":18,"turns":1},{"damage":0,"enemies":"3 Byrds","floor":20,"turns":2},{"damage":0,"enemies":"Snecko","floor":22,"turns":1},{"damage":0,"enemies":"Snake Plant","floor":24,"turns":1},{"damage":0,"enemies":"theDuelist:KaibaA2","floor":25,"turns":1},{"damage":0,"enemies":"Book of Stabbing","floor":28,"turns":1},{"damage":0,"enemies":"Sentry and Sphere","floor":29,"turns":1},{"damage":0,"enemies":"Automaton","floor":33,"turns":7},{"damage":0,"enemies":"3 Darklings","floor":35,"turns":2},{"damage":0,"enemies":"3 Shapes","floor":36,"turns":1},{"damage":0,"enemies":"Spire Growth","floor":38,"turns":1},{"damage":0,"enemies":"Giant Head","floor":40,"turns":17},{"damage":0,"enemies":"Reptomancer","floor":42,"turns":1},{"damage":0,"enemies":"Giant Head","floor":44,"turns":1},{"damage":0,"enemies":"Maw","floor":45,"turns":1},{"damage":0,"enemies":"Jaw Worm Horde","floor":47,"turns":1},{"damage":0,"enemies":"3 Darklings","floor":48,"turns":1},{"damage":0,"enemies":"Awakened One","floor":50,"turns":2}],"seed_played":"-4391569218554829407","potions_obtained":[{"floor":4,"key":"Elixir"},{"floor":10,"key":"Explosive Potion"},{"floor":13,"key":"Milkshake"},{"floor":20,"key":"EssenceOfSteel"},{"floor":22,"key":"SteroidPotion"},{"floor":25,"key":"Toxic Potion"},{"floor":29,"key":"DistilledChaos"},{"floor":45,"key":"DuplicationPotion"}],"is_trial":false,"path_per_floor":["M","?","M","M","?","R","M","R","T","M","?","M","E","M","R_BF","B",null,"M","?","M","$","M","R","M","E","T","R","E","M","R","$","R","B",null,"M","M","?","M","?","E","R","E","T","E","M","R","M","M","R","B",null,"R"],"character_chosen":"OPM","items_purchased":["Membership Card","Calipers","HandDrill"],"campfire_rested":2,"item_purchase_floors":[21,21,31],"current_hp_per_floor":[999,999,999,999,999,999,999,999,999,999,999,999,999,999,999,999,999,999,999,999,999,999,999,999,999,999,999,999,999,999,999,999,999,999,999,999,999,999,999,999,999,999,999,1002,1005,1005,1008,1011,1011,1011,1011,1011,1011],"gold":478,"neow_bonus":"REMOVE_CARD","is_daily":false,"chose_seed":false,"campfire_upgraded":6,"win_rate":0.0,"timestamp":1613533578,"path_taken":["M","?","M","M","?","R","M","R","T","M","?","M","E","M","R_BF","BOSS","M","?","M","$","M","R","M","E","T","R","E","M","R","$","R","BOSS","M","?","?","?","?","E","R","E","T","E","M","R","M","M","R","BOSS","R"],"items_purchased_type":["Relic","Relic","Relic"],"build_version":"2020-12-22","purchased_purges":1,"victory":false,"max_hp_per_floor":[999,999,999,999,999,999,999,999,999,999,999,999,999,999,999,999,999,999,999,999,999,999,999,999,999,999,999,999,999,999,999,999,999,999,999,999,999,999,999,999,999,999,999,1002,1005,1005,1008,1011,1011,1011,1011,1011,1011],"card_choices":[{"not_picked":["Hop","Yawn"],"picked":"Slap","floor":1},{"not_picked":["Yawn","Side_Hop"],"picked":"Ignore","floor":3},{"not_picked":["Yawn","Ignore"],"picked":"Normal_Punch","floor":4},{"not_picked":["Normal_Punch","Side_Hop"],"picked":"Do_Nothing","floor":7},{"not_picked":["Ignore","Hop"],"picked":"Slap","floor":10},{"not_picked":["Do_Nothing+1","Side_Hop+1"],"picked":"Wear_Disguise","floor":12},{"not_picked":["Ignore+1","Hop+1"],"picked":"Consecutive_Normal_Punch","floor":13},{"not_picked":["Yawn+1","Do_Nothing+1","Terrifying_Presence"],"picked":"SKIP","floor":14},{"not_picked":["Terrifying_Presence","Hip_Strike"],"picked":"Get_Hopes_Up+1","floor":16},{"not_picked":["Ignore+1","Yawn+1"],"picked":"Do_Nothing+1","floor":18},{"not_picked":["Hop+1","Normal_Punch"],"picked":"Slap","floor":20},{"not_picked":["Wear_Disguise","Hop+1"],"picked":"Slap+1","floor":22},{"not_picked":["Side_Hop+1","Wear_Disguise+1"],"picked":"Do_Nothing+1","floor":24},{"not_picked":["Normal_Punch","Consecutive_Normal_Punch+1"],"picked":"Toss_Stone","floor":25},{"not_picked":["Hop+1","Yawn+1"],"picked":"Consecutive_Normal_Punch","floor":28},{"not_picked":["Ignore+1","Wear_Disguise"],"picked":"Side_Hop+1","floor":29},{"not_picked":["Hip_Strike","Get_Hopes_Up+1"],"picked":"Serious_Side_Hops+1","floor":33},{"not_picked":["Yawn+1","Consecutive_Normal_Punch+1"],"picked":"Toss_Stone+1","floor":35},{"not_picked":["Consecutive_Normal_Punch","Side_Hop+1"],"picked":"Slap+1","floor":36},{"not_picked":["Side_Hop+1","Wear_Disguise"],"picked":"Normal_Punch+1","floor":38},{"not_picked":["Yawn+1","Side_Hop+1"],"picked":"Slap","floor":40},{"not_picked":["Yawn+1","Ignore+1"],"picked":"Slap+1","floor":42},{"not_picked":["Ignore+1","Yawn+1"],"picked":"Oh","floor":44},{"not_picked":["Yawn+1","Normal_Punch"],"picked":"Ignore+1","floor":45},{"not_picked":["Side_Hop+1","Yawn+1"],"picked":"Do_Nothing+1","floor":47},{"not_picked":["Hop+1","Side_Hop+1"],"picked":"Consecutive_Normal_Punch","floor":48}],"player_experience":497280,"relics_obtained":[{"floor":13,"key":"Letter Opener"},{"floor":25,"key":"CeramicFish"},{"floor":26,"key":"Torii"},{"floor":28,"key":"Blue Candle"},{"floor":40,"key":"Toy Ornithopter"},{"floor":42,"key":"reliquary:PartyBalloon"},{"floor":43,"key":"Nunchaku"},{"floor":44,"key":"Replay:Ringing Soul"}],"event_choices":[{"damage_healed":0,"gold_gain":75,"player_choice":"Gather Gold","damage_taken":11,"max_hp_gain":0,"max_hp_loss":0,"event_name":"World of Goop","floor":5,"gold_loss":0},{"damage_healed":0,"gold_gain":0,"player_choice":"Bought 0 Potions","damage_taken":0,"max_hp_gain":0,"max_hp_loss":0,"event_name":"The Woman in Blue","floor":19,"gold_loss":0},{"damage_healed":0,"gold_gain":0,"player_choice":"Upgraded","damage_taken":0,"max_hp_gain":0,"max_hp_loss":0,"event_name":"Upgrade Shrine","floor":37,"gold_loss":0,"cards_upgraded":["Wear_Disguise"]},{"cards_removed":["Slap"],"damage_healed":0,"gold_gain":0,"player_choice":"Gave Card","damage_taken":0,"relics_obtained":["Mummified Hand"],"max_hp_gain":0,"max_hp_loss":0,"event_name":"WeMeetAgain","floor":39,"gold_loss":0}],"is_beta":false,"boss_relics":[{"not_picked":["Abe\u0027s Treasure","Replay:Grab Bag"],"picked":"hubris:TerracottaHorce"},{"not_picked":["Tiny House","reliquary:RedCape"],"picked":"Astrolabe"}],"items_purged_floors":[31],"is_endless":false,"potions_floor_spawned":[4,10,13,14,20,22,25,29,35,38,42,45],"ascension_level":0}}