{"host":"c83fcgyuu74iknko","time":1613540940,"event":{"mods":["BaseMod","BetterRewards","Colored Map","Colored Powertips","Minty Spire (QoL Compilation)","Quick Restart","StSLib","The Animator","The Senshi"],"gold_per_floor":[118,118,45,60,97,97,141,141,166,166,198,198,222,257,257,380,380,403,190,190,211,310,310,310,310],"floor_reached":24,"language":"ENG","playtime":1932,"items_purged":["animator:Defend","animator:Strike"],"score":329,"play_id":"be761e06-7342-4bcf-9377-699e20b3f522","local_time":"20210216214900","is_ascension_mode":false,"campfire_choices":[{"floor":6,"key":"REST"},{"floor":8,"key":"REST"},{"floor":10,"key":"REST"},{"floor":15,"key":"REST"},{"data":"animator:Saber","floor":23,"key":"SMITH"}],"circlet_count":0,"master_deck":["animator:Strike_GATE","animator:Defend_GATE","animator:Defend","animator:TukaLunaMarceau","animator:Kuribayashi","animator:LeleiLaLalena+1","animator:RoryMercury","animator:YaoHaDucy","animator:Saber+1","animator:MaesHughes","animator:Father","animator:Kuribayashi","animator:NononJakuzure","animator:RoyMustang"],"relics":["animator:LivingPicture","animator:TheMissingPiece","animator:PurgingStone","Membership Card","Mango","Golden Idol","Dream Catcher","CaptainsWheel","Anchor","theSenshi:SailorFukuRelic","Empty Cage","Gremlin Horn"],"acts_visited":["Exordium","TheCity"],"potions_floor_usage":[14,16],"damage_taken":[{"damage":1,"enemies":"2 Louse","floor":1,"turns":4},{"damage":11,"enemies":"Jaw Worm","floor":4,"turns":3},{"damage":2,"enemies":"Cultist","floor":5,"turns":4},{"damage":32,"enemies":"Gremlin Nob","floor":7,"turns":5},{"damage":0,"enemies":"Large Slime","floor":11,"turns":4},{"damage":2,"enemies":"3 Louse","floor":13,"turns":3},{"damage":6,"enemies":"3 Sentries","floor":14,"turns":10},{"damage":45,"enemies":"Slime Boss","floor":16,"turns":10},{"damage":16,"enemies":"Spheric Guardian","floor":18,"turns":7},{"damage":14,"enemies":"Chosen","floor":21,"turns":5},{"damage":54,"enemies":"Slavers","floor":24,"turns":6}],"seed_played":"-706013156060594980","potions_obtained":[{"floor":5,"key":"CultistPotion"},{"floor":7,"key":"AttackPotion"},{"floor":16,"key":"Strength Potion"},{"floor":21,"key":"SpeedPotion"}],"is_trial":false,"path_per_floor":["M","?","$","M","M","R","E","R","T","R","M","?","M","E","R","B",null,"M","$","?","M","?","R","E"],"character_chosen":"THE_ANIMATOR","items_purchased":["Membership Card","Dream Catcher","Gremlin Horn","animator:NononJakuzure"],"campfire_rested":4,"item_purchase_floors":[0,3,19,19],"current_hp_per_floor":[69,49,49,38,36,60,29,53,53,77,77,77,75,69,81,36,81,65,65,65,51,51,51,0,0],"gold":310,"neow_bonus":"","is_daily":false,"chose_seed":false,"campfire_upgraded":1,"win_rate":0.0,"timestamp":1613540940,"path_taken":["M","?","$","M","M","R","E","R","T","R","M","?","?","E","R","BOSS","M","$","?","M","?","R","E"],"items_purchased_type":["Relic","Relic","Relic","Card"],"build_version":"2020-12-22","purchased_purges":2,"victory":false,"max_hp_per_floor":[80,80,80,80,80,80,81,81,81,81,81,81,81,81,81,81,81,81,81,81,81,81,81,81,81],"card_choices":[{"not_picked":["animator:Yuuichirou","animator:CrowleyEusford","animator:Lancer"],"picked":"SKIP","floor":1},{"not_picked":["animator:Evileye","animator:EmiyaShirou","animator:Entoma"],"picked":"SKIP","floor":4},{"not_picked":["animator:YachiyoNanami","animator:Lancer"],"picked":"animator:LeleiLaLalena","floor":5},{"not_picked":["animator:TukaLunaMarceau","animator:LeleiLaLalena"],"picked":"animator:RoryMercury","floor":7},{"not_picked":["animator:TukaLunaMarceau","animator:HiiragiShinya"],"picked":"animator:YaoHaDucy","floor":11},{"not_picked":["animator:Mitsuba","animator:Benimaru","animator:Shuna"],"picked":"SKIP","floor":13},{"not_picked":["animator:Emonzaemon","animator:Gluttony"],"picked":"animator:Saber","floor":14},{"not_picked":["animator:TukaLunaMarceau","animator:Azekura"],"picked":"animator:MaesHughes","floor":15},{"not_picked":["animator:Saber","animator:Kyubey"],"picked":"animator:Father","floor":16},{"not_picked":["animator:YaoHaDucy","animator:TukaLunaMarceau"],"picked":"animator:Kuribayashi","floor":18},{"not_picked":["animator:Shion+1","animator:HiiragiShinya"],"picked":"animator:RoyMustang","floor":21}],"player_experience":250909,"relics_obtained":[{"floor":7,"key":"CaptainsWheel"},{"floor":9,"key":"Anchor"},{"floor":14,"key":"theSenshi:SailorFukuRelic"}],"event_choices":[{"damage_healed":0,"gold_gain":0,"player_choice":"Take Damage","damage_taken":20,"relics_obtained":["Golden Idol"],"max_hp_gain":0,"max_hp_loss":0,"event_name":"Golden Idol","floor":2,"gold_loss":0},{"damage_healed":0,"gold_gain":0,"player_choice":"Forge","damage_taken":0,"max_hp_gain":0,"max_hp_loss":0,"event_name":"Accursed Blacksmith","floor":12,"gold_loss":0,"cards_upgraded":["animator:LeleiLaLalena"]},{"cards_removed":["animator:Strike"],"damage_healed":0,"gold_gain":0,"player_choice":"Elegance","damage_taken":0,"max_hp_gain":0,"max_hp_loss":0,"event_name":"Back to Basics","floor":20,"gold_loss":0},{"damage_healed":0,"gold_gain":99,"player_choice":"Stole From Cult","damage_taken":0,"max_hp_gain":0,"max_hp_loss":0,"event_name":"Nest","floor":22,"gold_loss":0}],"is_beta":false,"boss_relics":[{"not_picked":["Mark of Pain","Runic Dome"],"picked":"Empty Cage"}],"items_purged_floors":[0,19],"is_endless":false,"potions_floor_spawned":[5,7,16,21],"killed_by":"Slavers","ascension_level":0}}