{"host":"hrvs05np4ys7itky","time":1613535256,"event":{"mods":["BaseMod","Colored Map","Colored Powertips","Downfall","Emptier Cage","Hermit","Highlight Path","Minty Spire (QoL Compilation)","Permanent Neow","Rare Cards Sparkle","Relic Stats","StSLib","everything is the same but u backflip on backflip"],"gold_per_floor":[10,25,25,45,45,45,64,96,96,114,125,160,160,194,194,267,267,267,267,267,267,53,53,53,53,53,43,43,43,43,14,14,14,14],"floor_reached":33,"language":"ENG","playtime":2588,"items_purged":["Strike_R"],"score":575,"play_id":"6d3f01a4-2f1c-49bd-a56f-59580cd3514a","local_time":"20210216231416","is_ascension_mode":true,"campfire_choices":[{"data":"Shockwave","floor":6.0,"key":"SMITH"},{"data":"Disarm","floor":13.0,"key":"SMITH"},{"data":"Carnage","floor":15.0,"key":"SMITH"},{"data":"True Grit","floor":23.0,"key":"SMITH"},{"data":"Armaments","floor":32,"key":"SMITH"}],"circlet_count":0,"master_deck":["AscendersBane","Strike_R","Strike_R","Defend_R","Defend_R","Defend_R","Defend_R","Shockwave+1","Carnage+1","Intimidate","True Grit+1","Disarm+1","Feed","Second Wind","Immolate","Disarm","Flame Barrier","Battle Trance","Armaments+1","Shrug It Off","Evolve","Feel No Pain"],"relics":["Burning Blood","Matryoshka","Tiny Chest","Strawberry","The Courier","Champion Belt","Self Forming Clay","Ectoplasm","Membership Card","Calipers","Question Card","Blood Vial","MealTicket"],"acts_visited":["Exordium","TheCity"],"potions_floor_usage":[24,24,29,33],"damage_taken":[{"damage":7.0,"enemies":"Jaw Worm","floor":1.0,"turns":4.0},{"damage":5.0,"enemies":"2 Louse","floor":2.0,"turns":3.0},{"damage":0.0,"enemies":"Cultist","floor":4.0,"turns":3.0},{"damage":1.0,"enemies":"Looter","floor":7.0,"turns":4.0},{"damage":16.0,"enemies":"Gremlin Nob","floor":8.0,"turns":4.0},{"damage":3.0,"enemies":"Exordium Wildlife","floor":10.0,"turns":5.0},{"damage":4.0,"enemies":"Exordium Thugs","floor":11.0,"turns":4.0},{"damage":18.0,"enemies":"Lagavulin","floor":12.0,"turns":10.0},{"damage":29.0,"enemies":"3 Sentries","floor":14.0,"turns":12.0},{"damage":9.0,"enemies":"Hexaghost","floor":16.0,"turns":12.0},{"damage":2.0,"enemies":"3 Byrds","floor":18.0,"turns":6.0},{"damage":1.0,"enemies":"Shell Parasite","floor":20.0,"turns":3.0},{"damage":9.0,"enemies":"Snake Plant","floor":21.0,"turns":5.0},{"damage":13,"enemies":"Slavers","floor":24,"turns":8},{"damage":27,"enemies":"Sentry and Sphere","floor":25,"turns":9},{"damage":12,"enemies":"Cultist and Chosen","floor":28,"turns":8},{"damage":51,"enemies":"Gremlin Leader","floor":29,"turns":8},{"damage":15,"enemies":"Shelled Parasite and Fungi","floor":30,"turns":6},{"damage":36,"enemies":"Champ","floor":33,"turns":15}],"seed_played":"-7762762609289718492","potions_obtained":[{"floor":1.0,"key":"Regen Potion"},{"floor":7.0,"key":"SneckoOil"},{"floor":10.0,"key":"AttackPotion"},{"floor":12.0,"key":"Strength Potion"},{"floor":16.0,"key":"ElixirPotion"},{"floor":19.0,"key":"DistilledChaos"},{"floor":19.0,"key":"Regen Potion"},{"floor":20.0,"key":"DuplicationPotion"},{"floor":28,"key":"Explosive Potion"},{"floor":30,"key":"AttackPotion"}],"is_trial":false,"path_per_floor":["M","M","?","M","?","R","M","E","T","M","M","E","R","E","R","B",null,"M","?","M","M","$","R","E","M","T","$","M","E","M","$","R","B"],"character_chosen":"IRONCLAD","items_purchased":["Membership Card","Flame Barrier","Battle Trance","Shrug It Off","Feel No Pain"],"campfire_rested":0,"item_purchase_floors":[22,22,22,27,31],"current_hp_per_floor":[67,68,61,67,64,64,69,68,75,78,80,71,71,51,51,51,81,88,88,96,96,96,96,100,82,82,82,81,41,37,52,52,18,18],"gold":14,"neow_bonus":"TRANSFORM_TWO_CARDS","is_daily":false,"chose_seed":false,"campfire_upgraded":5,"win_rate":0.0,"timestamp":1613535256,"path_taken":["M","M","?","M","?","R","M","E","T","M","M","E","R","E","R","BOSS","M","?","M","M","$","R","E","M","T","$","M","E","M","$","R","BOSS"],"items_purchased_type":["Relic","Card","Card","Card","Card"],"build_version":"2020-12-22","purchased_purges":1,"victory":false,"max_hp_per_floor":[75,75,75,75,75,75,75,75,82,82,82,85,85,88,88,91,91,94,94,97,100,100,100,100,103,103,103,106,109,112,112,112,112,112],"relic_stats":{"Blood Vial":8,"counters":[19,129],"Self Forming Clay":[111],"Tiny Chest":0,"MealTicket":15,"Ectoplasm":147,"Champion Belt":[17],"Question Card":3,"obtain_stats":[{"Calipers":24,"Self Forming Clay":14,"The Courier":9,"Question Card":26,"Burning Blood":0,"Blood Vial":26,"Matryoshka":5,"Strawberry":9,"Tiny Chest":8,"MealTicket":29,"Ectoplasm":17,"Champion Belt":12,"Membership Card":22},{"Calipers":14,"Self Forming Clay":9,"The Courier":5,"Question Card":15,"Burning Blood":0,"Blood Vial":15,"Matryoshka":3,"Strawberry":5,"Tiny Chest":5,"MealTicket":17,"Ectoplasm":10,"Champion Belt":8,"Membership Card":13},{"Calipers":83,"Self Forming Clay":49,"The Courier":18,"Question Card":92,"Burning Blood":0,"Blood Vial":92,"Matryoshka":10,"Strawberry":18,"Tiny Chest":18,"MealTicket":108,"Ectoplasm":61,"Champion Belt":37,"Membership Card":75}],"Burning Blood":106},"card_choices":[{"not_picked":["Dark Embrace","Flex"],"picked":"Intimidate","floor":1.0},{"not_picked":["Warcry","Iron Wave"],"picked":"True Grit","floor":2.0},{"not_picked":["Evolve","Sever Soul"],"picked":"Disarm","floor":4.0},{"not_picked":["Whirlwind","Bloodletting","Rupture"],"picked":"SKIP","floor":7.0},{"not_picked":["Bloodletting","Sever Soul","Clash"],"picked":"SKIP","floor":8.0},{"not_picked":["Warcry","Wild Strike","Havoc"],"picked":"SKIP","floor":10.0},{"not_picked":["Pommel Strike","Clothesline"],"picked":"Feed","floor":11.0},{"not_picked":["Entrench","Rampage","Heavy Blade"],"picked":"SKIP","floor":12.0},{"not_picked":["Cleave","Headbutt"],"picked":"Second Wind","floor":14.0},{"not_picked":["Barricade","Feed"],"picked":"Immolate","floor":16.0},{"not_picked":["Armaments","Clash"],"picked":"Disarm","floor":18.0},{"not_picked":["Entrench","Pommel Strike","Clash+1"],"picked":"SKIP","floor":20.0},{"not_picked":["Clash","Havoc","Armaments"],"picked":"SKIP","floor":21.0},{"not_picked":["Clash","Clothesline","Corruption"],"picked":"SKIP","floor":24},{"not_picked":["Whirlwind","Flex"],"picked":"Armaments","floor":25},{"not_picked":["Clothesline","Combust","Sword Boomerang","Headbutt"],"picked":"SKIP","floor":28},{"not_picked":["Dark Embrace","True Grit","Flex+1"],"picked":"Evolve","floor":29},{"not_picked":["Clothesline","Rage","Combust","Reckless Charge"],"picked":"SKIP","floor":30}],"player_experience":1095635,"relics_obtained":[{"floor":8.0,"key":"Tiny Chest"},{"floor":9.0,"key":"Strawberry"},{"floor":9.0,"key":"The Courier"},{"floor":12.0,"key":"Champion Belt"},{"floor":14.0,"key":"Self Forming Clay"},{"floor":24,"key":"Calipers"},{"floor":26,"key":"Question Card"},{"floor":26,"key":"Blood Vial"},{"floor":29,"key":"MealTicket"}],"event_choices":[{"cards_removed":["Bash"],"damage_healed":0.0,"max_hp_gain":0.0,"max_hp_loss":0.0,"gold_gain":0.0,"event_name":"Golden Wing","player_choice":"Card Removal","floor":3.0,"gold_loss":0.0,"damage_taken":7.0},{"damage_healed":0.0,"max_hp_gain":0.0,"max_hp_loss":0.0,"gold_gain":0.0,"event_name":"Scrap Ooze","player_choice":"Success","floor":5.0,"gold_loss":0.0,"damage_taken":3.0,"relics_obtained":["Matryoshka"]},{"damage_healed":0.0,"max_hp_gain":0.0,"max_hp_loss":0.0,"gold_gain":0.0,"event_name":"Lab","player_choice":"Got Potions","floor":19.0,"gold_loss":0.0,"damage_taken":0.0}],"is_beta":false,"boss_relics":[{"not_picked":["SlaversCollar","Black Blood"],"picked":"Ectoplasm"}],"items_purged_floors":[22],"is_endless":false,"potions_floor_spawned":[1,7,10,12,16,20,21,28,30],"killed_by":"Champ","ascension_level":14}}