{"host":"3geh3yhkfzzmefye","time":1613562834,"event":{"mods":["BaseMod","Beaked The Cultist","Conspire","Downfall","Friendly Minions","Hubris","Koishi","Minty Spire (QoL Compilation)","Replay The Spire","StSLib","The Construct","The Cursed"],"gold_per_floor":[99,114,9,9,26,40,67,67,87,87,15,15,93,93,104,209,209,209,226,242,68,168,168,195,205,286,286,305,317,417,437,451,451,451,451],"floor_reached":33,"language":"ENG","playtime":4962,"items_purged":[],"score":289,"play_id":"62626c4f-37f8-477b-bfa2-637b55051e9b","local_time":"20210217125354","is_ascension_mode":false,"campfire_choices":[{"data":"bronze:RecursiveStrike","floor":8,"key":"SMITH"},{"data":"bronze:ItsAFeature","floor":10,"key":"SMITH"},{"data":"bronze:OilSpill","floor":12,"key":"SMITH"},{"floor":18,"key":"DIG"},{"data":"bronze:Virus","floor":27,"key":"SMITH"}],"circlet_count":0,"master_deck":["bronze:Strike","bronze:Strike","bronze:Strike","bronze:Strike","bronze:Defend","bronze:Defend","bronze:Defend","bronze:Defend","bronze:Replicate","bronze:Goto","bronze:GetLatest","bronze:InfiniteBeams+1","Replay:SS_fish_1","CurseOfTheBell","CurseOfTheBell","bronze:RecursiveStrike+1","bronze:Repair+1","bronze:ItsAFeature+1","bronze:WhirlingStrike","bronze:OilSpill+1","bronze:FollowUp+1","bronze:GetLatest","bronze:ClassDefault","bronze:Virus+1","bronze:GetLatest+1","bronze:DelayedGuard","bronze:WildBeam+1","bronze:ChildClass","bronze:Optimize","bronze:DecaBeam","bronze:GetLatest","bronze:Branch+1","bronze:BurnOut","bronze:DelayedSlice","bronze:BronzeArmor","bronze:Constructor"],"relics":["bronze:BronzeCore","hubris:Towel","downfall:ExtraCursedBell","Omamori","StoneCalendar","Replay:Bottled Eggs","hubris:OldNail","bronze:ProtectiveGoggles","Philosopher\u0027s Stone","Bottled Tornado","Akabeko","White Beast Statue","Ornamental Fan","hubris:GlazedTorus"],"acts_visited":["Exordium","TheCity"],"potions_floor_usage":[6,9,16,16,22,25,31],"damage_taken":[{"damage":8,"enemies":"2 Louse","floor":2,"turns":3},{"damage":0,"enemies":"downfall:FleeingMerchant","floor":3,"turns":4},{"damage":6,"enemies":"Jaw Worm","floor":5,"turns":3},{"damage":10,"enemies":"Small Slimes","floor":6,"turns":4},{"damage":0,"enemies":"Exordium Wildlife","floor":9,"turns":3},{"damage":5,"enemies":"downfall:FleeingMerchant","floor":11,"turns":4},{"damage":11,"enemies":"Large Slime","floor":15,"turns":2},{"damage":24,"enemies":"WA_ARCHETYPE_RETAIN","floor":16,"turns":5},{"damage":14,"enemies":"Shell Parasite","floor":19,"turns":2},{"damage":0,"enemies":"Spheric Guardian","floor":20,"turns":2},{"damage":17,"enemies":"downfall:FleeingMerchant","floor":21,"turns":4},{"damage":22,"enemies":"downfall:FleeingMerchant","floor":22,"turns":6},{"damage":14,"enemies":"Chosen and Byrds","floor":25,"turns":4},{"damage":0,"enemies":"3 Cultists","floor":28,"turns":4},{"damage":5,"enemies":"conspire:HollyBat","floor":29,"turns":7},{"damage":0,"enemies":"Colosseum Nobs","floor":30,"turns":2},{"damage":0,"enemies":"Centurion and Healer","floor":31,"turns":4},{"damage":39,"enemies":"Snake Plant","floor":32,"turns":3},{"damage":26,"enemies":"DF_ARCHETYPE_CLAW","floor":33,"turns":5}],"seed_played":"-1642444765239409016","potions_obtained":[{"floor":2,"key":"Block Potion"},{"floor":5,"key":"Swift Potion"},{"floor":13,"key":"DuplicationPotion"},{"floor":13,"key":"LiquidBronze"},{"floor":15,"key":"Elixir"},{"floor":19,"key":"Venom Potion"},{"floor":22,"key":"Weak Potion"},{"floor":28,"key":"Swift Potion"},{"floor":29,"key":"FearPotion"},{"floor":31,"key":"BlessingOfTheForge"}],"is_trial":false,"path_per_floor":["R","M","$","?","M","M","T","R","M","R","$","R","?","?","M","B",null,"R","M","M","$","?","?","T","M","T","R","M","M","?","M","M","B"],"character_chosen":"THE_AUTOMATON","items_purchased":["Replay:SS_fish_1","bronze:FollowUp+1","bronze:ChildClass","bronze:Optimize"],"campfire_rested":0,"item_purchase_floors":[3,11,21,21],"current_hp_per_floor":[77,69,69,69,63,60,60,60,67,67,69,69,69,69,58,44,77,77,63,63,56,44,44,44,40,40,40,40,45,45,45,6,0,0,0],"gold":451,"neow_bonus":"TEN_PERCENT_HP_BONUS","is_daily":false,"chose_seed":false,"campfire_upgraded":4,"win_rate":0.0,"timestamp":1613562834,"path_taken":["R","M","$","?","M","M","T","R","M","R","$","R","?","?","M","BOSS","R","M","M","$","?","?","T","M","?","R","M","M","?","?","M","BOSS"],"items_purchased_type":["Card","Card","Card","Card"],"build_version":"2020-12-22","purchased_purges":0,"victory":false,"max_hp_per_floor":[77,77,77,77,77,77,77,77,77,77,77,77,77,77,77,77,77,77,77,77,77,77,77,77,77,77,77,77,77,77,77,77,77,77,77],"card_choices":[{"not_picked":["bronze:Refactor","bronze:Safeguard"],"picked":"bronze:GetLatest","floor":2},{"not_picked":["bronze:Turbo","bronze:DelayedGuard"],"picked":"bronze:InfiniteBeams","floor":3},{"not_picked":["bronze:FindAndReplace","bronze:DelayedSlice"],"picked":"bronze:Repair","floor":5},{"not_picked":["bronze:NullPointer","bronze:Shell"],"picked":"bronze:ItsAFeature","floor":6},{"not_picked":["bronze:BuggyMess","bronze:FineTuning"],"picked":"bronze:WhirlingStrike","floor":9},{"not_picked":["bronze:Overheat","bronze:Verify"],"picked":"bronze:OilSpill","floor":11},{"not_picked":["bronze:DigitalCarnage","bronze:FineTuning"],"picked":"bronze:GetLatest","floor":13},{"not_picked":["bronze:CutThrough","bronze:GetLatest"],"picked":"bronze:ClassDefault","floor":15},{"not_picked":["bronze:AlphaBuild","bronze:Break"],"picked":"bronze:Virus","floor":16},{"not_picked":["bronze:Shield","bronze:ForLoop"],"picked":"bronze:GetLatest+1","floor":19},{"not_picked":["bronze:Safeguard","bronze:WhirlingStrike"],"picked":"bronze:DelayedGuard","floor":20},{"not_picked":["bronze:Frontload","bronze:Backtrace"],"picked":"bronze:WildBeam+1","floor":21},{"not_picked":[],"picked":"bronze:DecaBeam","floor":22},{"not_picked":["bronze:BuggyMess","bronze:Iterate"],"picked":"bronze:GetLatest","floor":22},{"not_picked":["bronze:Iterate","bronze:BugBarrage"],"picked":"bronze:Branch+1","floor":25},{"not_picked":["bronze:Turbo","bronze:Safeguard","bronze:BugBarrage"],"picked":"SKIP","floor":28},{"not_picked":["bronze:Iterate","bronze:WildBeam"],"picked":"bronze:BurnOut","floor":29},{"not_picked":["bronze:BitShift","bronze:GetLatest"],"picked":"bronze:DelayedSlice","floor":30},{"not_picked":["bronze:DarkDash+1","bronze:Repair"],"picked":"bronze:BronzeArmor","floor":31},{"not_picked":["bronze:Deprecate","bronze:Turbo"],"picked":"bronze:Constructor","floor":32}],"player_experience":5586676,"relics_obtained":[{"floor":4,"key":"Omamori"},{"floor":4,"key":"StoneCalendar"},{"floor":4,"key":"Replay:Bottled Eggs"},{"floor":7,"key":"hubris:OldNail"},{"floor":13,"key":"bronze:ProtectiveGoggles"},{"floor":18,"key":"Bottled Tornado"},{"floor":24,"key":"Akabeko"},{"floor":26,"key":"White Beast Statue"},{"floor":30,"key":"Ornamental Fan"},{"floor":30,"key":"hubris:GlazedTorus"}],"event_choices":[],"is_beta":false,"boss_relics":[{"not_picked":["construct:WeddingRing","Abe\u0027s Treasure"],"picked":"Philosopher\u0027s Stone"}],"items_purged_floors":[],"is_endless":false,"potions_floor_spawned":[2,5,15,19,22,28,29,30,31,32],"killed_by":"DF_ARCHETYPE_CLAW","ascension_level":0}}