{"host":"j2zti408atcvju3x","time":1613547300,"event":{"mods":["BaseMod","Minty Spire (QoL Compilation)","Quick Restart","StSLib"],"gold_per_floor":[112,131,148,164,9,9,27,27,27,27,27,41,58,69,69,174,174,194,14,28,28,44,44,57,57,57,75,0,14,14,14],"floor_reached":30,"language":"ZHS","playtime":1624,"items_purged":["Strike_B","Defend_B"],"score":228,"play_id":"59836b4a-a46a-4187-95a9-7fb143dc986c","local_time":"20210217153500","is_ascension_mode":false,"campfire_choices":[{"data":"Coolheaded","floor":6,"key":"SMITH"},{"floor":8,"key":"REST"},{"floor":15,"key":"REST"},{"data":"Loop","floor":23,"key":"SMITH"},{"floor":25,"key":"REST"}],"circlet_count":0,"master_deck":["Strike_B","Strike_B","Defend_B","Defend_B","Defend_B","Zap","Dualcast","Coolheaded+1","Defragment","BootSequence","Seek","Electrodynamics","Loop+1","Fusion","Genetic Algorithm"],"relics":["FrozenCore","Gremlin Horn"],"acts_visited":["Exordium","TheCity"],"potions_floor_usage":[16,16,29],"damage_taken":[{"damage":0,"enemies":"Cultist","floor":1,"turns":4},{"damage":2,"enemies":"Small Slimes","floor":2,"turns":4},{"damage":11,"enemies":"Jaw Worm","floor":3,"turns":3},{"damage":20,"enemies":"Exordium Thugs","floor":4,"turns":7},{"damage":8,"enemies":"3 Louse","floor":7,"turns":4},{"damage":8,"enemies":"Lots of Slimes","floor":12,"turns":4},{"damage":18,"enemies":"Gremlin Gang","floor":13,"turns":6},{"damage":0,"enemies":"Large Slime","floor":14,"turns":5},{"damage":47,"enemies":"The Guardian","floor":16,"turns":20},{"damage":19,"enemies":"Shell Parasite","floor":18,"turns":13},{"damage":1,"enemies":"3 Byrds","floor":20,"turns":3},{"damage":19,"enemies":"Snake Plant","floor":22,"turns":6},{"damage":33,"enemies":"3 Cultists","floor":24,"turns":5},{"damage":19,"enemies":"Sentry and Sphere","floor":27,"turns":9},{"damage":13,"enemies":"Snecko","floor":29,"turns":9}],"seed_played":"4727515473455553446","potions_obtained":[{"floor":2,"key":"Explosive Potion"},{"floor":14,"key":"Fire Potion"},{"floor":16,"key":"GamblersBrew"},{"floor":18,"key":"EssenceOfSteel"},{"floor":20,"key":"FearPotion"},{"floor":24,"key":"EssenceOfDarkness"}],"is_trial":false,"path_per_floor":["M","M","M","M","$","R","M","R","T","$","?","M","M","M","R","B",null,"M","$","M","$","M","R","M","R","T","M","?","M","?"],"character_chosen":"DEFECT","items_purchased":["Defragment","Loop"],"campfire_rested":3,"item_purchase_floors":[5,19],"current_hp_per_floor":[82,80,69,49,49,49,41,65,65,65,65,57,39,39,63,16,82,63,63,62,62,43,43,10,34,34,15,15,2,0,0],"gold":14,"neow_bonus":"TEN_PERCENT_HP_BONUS","is_daily":false,"chose_seed":false,"campfire_upgraded":2,"win_rate":0.0,"timestamp":1613547300,"path_taken":["M","?","M","M","$","R","M","R","T","$","?","M","?","M","R","BOSS","M","$","M","$","M","R","M","R","T","M","?","M","?"],"items_purchased_type":["Card","Card"],"build_version":"2020-12-22","purchased_purges":2,"victory":false,"max_hp_per_floor":[82,82,82,82,82,82,82,82,82,82,82,82,82,82,82,82,82,82,82,82,82,82,82,82,82,82,82,82,82,82,82],"card_choices":[{"not_picked":["Sweeping Beam","Auto Shields","Leap"],"picked":"SKIP","floor":1},{"not_picked":["Auto Shields","Force Field","Compile Driver"],"picked":"SKIP","floor":2},{"not_picked":["Static Discharge","Loop"],"picked":"Coolheaded","floor":3},{"not_picked":["Storm","Lockon","Stack"],"picked":"SKIP","floor":4},{"not_picked":["Turbo","Undo"],"picked":"BootSequence","floor":7},{"not_picked":["Beam Cell","Streamline"],"picked":"Seek","floor":12},{"not_picked":["BootSequence","Stack","Sweeping Beam"],"picked":"SKIP","floor":13},{"not_picked":["Turbo","Cold Snap","Scrape"],"picked":"SKIP","floor":14},{"not_picked":["Biased Cognition","Seek"],"picked":"Electrodynamics","floor":16},{"not_picked":["Turbo","Streamline","Redo"],"picked":"SKIP","floor":18},{"not_picked":["Hologram","Self Repair+1"],"picked":"Fusion","floor":20},{"not_picked":["Cold Snap+1","Streamline","Go for the Eyes"],"picked":"SKIP","floor":22},{"not_picked":["Cold Snap","Consume"],"picked":"Genetic Algorithm","floor":24},{"not_picked":["Fission","Sweeping Beam","Redo"],"picked":"SKIP","floor":27},{"not_picked":["Auto Shields","Coolheaded","Cold Snap"],"picked":"SKIP","floor":29}],"player_experience":25315,"relics_obtained":[{"floor":26,"key":"Gremlin Horn"}],"event_choices":[{"damage_healed":0,"gold_gain":0,"player_choice":"Ignored","damage_taken":0,"max_hp_gain":0,"max_hp_loss":0,"event_name":"NoteForYourself","floor":11,"gold_loss":0},{"cards_removed":["Strike_B"],"damage_healed":0,"gold_gain":0,"player_choice":"Gave Gold","damage_taken":0,"max_hp_gain":0,"max_hp_loss":0,"event_name":"Beggar","floor":28,"gold_loss":75}],"is_beta":false,"boss_relics":[{"not_picked":["Fusion Hammer","Calling Bell"],"picked":"FrozenCore"}],"items_purged_floors":[5,19],"is_endless":false,"potions_floor_spawned":[2,14,16,18,20,24],"ascension_level":0}}