{"host":"trw84khdytc0ixrp","time":1613585228,"event":{"mods":["BaseMod","Downfall","Minty Spire (QoL Compilation)","StSLib"],"gold_per_floor":[99,99,24,54,54,82,131,142,42,56,56,88,99,128,148,253,253,253,264,264,77,96,123,123,137,137,37,37,51,51,66,66,66,66],"floor_reached":32,"language":"ENG","playtime":2774,"items_purged":["Slimebound:Strike_Slimebound","Slimebound:Defend_Slimebound"],"score":345,"play_id":"4a2b9943-9944-4af2-92bf-27b90e4921c9","local_time":"20210217190708","is_ascension_mode":true,"campfire_choices":[{"data":"Slimebound:Split","floor":1.0,"key":"SMITH"},{"data":"Slimebound:LeechEnergy","floor":9.0,"key":"SMITH"},{"data":"Slimebound:OozeBath","floor":18.0,"key":"PURGE"},{"data":"Slimebound:Overexert","floor":27,"key":"SMITH"},{"floor":30,"key":"REST"}],"circlet_count":0,"master_deck":["Slimebound:Strike_Slimebound","Slimebound:Strike_Slimebound+1","Slimebound:Defend_Slimebound","Slimebound:Defend_Slimebound","Slimebound:Defend_Slimebound","Slimebound:Split+1","Slimebound:CorrosiveSpit","Slimebound:SpikyOuterGoop","Slimebound:SplitMire","Slimebound:PressTheAttack","Slimebound:LeechEnergy+1","Slimebound:LeadByExample","Slimebound:LivingWall","Slimebound:Overexert+1","Slimebound:SplitSpecialist","Slimebound:SlimeSpikes","Slimebound:FirmFortitude","Slimebound:Repurpose","Slimebound:SplitMire+1","Slimebound:SplitAcid+1","Slimebound:SlimeSpikes"],"relics":["Slimebound:AbsorbEndCombat","downfall:HeartsMalice","Sundial","downfall:HeartBlessingGreen","Slimebound:ScrapOozeRelic","Lantern","Blue Candle","Runic Pyramid","Bottled Tornado","downfall:HeartBlessingBlue"],"acts_visited":["Exordium","TheCity"],"potions_floor_usage":[22,23,29],"damage_taken":[{"damage":0.0,"enemies":"Jaw Worm","floor":2.0,"turns":1.0},{"damage":0.0,"enemies":"downfall:FleeingMerchant","floor":3.0,"turns":1.0},{"damage":0.0,"enemies":"2 Louse","floor":5.0,"turns":1.0},{"damage":40.0,"enemies":"3 Sentries","floor":6.0,"turns":11.0},{"damage":0.0,"enemies":"Small Slimes","floor":8.0,"turns":2.0},{"damage":2.0,"enemies":"Red Slaver","floor":10.0,"turns":3.0},{"damage":3.0,"enemies":"Lagavulin","floor":12.0,"turns":6.0},{"damage":26.0,"enemies":"Lots of Slimes","floor":13.0,"turns":4.0},{"damage":24.0,"enemies":"3 Sentries","floor":14.0,"turns":5.0},{"damage":2.0,"enemies":"Blue Slaver","floor":15.0,"turns":3.0},{"damage":4.0,"enemies":"DF_ARCHETYPE_STREAMLINE","floor":16.0,"turns":9.0},{"damage":0.0,"enemies":"Shell Parasite","floor":19.0,"turns":4.0},{"damage":3.0,"enemies":"downfall:FleeingMerchant","floor":21.0,"turns":4.0},{"damage":22,"enemies":"downfall:LooterAlt2","floor":22,"turns":4},{"damage":3,"enemies":"Gremlin Leader","floor":23,"turns":4},{"damage":36,"enemies":"Chosen and Byrds","floor":25,"turns":5},{"damage":12,"enemies":"Shelled Parasite and Fungi","floor":29,"turns":2},{"damage":23,"enemies":"Centurion and Healer","floor":31,"turns":3},{"damage":4,"enemies":"Cultist and Chosen","floor":32,"turns":3}],"seed_played":"3338167844599994172","potions_obtained":[{"floor":8.0,"key":"EssenceOfSteel"},{"floor":10.0,"key":"PowerPotion"},{"floor":12.0,"key":"Guardian:BlockOnCardUsePotion"},{"floor":16.0,"key":"Block Potion"},{"floor":22,"key":"AttackPotion"},{"floor":23,"key":"Energy Potion"},{"floor":29,"key":"Strength Potion"}],"is_trial":false,"path_per_floor":["R","M","$","?","M","E","T","M","R","M","?","E","M","E","M","B",null,"R","M","?","$","M","E","T","M","?","R","?","M","R","M","M"],"character_chosen":"SLIMEBOUND","items_purchased":["Slimebound:Repurpose"],"campfire_rested":1,"item_purchase_floors":[21],"current_hp_per_floor":[65,65,65,65,65,40,40,44,44,48,48,53,31,7,7,11,72,72,72,72,72,52,51,51,19,19,29,21,11,35,14,10,10,10],"gold":66,"neow_bonus":"THREE_ENEMY_KILL","is_daily":false,"chose_seed":false,"campfire_upgraded":3,"win_rate":0.0,"timestamp":1613585228,"path_taken":["R","M","$","?","M","E","T","M","R","M","?","E","M","E","M","BOSS","R","M","?","$","M","E","T","M","?","R","?","M","R","M","M"],"items_purchased_type":["Card"],"build_version":"2020-12-22","purchased_purges":2,"victory":false,"max_hp_per_floor":[65,65,65,65,65,72,72,72,72,72,72,72,72,72,72,72,72,72,72,72,72,72,72,72,72,72,82,82,82,82,82,82,82,82],"card_choices":[{"not_picked":["Slimebound:ItLooksTasty","Slimebound:FormOfPuddle"],"picked":"Slimebound:SpikyOuterGoop","floor":2.0},{"not_picked":["Slimebound:SamplingLick","Slimebound:PressTheAttack"],"picked":"Slimebound:SplitMire","floor":3.0},{"not_picked":["Slimebound:DivideAndConquer","Slimebound:ComboTackle"],"picked":"Slimebound:PressTheAttack","floor":5.0},{"not_picked":["Slimebound:SamplingLick","Slimebound:HungryTackle"],"picked":"Slimebound:LeechEnergy","floor":6.0},{"not_picked":["Slimebound:Prepare","Slimebound:BestDefense"],"picked":"Slimebound:LeadByExample","floor":8.0},{"not_picked":["Slimebound:LeadByExample","Slimebound:LeechingTouch"],"picked":"Slimebound:LivingWall","floor":10.0},{"not_picked":["Slimebound:ItLooksTasty","Slimebound:LevelUp"],"picked":"Slimebound:Overexert","floor":12.0},{"not_picked":["Slimebound:FinishingTackle","Slimebound:SlimeSpikes"],"picked":"Slimebound:SplitSpecialist","floor":13.0},{"not_picked":["Slimebound:FormOfPuddle","Slimebound:ProtectTheBoss"],"picked":"Slimebound:OozeBath","floor":14.0},{"not_picked":["Slimebound:LeechingTouch","Slimebound:HungryTackle"],"picked":"Slimebound:SlimeSpikes","floor":15.0},{"not_picked":["Slimebound:OozeBath","Slimebound:Teamwork"],"picked":"Slimebound:FirmFortitude","floor":16.0},{"not_picked":["Slimebound:LeechingTouch+1","Slimebound:Schlurp","Slimebound:SlimeBrawl"],"picked":"SKIP","floor":19.0},{"not_picked":["Slimebound:PressTheAttack","Slimebound:SlimeBarrage","Slimebound:RollThrough"],"picked":"SKIP","floor":21},{"not_picked":["Slimebound:ItLooksTasty+1","Slimebound:SplitAcid"],"picked":"Slimebound:SplitMire+1","floor":22},{"not_picked":["Slimebound:ComboTackle","Slimebound:FinishingTackle"],"picked":"Slimebound:SplitAcid+1","floor":23},{"not_picked":["Slimebound:Grow","Slimebound:SplitSpecialist","Slimebound:DisruptingSlam"],"picked":"SKIP","floor":25},{"not_picked":["Slimebound:AcidTongue","Slimebound:ItLooksTasty+1"],"picked":"Slimebound:SlimeSpikes","floor":29},{"not_picked":["Slimebound:RainOfGoop","Slimebound:SplitAcid","Slimebound:FinishingTackle"],"picked":"SKIP","floor":31}],"player_experience":140176,"relics_obtained":[{"floor":6.0,"key":"Strawberry"},{"floor":12.0,"key":"Lantern"},{"floor":14.0,"key":"Blue Candle"},{"floor":23,"key":"Bottled Tornado"}],"event_choices":[{"damage_healed":0.0,"max_hp_gain":0.0,"max_hp_loss":0.0,"gold_gain":0.0,"event_name":"Vampires","player_choice":"Ignored","floor":20.0,"gold_loss":0.0,"damage_taken":0.0}],"is_beta":false,"boss_relics":[{"not_picked":["Black Star","Astrolabe"],"picked":"Runic Pyramid"}],"items_purged_floors":[3,21],"is_endless":false,"potions_floor_spawned":[8,10,12,16,22,23,29],"killed_by":"Cultist and Chosen","ascension_level":3}}