{"host":"iovigr651ajk16h5","time":1613606057,"event":{"mods":["2.2 Compatiblity","AchievementEnabler","Aspiration","BaseMod","Better Altar","Better Match","Better Note","Better Sensory Stone","Better Skull","Better Third Choice","Block Reminder","Colored Map","Ekko","Energized Spire","GifTheSpireLib","GungeonMod","Halation","Hermit","Highlight Path","Hubris","Infinite Spire","Koishi","Luminous","Marisa????????","Minty Spire (QoL Compilation)","Nova Terra(??·??)","Onozuka Komachi Mod","Permanent Neow","Prisma Mod","Quick Restart","Railgun Mod","Remilia??????","Replay The Spire","StSLib","Stuff the Spire","Td1madao Mod","The Administrix","The Bladedancer","The Bug Knight","The Construct","The Marked","TheSwordswoman","Trackpad","Waifu the Spire","WarShipGirlsR/????R mod","everything is the same but u backflip on backflip"],"gold_per_floor":[109,125,50,70,89,89,114,140,140,140,150,150,167,202,202,202,202],"floor_reached":16,"language":"ENG","playtime":684,"items_purged":["Strike_MRS"],"score":112,"play_id":"45bc577b-a45a-4353-bfa9-8f009b347b6a","local_time":"20210217185417","is_ascension_mode":false,"campfire_choices":[{"floor":6.0,"key":"REST"},{"floor":10.0,"key":"REST"},{"floor":15.0,"key":"REST"}],"circlet_count":0,"master_deck":["Strike_MRS","Strike_MRS","Defend_MRS","Defend_MRS","Defend_MRS","Defend_MRS","MasterSpark","UpSweep","OrrerysSun","EnergyFlow","MachineGunSpark","AlicesGift","GalacticHalo"],"relics":["MiniHakkero","NeowsBlessing","Strawberry","trackpad:ZombieHeart","Quantum Egg","DemoMod:GlassGuonStoneRelic","infinitespire:ShieldingShard"],"acts_visited":["Exordium"],"potions_floor_usage":[],"damage_taken":[{"damage":0.0,"enemies":"Cultist","floor":1.0,"turns":1.0},{"damage":0.0,"enemies":"Small Slimes","floor":2.0,"turns":1.0},{"damage":0.0,"enemies":"2 Louse","floor":4.0,"turns":2.0},{"damage":23.0,"enemies":"Exordium Wildlife","floor":5.0,"turns":6.0},{"damage":26.0,"enemies":"Lagavulin","floor":8.0,"turns":8.0},{"damage":10.0,"enemies":"Looter","floor":11.0,"turns":3.0},{"damage":12.0,"enemies":"Lots of Slimes","floor":13.0,"turns":7.0},{"damage":37.0,"enemies":"Gremlin Nob","floor":14.0,"turns":6.0},{"damage":0,"enemies":"The Guardian","floor":16,"turns":2}],"seed_played":"-7855688546582733946","potions_obtained":[{"floor":1.0,"key":"Reflective Coating"},{"floor":2.0,"key":"DistilledChaos"},{"floor":8.0,"key":"SpeedPotion"},{"floor":11.0,"key":"ColorlessPotion"},{"floor":14.0,"key":"Cursed Concoction"}],"is_trial":false,"path_per_floor":["M","M","$","M","M","R","T","E","T","R","M","?","M","E","R","B"],"character_chosen":"MARISA","items_purchased":[],"campfire_rested":3,"item_purchase_floors":[],"current_hp_per_floor":[75,75,75,75,52,74,81,55,55,79,70,63,56,20,46,46,46],"gold":202,"neow_bonus":"THREE_ENEMY_KILL","is_daily":false,"chose_seed":false,"campfire_upgraded":0,"win_rate":0.0,"timestamp":1613606057,"path_taken":["M","?","$","M","M","R","?","E","T","R","M","?","M","E","R","BOSS"],"items_purchased_type":[],"build_version":"2020-12-22","purchased_purges":1,"victory":false,"max_hp_per_floor":[75,75,75,75,75,75,82,82,82,82,83,83,88,89,89,89,89],"card_choices":[{"not_picked":["MilkyWay","GravityBeat"],"picked":"OrrerysSun","floor":1.0},{"not_picked":["NonDirectionalLaser","AsteroidBelt"],"picked":"EnergyFlow","floor":2.0},{"not_picked":["ShootingEcho","StarlightTyphoon"],"picked":"MachineGunSpark","floor":4.0},{"not_picked":["6A","LuminesStrike"],"picked":"AlicesGift","floor":5.0},{"not_picked":["PulseMagic","UnstableBomb","NonDirectionalLaser"],"picked":"SKIP","floor":8.0},{"not_picked":["6A","ShootTheMoon"],"picked":"GalacticHalo","floor":11.0},{"not_picked":["WitchLeyline","WitchOfGreed","OpenUniverse"],"picked":"SKIP","floor":13.0},{"not_picked":["NonDirectionalLaser","ManaConvection","MagicChant"],"picked":"SKIP","floor":14.0}],"player_experience":357647,"relics_obtained":[{"floor":7.0,"key":"Strawberry"},{"floor":8.0,"key":"trackpad:ZombieHeart"},{"floor":9.0,"key":"Quantum Egg"},{"floor":14.0,"key":"infinitespire:ShieldingShard"}],"event_choices":[{"cards_removed":["Strike_MRS"],"damage_healed":0.0,"max_hp_gain":0.0,"max_hp_loss":0.0,"gold_gain":0.0,"event_name":"Golden Wing","player_choice":"Card Removal","floor":12.0,"gold_loss":0.0,"damage_taken":7.0}],"is_beta":false,"boss_relics":[],"items_purged_floors":[3],"is_endless":false,"potions_floor_spawned":[1,2,8,11,14],"killed_by":"The Guardian","ascension_level":0}}