{"host":"sxnl403xm2xmiyj1","time":1613564791,"event":{"mods":["AchievementEnabler","BaseMod","Colored Map","Keyboard Shortcuts","Minty Spire (QoL Compilation)","Quick Restart","StSLib","SuperFastMode"],"gold_per_floor":[114,134,57,57,1,31,31,61,61,61,77,102,102,117,117,191,191,201,126,41,54,54,54,88,88,88,103,133,3,3,34,34,110,110,125,125,141,141,11,37,51,51,75,75,100,116,131,159,159,159,159,159,81,115,115],"floor_reached":56,"language":"KOR","playtime":1017,"items_purged":["Strike_G","Strike_G"],"score":2587,"play_id":"709ebccd-6ac0-4ab4-88bc-f4d60f8e350f","local_time":"20210217212631","is_ascension_mode":true,"campfire_choices":[{"data":"Terror","floor":7.0,"key":"SMITH"},{"data":"Cloak And Dagger","floor":10.0,"key":"SMITH"},{"data":"Acrobatics","floor":15.0,"key":"SMITH"},{"data":"After Image","floor":23.0,"key":"SMITH"},{"data":"Envenom","floor":25.0,"key":"SMITH"},{"data":"Accuracy","floor":32.0,"key":"SMITH"},{"data":"A Thousand Cuts","floor":42.0,"key":"SMITH"},{"data":"Accuracy","floor":44.0,"key":"SMITH"},{"floor":49,"key":"RECALL"},{"data":"Calculated Gamble","floor":52,"key":"SMITH"}],"circlet_count":0,"master_deck":["AscendersBane","Strike_G","Defend_G","Defend_G","Defend_G","Defend_G","Defend_G","Survivor","Neutralize","Crippling Poison","Blade Dance","Terror+1","Malaise","Footwork","Blade Dance","Blade Dance","Cloak And Dagger+1","Acrobatics+1","Tactician","Reflex","Envenom+1","CurseOfTheBell","After Image+1","Prepared+1","Blade Dance+1","Accuracy+1","Slice","A Thousand Cuts+1","Underhanded Strike","Dodge and Roll","Storm of Steel","Tactician","Poisoned Stab","Blade Dance","Accuracy+1","Calculated Gamble+1","Cloak And Dagger+1","Underhanded Strike+1","Tactician+1","Backflip","Blade Dance","Blade Dance","Prepared"],"relics":["Ring of the Snake","NeowsBlessing","Shuriken","Question Card","Ancient Tea Set","Paper Crane","Calling Bell","PreservedInsect","Letter Opener","Calipers","FossilizedHelix","Gremlin Horn","HornCleat","Bag of Preparation","Smiling Mask","Sozu","Ninja Scroll","Bottled Flame","Omamori","MealTicket","Unceasing Top"],"acts_visited":["Exordium","TheCity","TheBeyond","TheEnding"],"potions_floor_usage":[55],"damage_taken":[{"damage":0.0,"enemies":"Cultist","floor":1.0,"turns":1.0},{"damage":0.0,"enemies":"2 Louse","floor":2.0,"turns":1.0},{"damage":0.0,"enemies":"Gremlin Nob","floor":6.0,"turns":1.0},{"damage":13.0,"enemies":"3 Sentries","floor":8.0,"turns":6.0},{"damage":0.0,"enemies":"Small Slimes","floor":11.0,"turns":2.0},{"damage":0.0,"enemies":"Gremlin Nob","floor":12.0,"turns":2.0},{"damage":0.0,"enemies":"Looter","floor":14.0,"turns":1.0},{"damage":29.0,"enemies":"Slime Boss","floor":16.0,"turns":8.0},{"damage":7.0,"enemies":"3 Byrds","floor":18.0,"turns":4.0},{"damage":0.0,"enemies":"2 Thieves","floor":21.0,"turns":4.0},{"damage":0.0,"enemies":"Slavers","floor":24.0,"turns":7.0},{"damage":0.0,"enemies":"Centurion and Healer","floor":27.0,"turns":4.0},{"damage":7.0,"enemies":"Book of Stabbing","floor":28.0,"turns":3.0},{"damage":0.0,"enemies":"Slavers","floor":31.0,"turns":2.0},{"damage":12.0,"enemies":"Champ","floor":33.0,"turns":7.0},{"damage":0.0,"enemies":"3 Shapes","floor":35.0,"turns":3.0},{"damage":0.0,"enemies":"Orb Walker","floor":37.0,"turns":3.0},{"damage":0.0,"enemies":"Giant Head","floor":40.0,"turns":4.0},{"damage":0.0,"enemies":"Maw","floor":41.0,"turns":5.0},{"damage":0,"enemies":"Nemesis","floor":45,"turns":3},{"damage":9,"enemies":"Writhing Mass","floor":46,"turns":4},{"damage":0,"enemies":"3 Darklings","floor":47,"turns":4},{"damage":0,"enemies":"Giant Head","floor":48,"turns":4},{"damage":1,"enemies":"Donu and Deca","floor":50,"turns":6},{"damage":0,"enemies":"Shield and Spear","floor":54,"turns":3},{"damage":64,"enemies":"The Heart","floor":55,"turns":8}],"seed_played":"6126590707791544330","potions_obtained":[{"floor":1.0,"key":"Poison Potion"},{"floor":6.0,"key":"Dexterity Potion"},{"floor":11.0,"key":"BlessingOfTheForge"},{"floor":14.0,"key":"Ancient Potion"},{"floor":21.0,"key":"SteroidPotion"},{"floor":31.0,"key":"Dexterity Potion"},{"floor":33.0,"key":"Ancient Potion"}],"is_trial":false,"path_per_floor":["M","M","$","?","$","E","R","E","T","R","M","E","?","M","R","B",null,"M","?","?","M","$","R","E","R","T","M","E","$","?","E","R","B",null,"M","?","M","?","$","E","M","R","T","R","E","M","M","E","R","B",null,"R","$","E","B",null],"character_chosen":"THE_SILENT","items_purchased":["Terror","Blade Dance","A Thousand Cuts","Underhanded Strike","Accuracy","Blade Dance"],"campfire_rested":0,"item_purchase_floors":[3,5,29,29,39,53],"current_hp_per_floor":[59,59,59,59,59,59,59,46,46,46,46,46,51,51,51,22,59,52,52,52,52,52,52,52,52,52,52,45,45,45,45,45,33,62,62,62,62,62,62,62,62,62,62,62,62,53,53,53,53,52,66,66,71,71,7],"gold":115,"neow_bonus":"THREE_ENEMY_KILL","is_daily":false,"chose_seed":false,"campfire_upgraded":9,"win_rate":0.0,"timestamp":1613564791,"path_taken":["M","?","$","?","?","E","R","E","T","R","M","E","?","M","R","BOSS","M","?","?","M","$","R","E","R","T","M","E","$","?","E","R","BOSS","M","?","?","?","?","E","?","R","T","R","E","M","M","E","R","BOSS","R","$","E","BOSS"],"items_purchased_type":["Card","Card","Card","Card","Card","Card"],"build_version":"2020-12-22","purchased_purges":2,"victory":true,"max_hp_per_floor":[66,66,66,66,66,66,66,66,66,66,66,66,71,71,71,71,71,71,71,71,71,71,71,71,71,71,71,71,71,71,71,71,71,71,71,71,71,71,71,71,71,71,71,71,71,71,71,71,71,71,71,71,71,71,71],"card_choices":[{"not_picked":["Predator","Dagger Throw"],"picked":"Crippling Poison","floor":1.0},{"not_picked":["Cloak And Dagger","Masterful Stab"],"picked":"Blade Dance","floor":2.0},{"not_picked":["Noxious Fumes","Dash"],"picked":"Blade Dance","floor":6.0},{"not_picked":["Dodge and Roll","Bouncing Flask"],"picked":"Cloak And Dagger","floor":8.0},{"not_picked":["PiercingWail","Heel Hook","Backflip"],"picked":"Acrobatics","floor":11.0},{"not_picked":["Footwork","Storm of Steel","Sucker Punch"],"picked":"Tactician","floor":12.0},{"not_picked":["PiercingWail","Flying Knee","Crippling Poison"],"picked":"Reflex","floor":14.0},{"not_picked":["Adrenaline","Grand Finale","Glass Knife"],"picked":"Envenom","floor":16.0},{"not_picked":["Setup","Blade Dance","PiercingWail"],"picked":"After Image","floor":18.0},{"not_picked":["Predator","Underhanded Strike","Dodge and Roll"],"picked":"Prepared+1","floor":21.0},{"not_picked":["PiercingWail","Slice","Leg Sweep"],"picked":"Blade Dance+1","floor":24.0},{"not_picked":["Poisoned Stab","Phantasmal Killer","Flying Knee"],"picked":"Accuracy","floor":27.0},{"not_picked":["Bouncing Flask+1","Noxious Fumes","Sucker Punch"],"picked":"Slice","floor":28.0},{"not_picked":["Backflip+1","Flying Knee","Sucker Punch"],"picked":"Dodge and Roll","floor":31.0},{"not_picked":["Bullet Time","Unload","Corpse Explosion"],"picked":"Storm of Steel","floor":33.0},{"not_picked":["Dodge and Roll","PiercingWail","Acrobatics"],"picked":"Tactician","floor":35.0},{"not_picked":["Crippling Poison","Caltrops","Cloak And Dagger"],"picked":"Blade Dance","floor":37.0},{"not_picked":["Flying Knee+1","Dagger Spray","Outmaneuver"],"picked":"Calculated Gamble","floor":40.0},{"not_picked":["Poisoned Stab","Venomology","Prepared"],"picked":"Cloak And Dagger+1","floor":41.0},{"not_picked":["Dagger Spray+1","Wraith Form v2","Slice+1"],"picked":"Underhanded Strike+1","floor":45},{"not_picked":["Prepared+1","Cloak And Dagger","Acrobatics"],"picked":"Tactician+1","floor":46},{"not_picked":["Dagger Throw","Riddle With Holes","Outmaneuver+1"],"picked":"Backflip","floor":47},{"not_picked":["All Out Attack+1","Flying Knee","Bullet Time"],"picked":"Blade Dance","floor":48},{"not_picked":["PiercingWail","Heel Hook","Crippling Poison"],"picked":"Prepared","floor":54}],"player_experience":224463,"relics_obtained":[{"floor":6.0,"key":"Shuriken"},{"floor":8.0,"key":"Question Card"},{"floor":9.0,"key":"Ancient Tea Set"},{"floor":12.0,"key":"Paper Crane"},{"floor":17.0,"key":"PreservedInsect"},{"floor":17.0,"key":"Letter Opener"},{"floor":17.0,"key":"Calipers"},{"floor":24.0,"key":"Gremlin Horn"},{"floor":26.0,"key":"HornCleat"},{"floor":28.0,"key":"Bag of Preparation"},{"floor":31.0,"key":"Smiling Mask"},{"floor":40.0,"key":"Bottled Flame"},{"floor":45,"key":"Omamori"},{"floor":48,"key":"MealTicket"},{"floor":54,"key":"Unceasing Top"}],"event_choices":[{"damage_healed":0.0,"max_hp_gain":0.0,"max_hp_loss":0.0,"gold_gain":0.0,"event_name":"Match and Keep!","player_choice":"2 cards matched","floor":4.0,"gold_loss":0.0,"damage_taken":0.0,"cards_obtained":["Malaise","Footwork"]},{"damage_healed":0.0,"max_hp_gain":5.0,"max_hp_loss":0.0,"gold_gain":0.0,"event_name":"Big Fish","player_choice":"Donut","floor":13.0,"gold_loss":0.0,"damage_taken":0.0},{"cards_removed":["Strike_G"],"damage_healed":0.0,"max_hp_gain":0.0,"max_hp_loss":0.0,"gold_gain":0.0,"event_name":"Beggar","player_choice":"Gave Gold","floor":19.0,"gold_loss":75.0,"damage_taken":0.0},{"damage_healed":0.0,"max_hp_gain":0.0,"max_hp_loss":0.0,"gold_gain":0.0,"event_name":"Addict","player_choice":"Obtained Relic","floor":20.0,"gold_loss":85.0,"damage_taken":0.0,"relics_obtained":["FossilizedHelix"]},{"damage_healed":0.0,"max_hp_gain":0.0,"max_hp_loss":0.0,"gold_gain":0.0,"event_name":"Ghosts","player_choice":"Ignored","floor":30.0,"gold_loss":0.0,"damage_taken":0.0},{"damage_healed":0.0,"max_hp_gain":0.0,"max_hp_loss":0.0,"gold_gain":0.0,"cards_transformed":["Strike_G"],"event_name":"Transmorgrifier","player_choice":"Transformed","floor":36.0,"gold_loss":0.0,"damage_taken":0.0,"cards_obtained":["Poisoned Stab"]},{"damage_healed":0.0,"max_hp_gain":0.0,"max_hp_loss":0.0,"gold_gain":0.0,"event_name":"WeMeetAgain","player_choice":"Gave Potion","floor":38.0,"gold_loss":0.0,"damage_taken":0.0,"relics_obtained":["Ninja Scroll"]}],"is_beta":false,"boss_relics":[{"not_picked":["Runic Dome","Tiny House"],"picked":"Calling Bell"},{"not_picked":["Cursed Key","Busted Crown"],"picked":"Sozu"}],"items_purged_floors":[39,53],"is_endless":false,"potions_floor_spawned":[1,6,11,14,21,31,33,35,40,46],"ascension_level":17}}