{"host":"8d3fefv2347kqkpz","time":1613578304,"event":{"mods":["AchievementEnabler","Aspiration","BaseMod","Better Vampires","BetterRewards","Colored Map","Colored Powertips","Downfall","Emptier Cage","Highlight Path","Marked Mod","Minty Spire (QoL Compilation)","Permanent Neow","Quick Restart","Rare Cards Sparkle","Relic Stats","Say the Spire","Spicy Shops","StSLib","Waifu the Spire"],"gold_per_floor":[113,132,142,217,227,227,237,237,261,280,205,219,232,232,232,337,337,352,252,237,253,100,100,100,100],"floor_reached":24,"language":"ZHS","playtime":723,"items_purged":["Strike_P","Defend_P"],"score":192,"play_id":"6a9bdc21-f2ed-42c4-a46a-9177175b2d00","local_time":"20210218001144","is_ascension_mode":false,"campfire_choices":[{"data":"Eruption","floor":6,"key":"SMITH"},{"floor":8,"key":"RECALL"},{"floor":15,"key":"REST"},{"data":"Vigilance","floor":23,"key":"SMITH"}],"circlet_count":0,"master_deck":["Strike_P","Strike_P","Strike_P","Defend_P","Defend_P","Defend_P","Eruption+1","Vigilance+1","ClearTheMind","InnerPeace"],"relics":["PureWater","TungstenRod","VioletLotus","Lee\u0027s Waffle"],"acts_visited":["Exordium","TheCity"],"potions_floor_usage":[16,16,16],"damage_taken":[{"damage":0,"enemies":"Cultist","floor":1,"turns":3},{"damage":0,"enemies":"Small Slimes","floor":2,"turns":4},{"damage":0,"enemies":"Jaw Worm","floor":3,"turns":4},{"damage":0,"enemies":"Looter","floor":5,"turns":4},{"damage":0,"enemies":"Large Slime","floor":7,"turns":6},{"damage":7,"enemies":"3 Louse","floor":10,"turns":4},{"damage":0,"enemies":"Red Slaver","floor":12,"turns":3},{"damage":4,"enemies":"Large Slime","floor":13,"turns":5},{"damage":37,"enemies":"The Guardian","floor":16,"turns":13},{"damage":29,"enemies":"Chosen","floor":18,"turns":9},{"damage":12,"enemies":"2 Thieves","floor":20,"turns":4},{"damage":4,"enemies":"Centurion and Healer","floor":21,"turns":9},{"damage":85,"enemies":"Slavers","floor":24,"turns":4}],"seed_played":"4360616631366354300","potions_obtained":[{"floor":3,"key":"SpeedPotion"},{"floor":5,"key":"FearPotion"},{"floor":10,"key":"LiquidMemories"},{"floor":13,"key":"AttackPotion"},{"floor":16,"key":"SteroidPotion"},{"floor":18,"key":"CultistPotion"}],"is_trial":false,"path_per_floor":["M","M","M","?","M","R","M","R","T","M","$","M","M","?","R","B",null,"M","$","M","M","$","R","E"],"character_chosen":"WATCHER","items_purchased":["Lee\u0027s Waffle"],"campfire_rested":1,"item_purchase_floors":[22],"current_hp_per_floor":[51,51,51,45,45,45,45,45,45,38,38,38,34,34,55,18,72,43,43,31,27,79,79,0,0],"gold":100,"neow_bonus":"ONE_RARE_RELIC","is_daily":false,"chose_seed":false,"campfire_upgraded":2,"win_rate":0.0,"timestamp":1613578304,"path_taken":["M","?","M","?","M","R","M","R","T","?","$","M","M","?","R","BOSS","M","$","M","M","$","R","E"],"items_purchased_type":["Relic"],"build_version":"2020-12-22","purchased_purges":2,"victory":false,"max_hp_per_floor":[72,72,72,72,72,72,72,72,72,72,72,72,72,72,72,72,72,72,72,72,72,79,79,79,79],"relic_stats":{"Lee\u0027s Waffle":52,"counters":[13,72],"VioletLotus":[10],"obtain_stats":[{"Lee\u0027s Waffle":22,"VioletLotus":17,"PureWater":0,"TungstenRod":0},{"Lee\u0027s Waffle":12,"VioletLotus":9,"PureWater":0,"TungstenRod":0},{"Lee\u0027s Waffle":68,"VioletLotus":46,"PureWater":0,"TungstenRod":0}],"TungstenRod":36},"card_choices":[{"not_picked":["FollowUp","Consecrate","EmptyMind"],"picked":"SKIP","floor":1},{"not_picked":["Vengeance","BowlingBash","Evaluate"],"picked":"SKIP","floor":2},{"not_picked":["Halt","WindmillStrike","MarkedMod:Acupuncture"],"picked":"SKIP","floor":3},{"not_picked":["Prostrate","Collect","Evaluate"],"picked":"SKIP","floor":5},{"not_picked":["MarkedMod:GentlePulse","MarkedMod:FirstStrike"],"picked":"ClearTheMind","floor":7},{"not_picked":["MarkedMod:GracefulMovements","Perseverance","FlurryOfBlows"],"picked":"SKIP","floor":10},{"not_picked":["EmptyFist","WindmillStrike","Sanctity"],"picked":"SKIP","floor":12},{"not_picked":["Sanctity","FlyingSleeves","ThirdEye"],"picked":"SKIP","floor":13},{"not_picked":["CutThroughFate","MarkedMod:FirstStrike","WreathOfFlame+1"],"picked":"SKIP","floor":18},{"not_picked":["WreathOfFlame","ThirdEye"],"picked":"InnerPeace","floor":20},{"not_picked":["PathToVictory","FlyingSleeves","Wireheading"],"picked":"SKIP","floor":21}],"player_experience":453114,"relics_obtained":[],"event_choices":[{"damage_healed":0,"gold_gain":75,"player_choice":"Touch","damage_taken":7,"max_hp_gain":0,"max_hp_loss":0,"event_name":"FaceTrader","floor":4,"gold_loss":0},{"damage_healed":0,"gold_gain":0,"player_choice":"Ignored","damage_taken":0,"max_hp_gain":0,"max_hp_loss":0,"event_name":"Golden Idol","floor":14,"gold_loss":0}],"is_beta":false,"boss_relics":[{"not_picked":["aspiration:RitualDagger","Velvet Choker"],"picked":"VioletLotus"}],"items_purged_floors":[11,19],"is_endless":false,"potions_floor_spawned":[3,5,10,13,16,18],"killed_by":"Slavers","ascension_level":0}}