{"host":"ftf7rwqr5w72pdsx","time":1613527991,"event":{"mods":["BaseMod","Bestiary","Minty Spire (QoL Compilation)","Relic Stats","Slay the Relics Exporter"],"gold_per_floor":[115,126,126,140,154,154,165,165,188,198,223,398,398,414,414,515,515,529,302,217,217,285,285,313,313,313,313,331,331,331],"floor_reached":29,"language":"ENG","playtime":987,"items_purged":[],"score":421,"play_id":"6dce0b7d-6015-4d9c-817c-7b8d63b01cbe","local_time":"20210216201311","is_ascension_mode":true,"campfire_choices":[{"data":"Defragment","floor":6.0,"key":"SMITH"},{"floor":8.0,"key":"REST"},{"floor":13.0,"key":"REST"},{"floor":15.0,"key":"REST"},{"data":"Consume","floor":23.0,"key":"SMITH"},{"floor":25,"key":"REST"}],"circlet_count":0,"master_deck":["AscendersBane","Strike_B","Strike_B","Strike_B","Strike_B","Defend_B","Defend_B","Defend_B","Defend_B+1","Zap","Dualcast","Defragment+1","Streamline","Doom and Gloom","Hologram","Ball Lightning","Steam","Doubt","Tempest","Leap+1","Rip and Tear","Electrodynamics","Capacitor","Consume+1","Biased Cognition","Cold Snap+1","Sweeping Beam+1","Turbo","Electrodynamics","Clumsy","Reprogram","Conserve Battery+1","Regret","Rebound"],"relics":["Velvet Choker","MealTicket","Dream Catcher","Tiny Chest","Cursed Key","Orrery","War Paint","Frozen Egg 2","Vajra","Darkstone Periapt"],"acts_visited":["Exordium","TheCity"],"potions_floor_usage":[24,27,29],"damage_taken":[{"damage":0.0,"enemies":"Cultist","floor":1.0,"turns":4.0},{"damage":10.0,"enemies":"Small Slimes","floor":2.0,"turns":4.0},{"damage":5.0,"enemies":"2 Louse","floor":4.0,"turns":3.0},{"damage":10.0,"enemies":"Exordium Wildlife","floor":5.0,"turns":4.0},{"damage":4.0,"enemies":"Red Slaver","floor":7.0,"turns":3.0},{"damage":23.0,"enemies":"Lots of Slimes","floor":10.0,"turns":3.0},{"damage":27.0,"enemies":"3 Sentries","floor":11.0,"turns":6.0},{"damage":0.0,"enemies":"Large Slime","floor":14.0,"turns":4.0},{"damage":41.0,"enemies":"Slime Boss","floor":16.0,"turns":9.0},{"damage":16.0,"enemies":"2 Thieves","floor":18.0,"turns":3.0},{"damage":68,"enemies":"Gremlin Leader","floor":24,"turns":7},{"damage":0,"enemies":"Slavers","floor":27,"turns":1},{"damage":28,"enemies":"Shell Parasite","floor":28,"turns":5},{"damage":3,"enemies":"Snecko","floor":29,"turns":3}],"seed_played":"-6384361324771531271","potions_obtained":[{"floor":1.0,"key":"ColorlessPotion"},{"floor":4.0,"key":"SkillPotion"},{"floor":5.0,"key":"FocusPotion"},{"floor":14.0,"key":"SmokeBomb"},{"floor":16.0,"key":"SpeedPotion"},{"floor":24,"key":"Swift Potion"}],"is_trial":false,"path_per_floor":["M","M","T","M","M","R","M","R","T","M","E","?","R","M","R","B",null,"M","$","?","?","T","R","E","R","T","E","M","M"],"character_chosen":"DEFECT","items_purchased":["Consume","Orrery"],"campfire_rested":4,"item_purchase_floors":[19,19],"current_hp_per_floor":[68,58,58,53,43,43,39,61,61,38,11,11,33,33,55,14,60,44,59,59,75,75,75,7,29,29,29,1,0,0],"gold":331,"neow_bonus":"BOSS_RELIC","is_daily":false,"chose_seed":false,"campfire_upgraded":2,"win_rate":0.0,"timestamp":1613527991,"path_taken":["M","M","?","M","M","R","M","R","T","M","E","?","R","M","R","BOSS","M","$","?","?","?","R","E","R","T","E","M","?"],"items_purchased_type":["Card","Relic"],"build_version":"2020-12-22","purchased_purges":0,"victory":false,"max_hp_per_floor":[75,75,75,75,75,75,75,75,75,75,75,75,75,75,75,75,75,75,75,75,75,75,75,75,75,75,75,75,75,75],"relic_stats":{"Darkstone Periapt":0,"Dream Catcher":3,"counters":[14,59],"MealTicket":15,"Tiny Chest":1,"War Paint":["Leap","Defend_B"],"Cursed Key":2,"obtain_stats":[{"Darkstone Periapt":26,"Dream Catcher":9,"Velvet Choker":0,"Orrery":19,"Vajra":24,"MealTicket":3,"Tiny Chest":11,"War Paint":20,"Frozen Egg 2":22,"Cracked Core":0,"Cursed Key":17},{"Darkstone Periapt":11,"Dream Catcher":5,"Velvet Choker":0,"Orrery":10,"Vajra":11,"MealTicket":2,"Tiny Chest":7,"War Paint":10,"Frozen Egg 2":10,"Cracked Core":0,"Cursed Key":9},{"Darkstone Periapt":50,"Dream Catcher":18,"Velvet Choker":0,"Orrery":43,"Vajra":50,"MealTicket":8,"Tiny Chest":27,"War Paint":43,"Frozen Egg 2":43,"Cracked Core":0,"Cursed Key":40}]},"card_choices":[{"not_picked":["Rip and Tear","Rebound"],"picked":"Defragment","floor":1.0},{"not_picked":["Storm","Heatsinks"],"picked":"Streamline","floor":2.0},{"not_picked":["Hologram","Redo"],"picked":"Doom and Gloom","floor":4.0},{"not_picked":["Amplify","Stack"],"picked":"Hologram","floor":5.0},{"not_picked":["Barrage","Compile Driver"],"picked":"Ball Lightning","floor":7.0},{"not_picked":["Redo","Loop"],"picked":"Reprogram","floor":10.0},{"not_picked":["Streamline","Storm"],"picked":"Steam","floor":11.0},{"not_picked":["Turbo","Aggregate"],"picked":"Tempest","floor":13.0},{"not_picked":["Beam Cell","Multi-Cast"],"picked":"Leap","floor":14.0},{"not_picked":["Hologram","Go for the Eyes"],"picked":"Rip and Tear","floor":15.0},{"not_picked":["Machine Learning","Hyperbeam"],"picked":"Electrodynamics","floor":16.0},{"not_picked":["Go for the Eyes","Chill"],"picked":"Capacitor","floor":18.0},{"not_picked":["Scrape+1","Compile Driver"],"picked":"Biased Cognition","floor":19.0},{"not_picked":["Redo","Coolheaded"],"picked":"Cold Snap+1","floor":19.0},{"not_picked":["Stack","Steam Power"],"picked":"Sweeping Beam+1","floor":19.0},{"not_picked":["Compile Driver","Rebound"],"picked":"Turbo","floor":19.0},{"not_picked":["Turbo","Static Discharge"],"picked":"Electrodynamics","floor":19.0},{"not_picked":["Melter","Barrage"],"picked":"Reprogram","floor":24},{"not_picked":["Go for the Eyes","Ball Lightning"],"picked":"Conserve Battery+1","floor":25},{"not_picked":["Sweeping Beam","Melter"],"picked":"Rebound","floor":28}],"player_experience":829037,"relics_obtained":[{"floor":3.0,"key":"MealTicket"},{"floor":9.0,"key":"Dream Catcher"},{"floor":11.0,"key":"Tiny Chest"},{"floor":22.0,"key":"Frozen Egg 2"},{"floor":24,"key":"Vajra"},{"floor":26,"key":"Darkstone Periapt"}],"event_choices":[{"damage_healed":0.0,"max_hp_gain":0.0,"max_hp_loss":0.0,"gold_gain":175.0,"event_name":"Liars Game","player_choice":"AGREE","floor":12.0,"gold_loss":0.0,"damage_taken":0.0,"cards_obtained":["Doubt"]},{"damage_healed":0.0,"max_hp_gain":0.0,"max_hp_loss":0.0,"gold_gain":0.0,"event_name":"Addict","player_choice":"Obtained Relic","floor":20.0,"gold_loss":85.0,"damage_taken":0.0,"relics_obtained":["War Paint"]},{"cards_removed":["Reprogram"],"damage_healed":16.0,"max_hp_gain":0.0,"max_hp_loss":0.0,"gold_gain":0.0,"event_name":"Bonfire Elementals","player_choice":"Offered Uncommon","floor":21.0,"gold_loss":0.0,"damage_taken":0.0}],"is_beta":false,"boss_relics":[{"not_picked":["SlaversCollar","Busted Crown"],"picked":"Cursed Key"}],"items_purged_floors":[],"is_endless":false,"potions_floor_spawned":[1,4,5,14,16,24,27],"killed_by":"Snecko","ascension_level":12}}