{"host":"6a9c3xws62y7efyw","time":1613546491,"event":{"mods":["BaseMod","Colored Map","Minty Spire (QoL Compilation)","Relic Stats","StSLib"],"gold_per_floor":[113,78,93,93,113,113,129,129,152,152,179,198,198,8,8,82,82,92,111,123,123,123],"floor_reached":21,"language":"ENG","playtime":883,"items_purged":["Strike_G"],"score":362,"play_id":"73f69d95-f9c8-4c5e-9f5e-e8f142bbea18","local_time":"20210216232131","is_ascension_mode":true,"campfire_choices":[{"data":"A Thousand Cuts","floor":6.0,"key":"SMITH"},{"floor":13.0,"key":"REST"},{"data":"Cloak And Dagger","floor":15.0,"key":"SMITH"}],"circlet_count":0,"master_deck":["AscendersBane","Strike_G","Strike_G","Strike_G","Defend_G","Defend_G","Defend_G","Defend_G","Defend_G","Survivor","Neutralize","A Thousand Cuts+1","Underhanded Strike","Deadly Poison","Deflect","Cloak And Dagger+1","Leg Sweep","Dagger Throw","Backstab","Dagger Throw","Flying Knee","Burst","Acrobatics","Poisoned Stab+1"],"relics":["Ring of the Snake","Smiling Mask","Boot","Snecko Eye"],"acts_visited":["Exordium","TheCity"],"potions_floor_usage":[19,21],"damage_taken":[{"damage":0.0,"enemies":"2 Louse","floor":1.0,"turns":3.0},{"damage":1.0,"enemies":"Small Slimes","floor":3.0,"turns":3.0},{"damage":0.0,"enemies":"Cultist","floor":5.0,"turns":3.0},{"damage":7.0,"enemies":"Exordium Thugs","floor":7.0,"turns":5.0},{"damage":42.0,"enemies":"Gremlin Nob","floor":11.0,"turns":6.0},{"damage":0.0,"enemies":"Looter","floor":12.0,"turns":4.0},{"damage":13.0,"enemies":"Slime Boss","floor":16.0,"turns":8.0},{"damage":7,"enemies":"Shell Parasite","floor":18,"turns":7},{"damage":23,"enemies":"Spheric Guardian","floor":19,"turns":7},{"damage":10,"enemies":"Snake Plant","floor":20,"turns":4},{"damage":14,"enemies":"Snecko","floor":21,"turns":5}],"seed_played":"-4158712306279139540","potions_obtained":[{"floor":3.0,"key":"DistilledChaos"},{"floor":7.0,"key":"FearPotion"},{"floor":18,"key":"Energy Potion"},{"floor":20,"key":"PowerPotion"}],"is_trial":false,"path_per_floor":["M","?","M","?","M","R","M","T","T","?","E","M","R","$","R","B",null,"M","M","M","M"],"character_chosen":"THE_SILENT","items_purchased":["Dagger Throw","Poison Potion","Flying Knee"],"campfire_rested":1,"item_purchase_floors":[14,14,14],"current_hp_per_floor":[44,60,59,59,59,59,52,52,52,52,10,10,29,29,29,16,54,47,24,14,0,0],"gold":123,"neow_bonus":"THREE_RARE_CARDS","is_daily":false,"chose_seed":false,"campfire_upgraded":2,"win_rate":0.0,"timestamp":1613546491,"path_taken":["M","?","M","?","?","R","M","?","T","?","E","M","R","?","R","BOSS","BOSS","M","M","M","M"],"items_purchased_type":["Card","Potion","Card"],"build_version":"2020-12-22","purchased_purges":1,"victory":false,"max_hp_per_floor":[66,66,66,66,66,66,66,66,66,66,66,66,66,66,66,66,66,66,66,66,66,66],"relic_stats":{"counters":[11,55],"Snecko Eye":[39,41,55,44],"Smiling Mask":25,"Boot":[37],"obtain_stats":[{"Snecko Eye":17,"Smiling Mask":9,"Boot":11,"Ring of the Snake":0},{"Snecko Eye":7,"Smiling Mask":4,"Boot":5,"Ring of the Snake":0},{"Snecko Eye":32,"Smiling Mask":14,"Boot":20,"Ring of the Snake":0}],"Ring of the Snake":[22]},"card_choices":[{"not_picked":["Unload","Venomology"],"picked":"A Thousand Cuts","floor":0.0},{"not_picked":["Acrobatics","Outmaneuver"],"picked":"Underhanded Strike","floor":1.0},{"not_picked":["PiercingWail","Prepared"],"picked":"Deadly Poison","floor":3.0},{"not_picked":["Dagger Throw","Backflip"],"picked":"Cloak And Dagger","floor":5.0},{"not_picked":["Doppelganger","Quick Slash"],"picked":"Leg Sweep","floor":7.0},{"not_picked":["Night Terror","Eviscerate"],"picked":"Dagger Throw","floor":11.0},{"not_picked":["Dagger Throw","Catalyst"],"picked":"Backstab","floor":12.0},{"not_picked":["Storm of Steel","Bullet Time"],"picked":"Burst","floor":16},{"not_picked":["Bane","Deadly Poison"],"picked":"Acrobatics","floor":18},{"not_picked":["Tactician","Underhanded Strike"],"picked":"Poisoned Stab+1","floor":19},{"not_picked":["Acrobatics","Poisoned Stab","Finisher"],"picked":"SKIP","floor":20}],"player_experience":1546591,"relics_obtained":[{"floor":9.0,"key":"Smiling Mask"},{"floor":11.0,"key":"Boot"}],"event_choices":[{"damage_healed":16.0,"max_hp_gain":0.0,"max_hp_loss":0.0,"gold_gain":0.0,"event_name":"The Cleric","player_choice":"Healed","floor":2.0,"gold_loss":35.0,"damage_taken":0.0},{"damage_healed":0.0,"max_hp_gain":0.0,"max_hp_loss":0.0,"gold_gain":0.0,"cards_transformed":["Strike_G"],"event_name":"Transmorgrifier","player_choice":"Transformed","floor":4.0,"gold_loss":0.0,"damage_taken":0.0,"cards_obtained":["Deflect"]},{"damage_healed":0.0,"max_hp_gain":0.0,"max_hp_loss":0.0,"gold_gain":0.0,"event_name":"Liars Game","player_choice":"Ignored","floor":10.0,"gold_loss":0.0,"damage_taken":0.0}],"is_beta":false,"boss_relics":[{"not_picked":["Philosopher\u0027s Stone","Calling Bell"],"picked":"Snecko Eye"}],"items_purged_floors":[14],"is_endless":false,"potions_floor_spawned":[3,7,18,20],"killed_by":"Snecko","ascension_level":20}}