{"host":"956g3854xvs16zht","time":1613520095,"event":{"mods":["2.2 Compatiblity","AlwaysNeverKeys","Aspiration","BaseMod","BetterRewards","Colored Map","Colored Powertips","DeckTracker","Displayed Cursed Tome","Energized Spire","Evolution","Friendly Minions","Infinite Spire","Minty Spire (QoL Compilation)","Permanent Neow","Relic Filter","Relic Sorter","Shop Mod","Spicy Shops","StSLib"],"gold_per_floor":[114,189,208,220,237,266,266,285,285,285,304,334,334,350,350,451,451,461,386,3,20,20,20],"floor_reached":22,"language":"ENG","playtime":1746,"items_purged":[],"score":198,"play_id":"064f23ef-5d73-44e7-b60f-6ba88486c683","local_time":"20210216190135","is_ascension_mode":false,"campfire_choices":[{"data":"Ball Lightning","floor":7,"key":"SMITH"},{"data":"Leap","floor":15,"key":"SMITH"}],"circlet_count":0,"master_deck":["Sweeping Beam+1","Strike_B+1","Strike_B","Defend_B","Defend_B","Defend_B","Defend_B","Zap","Dualcast","Leap","Conserve Battery","Ball Lightning+1","Conserve Battery","White Noise","Leap+1","Capacitor+1","Streamline","Thunder Strike","Redo","Hello World","Conserve Battery","Redo"],"relics":["Cracked Core","EVO:Axolotl","Burning Blood","Mummified Hand","aspiration:PoetsPen","MerchantsRug","Matryoshka"],"acts_visited":["Exordium","TheCity"],"potions_floor_usage":[],"damage_taken":[{"damage":6,"enemies":"2 Louse","floor":1,"turns":2},{"damage":2,"enemies":"Jaw Worm","floor":3,"turns":3},{"damage":0,"enemies":"Cultist","floor":4,"turns":4},{"damage":1,"enemies":"2 Fungi Beasts","floor":5,"turns":3},{"damage":18,"enemies":"3 Sentries","floor":6,"turns":7},{"damage":0,"enemies":"Exordium Thugs","floor":8,"turns":4},{"damage":1,"enemies":"Red Slaver","floor":11,"turns":3},{"damage":20,"enemies":"Lagavulin","floor":12,"turns":6},{"damage":0,"enemies":"Exordium Wildlife","floor":14,"turns":3},{"damage":33,"enemies":"Hexaghost","floor":16,"turns":10},{"damage":14,"enemies":"3 Byrds","floor":18,"turns":3},{"damage":3,"enemies":"Shell Parasite","floor":21,"turns":5},{"damage":81,"enemies":"3 Cultists","floor":22,"turns":4}],"seed_played":"2605160653867316758","potions_obtained":[{"floor":1,"key":"LiquidBronze"},{"floor":4,"key":"GamblersBrew"},{"floor":5,"key":"FearPotion"},{"floor":21,"key":"Swift Potion"}],"is_trial":false,"path_per_floor":["M","?","M","M","M","E","R","M","T","?","M","E","?","M","R","B",null,"M","?","$","M","M"],"character_chosen":"DEFECT","items_purchased":["MerchantsRug","Matryoshka","Hello World","Conserve Battery"],"campfire_rested":0,"item_purchase_floors":[20,20,20,20],"current_hp_per_floor":[75,64,68,74,75,63,63,69,69,69,74,60,60,66,66,39,75,67,67,67,70,0,0],"gold":20,"neow_bonus":"NOSTALGIA","is_daily":false,"chose_seed":false,"campfire_upgraded":2,"win_rate":0.0,"timestamp":1613520095,"path_taken":["M","?","M","M","M","E","R","M","T","?","M","E","?","?","R","BOSS","M","?","$","M","M"],"items_purchased_type":["Relic","Relic","Card","Card"],"build_version":"2020-12-22","purchased_purges":0,"victory":false,"max_hp_per_floor":[75,75,75,75,75,75,75,75,75,75,75,75,75,75,75,75,75,75,75,75,75,75,75],"card_choices":[{"not_picked":["Fusion","Double Energy"],"picked":"Leap","floor":1},{"not_picked":["Go for the Eyes","Streamline"],"picked":"Conserve Battery","floor":3},{"not_picked":["Streamline","Steam"],"picked":"Ball Lightning","floor":4},{"not_picked":["Darkness","Cold Snap","Compile Driver"],"picked":"SKIP","floor":5},{"not_picked":["Beam Cell","Sweeping Beam"],"picked":"Conserve Battery","floor":6},{"not_picked":["Hologram","Streamline"],"picked":"White Noise","floor":8},{"not_picked":["Streamline","aspiration:Polymerization"],"picked":"Leap","floor":11},{"not_picked":["Beam Cell","Stack"],"picked":"Capacitor","floor":12},{"not_picked":["Stack","Chaos"],"picked":"Streamline","floor":14},{"not_picked":["Biased Cognition","Rainbow"],"picked":"Thunder Strike","floor":16},{"not_picked":["Compile Driver","Darkness+1"],"picked":"Redo","floor":18},{"not_picked":["Beam Cell","Hologram+1"],"picked":"Redo","floor":21}],"player_experience":21975,"relics_obtained":[{"floor":6,"key":"Whetstone"},{"floor":9,"key":"Boot"},{"floor":12,"key":"Mummified Hand"}],"event_choices":[{"damage_healed":0,"gold_gain":75,"player_choice":"Gather Gold","damage_taken":11,"max_hp_gain":0,"max_hp_loss":0,"event_name":"World of Goop","floor":2,"gold_loss":0},{"damage_healed":0,"gold_gain":0,"player_choice":"Grow","damage_taken":0,"max_hp_gain":0,"max_hp_loss":0,"event_name":"Living Wall","floor":13,"gold_loss":0,"cards_upgraded":["Capacitor"]},{"cards_removed":["Strike_B"],"damage_healed":0,"gold_gain":0,"player_choice":"Gave Gold","damage_taken":0,"max_hp_gain":0,"max_hp_loss":0,"event_name":"Beggar","floor":19,"gold_loss":75}],"is_beta":false,"boss_relics":[{"not_picked":["Coffee Dripper","infinitespire:Cupcake"],"picked":"aspiration:PoetsPen"}],"items_purged_floors":[],"is_endless":false,"potions_floor_spawned":[1,4,5,8,11,21],"killed_by":"3 Cultists","ascension_level":0}}