{"host":"gttgmv2wah99hzdm","time":1613605972,"event":{"mods":["AchievementEnabler","BaseMod","Bestiary","Block Reminder","Minty Spire (QoL Compilation)","Permanent Neow","Relic Stats","Weighted Paths","ojb\u0027s Info Mod"],"gold_per_floor":[118,130,130,90,106,106,133,133,158,169,169,203,19,32,32,105,105,122,142,192,192,209,209,209,209],"floor_reached":24,"language":"ENG","playtime":1168,"items_purged":["Strike_P"],"score":512,"play_id":"8632a7ce-1bc5-46c3-986b-c6778fad979c","local_time":"20210217175252","is_ascension_mode":true,"campfire_choices":[{"data":"CrushJoints","floor":6.0,"key":"SMITH"},{"data":"EmptyFist","floor":8.0,"key":"SMITH"},{"data":"MentalFortress","floor":11.0,"key":"SMITH"},{"data":"EmptyMind","floor":15.0,"key":"SMITH"},{"data":"Omniscience","floor":23,"key":"SMITH"}],"circlet_count":0,"master_deck":["AscendersBane","Strike_P","Strike_P","Strike_P","Defend_P","Defend_P","Defend_P","Defend_P","Eruption+1","Vigilance","WheelKick","CrushJoints+1","MentalFortress+1","EmptyFist+1","FlurryOfBlows","EmptyMind+1","FearNoEvil","InnerPeace","Omniscience+1","Tantrum+1","Adaptation"],"relics":["PureWater","Happy Flower","Centennial Puzzle","The Courier","Runic Dome"],"acts_visited":["Exordium","TheCity"],"potions_floor_usage":[24],"damage_taken":[{"damage":2.0,"enemies":"Cultist","floor":1.0,"turns":3.0},{"damage":14.0,"enemies":"Jaw Worm","floor":2.0,"turns":4.0},{"damage":2.0,"enemies":"Small Slimes","floor":5.0,"turns":2.0},{"damage":0.0,"enemies":"3 Sentries","floor":7.0,"turns":2.0},{"damage":3.0,"enemies":"Blue Slaver","floor":10.0,"turns":2.0},{"damage":0.0,"enemies":"Gremlin Nob","floor":12.0,"turns":3.0},{"damage":0.0,"enemies":"Exordium Thugs","floor":14.0,"turns":2.0},{"damage":11.0,"enemies":"Hexaghost","floor":16.0,"turns":7.0},{"damage":0.0,"enemies":"Chosen","floor":18.0,"turns":3.0},{"damage":6,"enemies":"Shell Parasite","floor":19,"turns":3},{"damage":9,"enemies":"Chosen and Byrds","floor":22,"turns":4},{"damage":96,"enemies":"Gremlin Leader","floor":24,"turns":3}],"seed_played":"-4919087344335749921","potions_obtained":[{"floor":4.0,"key":"Ambrosia"},{"floor":4.0,"key":"FearPotion"},{"floor":7.0,"key":"BlessingOfTheForge"},{"floor":12.0,"key":"BottledMiracle"},{"floor":16.0,"key":"FairyPotion"}],"is_trial":false,"path_per_floor":["M","M","?","?","M","R","E","R","T","M","R","E","$","M","R","B",null,"M","M","?","?","M","R","E"],"character_chosen":"WATCHER","items_purchased":["FearNoEvil","InnerPeace"],"campfire_rested":0,"item_purchase_floors":[13,13],"current_hp_per_floor":[59,45,50,50,48,48,48,48,48,45,45,45,45,45,45,34,63,63,57,57,57,48,48,0,0],"gold":209,"neow_bonus":"UPGRADE_CARD","is_daily":false,"chose_seed":false,"campfire_upgraded":5,"win_rate":0.0,"timestamp":1613605972,"path_taken":["M","M","?","?","M","R","E","R","T","M","R","E","$","M","R","BOSS","M","M","?","?","M","R","E"],"items_purchased_type":["Card","Card"],"build_version":"2020-12-22","purchased_purges":1,"victory":false,"max_hp_per_floor":[68,68,73,73,73,73,73,73,73,73,73,73,73,73,73,73,73,73,73,73,73,73,73,73,73],"relic_stats":{"Centennial Puzzle":[15],"Happy Flower":[9],"counters":[12,38],"obtain_stats":[{"Runic Dome":17,"Centennial Puzzle":9,"Happy Flower":7,"The Courier":12,"PureWater":0},{"Runic Dome":8,"Centennial Puzzle":4,"Happy Flower":4,"The Courier":6,"PureWater":0},{"Runic Dome":25,"Centennial Puzzle":11,"Happy Flower":11,"The Courier":16,"PureWater":0}]},"card_choices":[{"not_picked":["BowlingBash","Evaluate"],"picked":"WheelKick","floor":1.0},{"not_picked":["ThirdEye","Evaluate"],"picked":"CrushJoints","floor":2.0},{"not_picked":["Protect","Indignation"],"picked":"MentalFortress","floor":5.0},{"not_picked":["PathToVictory","CrushJoints"],"picked":"EmptyFist","floor":7.0},{"not_picked":["ForeignInfluence","Crescendo"],"picked":"FlurryOfBlows","floor":10.0},{"not_picked":["JustLucky","BowlingBash"],"picked":"EmptyMind","floor":12.0},{"not_picked":["Ragnarok","Consecrate","EmptyBody"],"picked":"SKIP","floor":14.0},{"not_picked":["SpiritShield","Judgement"],"picked":"Omniscience","floor":16.0},{"not_picked":["Wireheading","EmptyBody"],"picked":"Tantrum+1","floor":18.0},{"not_picked":["WreathOfFlame","EmptyFist","Evaluate"],"picked":"SKIP","floor":19},{"not_picked":["FlyingSleeves+1","Pray"],"picked":"Adaptation","floor":22}],"player_experience":1113502,"relics_obtained":[{"floor":7.0,"key":"Happy Flower"},{"floor":9.0,"key":"Centennial Puzzle"},{"floor":12.0,"key":"The Courier"}],"event_choices":[{"damage_healed":0.0,"max_hp_gain":5.0,"max_hp_loss":0.0,"gold_gain":0.0,"event_name":"Big Fish","player_choice":"Donut","floor":3.0,"gold_loss":0.0,"damage_taken":0.0},{"damage_healed":0.0,"max_hp_gain":0.0,"max_hp_loss":0.0,"gold_gain":0.0,"event_name":"The Woman in Blue","player_choice":"Bought 3 Potions","floor":4.0,"gold_loss":0.0,"damage_taken":0.0},{"damage_healed":0,"gold_gain":50,"player_choice":"Stole From Cult","damage_taken":0,"max_hp_gain":0,"max_hp_loss":0,"event_name":"Nest","floor":20,"gold_loss":0},{"damage_healed":0,"gold_gain":0,"player_choice":"Ignored","damage_taken":0,"max_hp_gain":0,"max_hp_loss":0,"event_name":"The Mausoleum","floor":21,"gold_loss":0}],"is_beta":false,"boss_relics":[{"not_picked":["Ectoplasm","Calling Bell"],"picked":"Runic Dome"}],"items_purged_floors":[13],"is_endless":false,"potions_floor_spawned":[5,7,12,16,22],"killed_by":"Gremlin Leader","ascension_level":20}}