{"host":"pm6tps78s2qrawcb","time":1613593142,"event":{"mods":["BaseMod","BetterRewards","Colored Map","Downfall","Hubris","Infinite Spire","Mimic Mod","Minty Spire (QoL Compilation)","Reliquary","Replay The Spire","Shop Mod","StSLib"],"gold_per_floor":[117,136,136,136,411,441,441,475,475,486,486,486,520,520,520,618,618,630,650,650,650,650,650,650,650,664,680,720,740,740,740],"floor_reached":30,"language":"ENG","playtime":1299,"items_purged":["Delirium"],"score":258,"play_id":"c1610ce8-b194-4c80-87df-01eda2891dae","local_time":"20210217201902","is_ascension_mode":true,"campfire_choices":[{"data":"Bash","floor":7,"key":"SMITH"},{"data":"WeaponsOverheat","floor":11,"key":"SMITH"},{"floor":15,"key":"REST"},{"data":"Creative AI","floor":25,"key":"SMITH"}],"circlet_count":0,"master_deck":["Strike_B","Defend_B","Defend_B","Defend_B","Defend_B","Zap","Amplify","Ball Lightning+1","Bash+1","Regret","Barrage+1","Iron Wave+1","Creative AI+1","Rip and Tear+1","BootSequence+1","infinitespire:UltimateForm","Capacitor"],"relics":["Iron Core","Molten Egg 2","Pantograph","reliquary:GummyVitamins","hubris:TinFlute","Mummified Hand","hubris:Towel","Astrolabe","hubris:BottledHeart","ReplayTheSpireMod:Ring of Exchange","Ring of Panic","reliquary:WritOfMandamus","Replay:Kaleidoscope","hubris:MobiusCoin","reliquary:FeatherDuster"],"acts_visited":["Exordium","TheCity"],"potions_floor_usage":[8,28,29],"damage_taken":[{"damage":0,"enemies":"2 Louse","floor":1,"turns":1},{"damage":4,"enemies":"Small Slimes","floor":2,"turns":3},{"damage":24,"enemies":"3 Sentries","floor":6,"turns":6},{"damage":10,"enemies":"Gremlin Nob","floor":8,"turns":3},{"damage":3,"enemies":"Cultist","floor":10,"turns":3},{"damage":16,"enemies":"Lagavulin","floor":13,"turns":4},{"damage":13,"enemies":"Slime Boss","floor":16,"turns":6},{"damage":28,"enemies":"3 Byrds","floor":18,"turns":8},{"damage":0,"enemies":"Chosen","floor":19,"turns":3},{"damage":0,"enemies":"Snake Plant","floor":26,"turns":4},{"damage":0,"enemies":"Shelled Parasite and Fungi","floor":27,"turns":4},{"damage":0,"enemies":"Chosen and Byrds","floor":28,"turns":5},{"damage":0,"enemies":"Chosen and Byrds","floor":29,"turns":6},{"damage":6,"enemies":"Slavers","floor":30,"turns":3}],"seed_played":"-1284164031291061938","potions_obtained":[{"floor":6,"key":"Adrenaline Potion"},{"floor":13,"key":"sneckomod:MuddlingPotion"},{"floor":19,"key":"ColorlessPotion"}],"is_trial":false,"path_per_floor":["M","M","?","?","?","E","R","E","T","M","R","T","E","?","R","B",null,"M","M","?","?","PTL","PTL","AVR","R","M","M","MIM","M","E"],"character_chosen":"DEFECT","items_purchased":[],"campfire_rested":1,"item_purchase_floors":[],"current_hp_per_floor":[54,50,50,50,50,26,26,16,16,20,20,20,4,4,26,55,75,50,50,1,1,1,1,1,1,1,1,1,1,0,0],"gold":740,"neow_bonus":"THREE_RARE_CARDS","is_daily":false,"chose_seed":false,"campfire_upgraded":3,"win_rate":0.0,"timestamp":1613593142,"path_taken":["M","M","?","?","?","E","R","E","T","?","R","?","E","?","R","BOSS","M","M","?","?","PTL","PTL","AVR","R","M","M","MIM","M","E"],"items_purchased_type":[],"build_version":"2020-12-22","purchased_purges":1,"victory":false,"max_hp_per_floor":[75,75,75,75,75,75,75,75,75,75,75,75,75,75,75,75,75,75,75,1,1,1,1,1,1,1,1,1,1,1,1],"card_choices":[{"not_picked":["Rainbow","Multi-Cast"],"picked":"Amplify","floor":0},{"not_picked":["Turbo","Streamline"],"picked":"Go for the Eyes","floor":1},{"not_picked":["Streamline","Rip and Tear"],"picked":"Ball Lightning","floor":2},{"not_picked":["Stack","Warcry"],"picked":"Barrage+1","floor":6},{"not_picked":["ReplayTheSpireMod:Muscle Training","Panic Button"],"picked":"Reaper+1","floor":8},{"not_picked":["BasicCrystalCard","Flex"],"picked":"WeaponsOverheat","floor":10},{"not_picked":["ReplayTheSpireMod:GoodbyeWorld","Leap"],"picked":"Iron Wave+1","floor":13},{"not_picked":["Core Surge+1","Hyperbeam+1"],"picked":"Creative AI","floor":16},{"not_picked":["Steam","Stack","Chaos+1"],"picked":"SKIP","floor":18},{"not_picked":["Conserve Battery+1","Go for the Eyes+1","Darkness"],"picked":"SKIP","floor":19},{"not_picked":["Cold Snap+1","Barrage+1","BasicCrystalCard+1"],"picked":"SKIP","floor":26},{"not_picked":["Leap+1","Turbo+1"],"picked":"Capacitor","floor":27},{"not_picked":["Beam Cell+1","Conserve Battery","ReplayTheSpireMod:GoodbyeWorld"],"picked":"SKIP","floor":29}],"player_experience":304429,"relics_obtained":[{"floor":6,"key":"Molten Egg 2"},{"floor":8,"key":"Pantograph"},{"floor":9,"key":"reliquary:GummyVitamins"},{"floor":12,"key":"hubris:TinFlute"},{"floor":13,"key":"Mummified Hand"},{"floor":21,"key":"ReplayTheSpireMod:Ring of Exchange"},{"floor":21,"key":"Ring of Panic"},{"floor":28,"key":"hubris:MobiusCoin"},{"floor":28,"key":"reliquary:FeatherDuster"}],"event_choices":[{"damage_healed":0,"gold_gain":275,"player_choice":"Desecrate","damage_taken":0,"max_hp_gain":0,"max_hp_loss":0,"event_name":"Golden Shrine","floor":5,"gold_loss":0,"cards_obtained":["Regret"]}],"is_beta":false,"boss_relics":[{"not_picked":["hubris:RunicObelisk","Pandora\u0027s Box"],"picked":"Astrolabe"}],"items_purged_floors":[24],"is_endless":false,"potions_floor_spawned":[6,13,19],"killed_by":"Slavers","ascension_level":1}}