{"host":"pj05r22d3fegil3v","time":1613544424,"event":{"mods":["BaseMod","Better Altar","Better Match","Better Note","Better Sensory Stone","Better Skull","Better Third Choice","BetterRewards","Card Filter","Colored Powertips","Curses Come First","Custom Start","DeckTracker","Displayed Cursed Tome","Evolution","Minty Spire (QoL Compilation)","Quick Restart","Rare Cards Sparkle","Relic Filter Mod","Smile Girya","StSLib","Weighted Paths","everything is the same but u backflip on backflip","slay the spire mod where everything is the same but ironclad has a cowboy hat"],"gold_per_floor":[113,113,128,142,364,389,23,23,23,58,58,72,92,111,111,219,219,239,248,198,45,54,79,97,97,175,175,175,175],"floor_reached":28,"language":"ENG","playtime":1395,"items_purged":["Defend_G"],"score":412,"play_id":"f0d40fd0-9820-4ff4-adbf-293110e5ed82","local_time":"20210217014704","is_ascension_mode":true,"campfire_choices":[{"data":"Footwork","floor":8,"key":"SMITH"},{"floor":11,"key":"REST"},{"data":"Footwork","floor":15,"key":"SMITH"},{"data":"Well Laid Plans","floor":25,"key":"SMITH"}],"circlet_count":0,"master_deck":["Bane","Bane","Bane","Bane","Bane","Backflip","Backflip","Neutralize","Footwork+1","Deadly Poison","Footwork+1","Backflip","Deadly Poison","Well Laid Plans+1","Dodge and Roll","Corpse Explosion","Leg Sweep","Footwork+1","Deflect","Die Die Die"],"relics":["Ring of the Snake","EVO:Axolotl","CeramicFish","StrikeDummy","Ice Cream","Ginger","Sozu","Chemical X","Bird Faced Urn","Ornamental Fan","Nloth\u0027s Gift"],"acts_visited":["Exordium","TheCity"],"potions_floor_usage":[16,16,18],"damage_taken":[{"damage":0.0,"enemies":"Small Slimes","floor":1.0,"turns":3.0},{"damage":0,"enemies":"Cultist","floor":3,"turns":2},{"damage":0,"enemies":"2 Louse","floor":4,"turns":3},{"damage":0,"enemies":"Lagavulin","floor":6,"turns":6},{"damage":22,"enemies":"3 Sentries","floor":10,"turns":10},{"damage":0,"enemies":"Blue Slaver","floor":12,"turns":4},{"damage":0,"enemies":"Large Slime","floor":13,"turns":8},{"damage":0,"enemies":"3 Louse","floor":14,"turns":4},{"damage":16,"enemies":"The Guardian","floor":16,"turns":8},{"damage":13,"enemies":"3 Byrds","floor":18,"turns":4},{"damage":30,"enemies":"Gremlin Leader","floor":23,"turns":11},{"damage":38,"enemies":"Slavers","floor":28,"turns":3}],"seed_played":"7821330067345478027","potions_obtained":[{"floor":1,"key":"FearPotion"},{"floor":3,"key":"Poison Potion"},{"floor":6,"key":"LiquidMemories"},{"floor":12,"key":"BlessingOfTheForge"}],"is_trial":false,"path_per_floor":["M","?","M","M","?","E","$","R","T","E","R","M","M","M","R","B",null,"M","?","?","$","?","E","?","R","T","?","E"],"character_chosen":"THE_SILENT","items_purchased":["Footwork","Deadly Poison","Oddly Smooth Stone","Footwork","Well Laid Plans","Ice Cream","Chemical X"],"campfire_rested":1,"item_purchase_floors":[0,0,0,0,7,7,21],"current_hp_per_floor":[63,63,63,63,30,30,30,30,30,8,29,29,29,29,29,13,70,57,57,57,57,57,27,27,27,27,27,0,0],"gold":175,"neow_bonus":"","is_daily":false,"chose_seed":false,"campfire_upgraded":3,"win_rate":0.0,"timestamp":1613544424,"path_taken":["M","?","M","M","?","E","$","R","T","E","R","M","?","?","R","BOSS","M","?","?","$","?","E","?","R","T","?","E"],"items_purchased_type":["Card","Card","Relic","Card","Card","Relic","Relic"],"build_version":"2020-12-22","purchased_purges":1,"victory":false,"max_hp_per_floor":[70,70,70,70,70,70,70,70,70,70,70,70,70,70,70,70,70,70,70,70,70,70,70,70,70,70,70,70,70],"card_choices":[{"not_picked":["Blade Dance","Reflex","Cloak And Dagger"],"picked":"SKIP","floor":1},{"not_picked":["Dodge and Roll","Quick Slash"],"picked":"Backflip","floor":3},{"not_picked":["Distraction","Flying Knee"],"picked":"Deadly Poison","floor":4},{"not_picked":["Outmaneuver","Doppelganger","Dagger Spray"],"picked":"SKIP","floor":6},{"not_picked":["Quick Slash","Acrobatics"],"picked":"Dodge and Roll","floor":10},{"not_picked":["Flying Knee","All Out Attack","Outmaneuver"],"picked":"SKIP","floor":12},{"not_picked":["Deflect","Backflip","Prepared"],"picked":"SKIP","floor":13},{"not_picked":["Acrobatics","Deflect","Prepared"],"picked":"SKIP","floor":14},{"not_picked":["Storm of Steel","A Thousand Cuts"],"picked":"Corpse Explosion","floor":16},{"not_picked":["Finisher+1","Dagger Throw","Sucker Punch"],"picked":"SKIP","floor":18},{"not_picked":["Dodge and Roll","Blade Dance","Backflip"],"picked":"SKIP","floor":23}],"player_experience":138016,"relics_obtained":[{"floor":6,"key":"StrikeDummy"},{"floor":10,"key":"Ginger"},{"floor":23,"key":"Bird Faced Urn"},{"floor":26,"key":"Ornamental Fan"}],"event_choices":[{"damage_healed":0,"gold_gain":0,"player_choice":"Ignored","damage_taken":113,"max_hp_gain":0,"max_hp_loss":0,"event_name":"betterThird:BetterSerpent","floor":2,"gold_loss":0},{"damage_healed":0,"gold_gain":222,"player_choice":"GO RE GO ","damage_taken":37,"relics_obtained":["CeramicFish"],"max_hp_gain":0,"max_hp_loss":0,"event_name":"betterSkull:BetterSkull","floor":5,"gold_loss":0,"cards_upgraded":[]},{"damage_healed":0,"gold_gain":0,"cards_transformed":["Defend_G"],"player_choice":"Transformed","damage_taken":0,"max_hp_gain":0,"max_hp_loss":0,"event_name":"Transmorgrifier","floor":19,"gold_loss":0,"cards_obtained":["Leg Sweep"]},{"damage_healed":0,"gold_gain":0,"player_choice":"Bet on Murderer","damage_taken":0,"max_hp_gain":0,"max_hp_loss":0,"event_name":"The Joust","floor":20,"gold_loss":50},{"cards_removed":["Footwork"],"damage_healed":0,"gold_gain":0,"player_choice":"Take \u0026 Give","damage_taken":0,"max_hp_gain":0,"max_hp_loss":0,"event_name":"betterNote:BetterNote","floor":22,"gold_loss":0,"cards_obtained":["Footwork"]},{"damage_healed":0,"gold_gain":0,"cards_transformed":["Defend_G","Survivor"],"player_choice":"Became Test Subject","damage_taken":0,"max_hp_gain":0,"max_hp_loss":0,"event_name":"Drug Dealer","floor":24,"gold_loss":0,"cards_obtained":["Deflect","Die Die Die"]},{"damage_healed":0,"gold_gain":0,"player_choice":"Traded Relic","damage_taken":0,"relics_obtained":["Nloth\u0027s Gift"],"max_hp_gain":0,"max_hp_loss":0,"event_name":"N\u0027loth","floor":27,"relics_lost":["Oddly Smooth Stone"],"gold_loss":0}],"is_beta":false,"boss_relics":[{"not_picked":["Black Star","WristBlade"],"picked":"Sozu"}],"items_purged_floors":[0],"is_endless":false,"potions_floor_spawned":[1,3,6,12,14,18],"killed_by":"Slavers","ascension_level":1}}