{"host":"ohy0y2gq28lmekc7","time":1613548949,"event":{"mods":["AchievementEnabler","Act Like it!","BaseMod","Better Third Choice","BetterRewards","Colored Powertips","Curses Come First","Highlight Path","Minty Spire (QoL Compilation)","Permanent Neow","Quick Restart","Relic Stats","StSLib"],"gold_per_floor":[115,115,125,144,162,190,190,190,190,203,203,203,237,253,253,351,351,363,363,363,374,389,389,389],"floor_reached":23,"language":"ENG","playtime":1602,"items_purged":[],"score":203,"play_id":"232a9731-c352-4c0b-b248-621ad1ff8b91","local_time":"20210217090229","is_ascension_mode":false,"campfire_choices":[{"data":"Double Energy","floor":8.0,"key":"SMITH"},{"data":"Fire Breathing","floor":11.0,"key":"SMITH"},{"floor":15.0,"key":"REST"}],"circlet_count":0,"master_deck":["Strike_R","Strike_R","Strike_R","Strike_R","Strike_R","Defend_R","Defend_R","Defend_R","Bash","Anger","Perfected Strike","Double Energy+1","Thunderclap","Infernal Blade","Second Wind","Fire Breathing+1","Bash","Power Through","Intimidate","Feel No Pain","Pummel","Barricade","Feed","Burning Pact+1","Flame Barrier","Flex+1","Rage"],"relics":["Burning Blood","SlaversCollar","Oddly Smooth Stone","Matryoshka","Pen Nib","Shuriken","Happy Flower","SacredBark","NlothsMask"],"acts_visited":[],"potions_floor_usage":[],"damage_taken":[{"damage":1.0,"enemies":"2 Louse","floor":1.0,"turns":3.0},{"damage":0.0,"enemies":"Cultist","floor":3.0,"turns":2.0},{"damage":0.0,"enemies":"Small Slimes","floor":4.0,"turns":2.0},{"damage":22.0,"enemies":"Exordium Thugs","floor":5.0,"turns":3.0},{"damage":16.0,"enemies":"Gremlin Nob","floor":6.0,"turns":4.0},{"damage":10.0,"enemies":"Large Slime","floor":10.0,"turns":5.0},{"damage":30.0,"enemies":"3 Sentries","floor":13.0,"turns":5.0},{"damage":0.0,"enemies":"3 Louse","floor":14.0,"turns":4.0},{"damage":20.0,"enemies":"Slime Boss","floor":16.0,"turns":7.0},{"damage":46.0,"enemies":"2 Thieves","floor":18.0,"turns":5.0},{"damage":20.0,"enemies":"Spheric Guardian","floor":21.0,"turns":4.0},{"damage":20,"enemies":"Cultist and Chosen","floor":22,"turns":9},{"damage":24,"enemies":"Centurion and Healer","floor":23,"turns":2}],"seed_played":"1845662687859773833","potions_obtained":[{"floor":1.0,"key":"DuplicationPotion"},{"floor":3.0,"key":"Regen Potion"},{"floor":4.0,"key":"Fire Potion"},{"floor":10.0,"key":"AttackPotion"},{"floor":16.0,"key":"DuplicationPotion"}],"is_trial":false,"path_per_floor":["M","?","M","M","M","E","?","R","T","M","R","?","E","M","R","B",null,"M","?","?","M","M","M"],"character_chosen":"IRONCLAD","items_purchased":["Anger"],"campfire_rested":1,"item_purchase_floors":[0],"current_hp_per_floor":[80,63,69,75,64,54,54,54,54,50,50,50,26,32,56,42,80,40,40,40,29,18,0,0],"gold":389,"neow_bonus":"","is_daily":false,"chose_seed":false,"campfire_upgraded":2,"win_rate":0.0,"timestamp":1613548949,"path_taken":["M","?","M","M","M","E","?","R","T","?","R","?","E","M","R","BOSS","M","?","?","M","M","M"],"items_purchased_type":["Card"],"build_version":"2020-12-22","purchased_purges":0,"victory":false,"max_hp_per_floor":[80,80,80,80,80,80,80,80,80,80,80,80,80,80,80,80,80,80,80,80,83,86,86,86],"relic_stats":{"Happy Flower":[4],"counters":[2,11],"Shuriken":[2],"Pen Nib":[1],"obtain_stats":[{"SlaversCollar":0,"Matryoshka":0,"Happy Flower":0,"Shuriken":0,"SacredBark":0,"Oddly Smooth Stone":0,"Pen Nib":0,"Burning Blood":0,"NlothsMask":0},{"SlaversCollar":0,"Matryoshka":0,"Happy Flower":0,"Shuriken":0,"SacredBark":0,"Oddly Smooth Stone":0,"Pen Nib":0,"Burning Blood":0,"NlothsMask":0},{"SlaversCollar":0,"Matryoshka":0,"Happy Flower":0,"Shuriken":0,"SacredBark":0,"Oddly Smooth Stone":0,"Pen Nib":0,"Burning Blood":0,"NlothsMask":0}],"Burning Blood":6},"card_choices":[{"not_picked":["Sword Boomerang","True Grit"],"picked":"Perfected Strike","floor":1.0},{"not_picked":["Feel No Pain","Warcry"],"picked":"Thunderclap","floor":3.0},{"not_picked":["Pommel Strike","Clash"],"picked":"Infernal Blade","floor":4.0},{"not_picked":["Reckless Charge","Clash"],"picked":"Second Wind","floor":5.0},{"not_picked":["Heavy Blade","Twin Strike"],"picked":"Fire Breathing","floor":6.0},{"not_picked":["Iron Wave","Body Slam"],"picked":"Intimidate","floor":10.0},{"not_picked":["Cleave","Shrug It Off"],"picked":"Pummel","floor":13.0},{"not_picked":["Rupture","Anger"],"picked":"Barricade","floor":14.0},{"not_picked":["Fiend Fire","Offering"],"picked":"Feed","floor":16.0},{"not_picked":["Clothesline","Inflame"],"picked":"Burning Pact+1","floor":18.0},{"not_picked":["Iron Wave","Clash"],"picked":"Flex+1","floor":21},{"not_picked":["Dual Wield","Metallicize"],"picked":"Rage","floor":22}],"player_experience":57886,"relics_obtained":[{"floor":6.0,"key":"Matryoshka"},{"floor":9.0,"key":"Pen Nib"},{"floor":9.0,"key":"Shuriken"},{"floor":13.0,"key":"Happy Flower"}],"event_choices":[{"damage_healed":0.0,"max_hp_gain":0.0,"max_hp_loss":0.0,"gold_gain":0.0,"event_name":"Match and Keep!","player_choice":"2 cards matched","floor":7.0,"gold_loss":0.0,"damage_taken":0.0,"cards_obtained":["Bash","Power Through"]},{"damage_healed":0.0,"max_hp_gain":0.0,"max_hp_loss":0.0,"gold_gain":0.0,"cards_transformed":["Defend_R"],"event_name":"Living Wall","player_choice":"Change","floor":12.0,"gold_loss":0.0,"damage_taken":0.0,"cards_obtained":["Feel No Pain"]},{"damage_healed":0.0,"max_hp_gain":0.0,"max_hp_loss":0.0,"gold_gain":0.0,"event_name":"The Library","player_choice":"Read","floor":19.0,"gold_loss":0.0,"damage_taken":0.0,"cards_obtained":["Flame Barrier"]},{"damage_healed":0.0,"max_hp_gain":0.0,"max_hp_loss":0.0,"gold_gain":0.0,"event_name":"FaceTrader","player_choice":"Trade","floor":20.0,"gold_loss":0.0,"damage_taken":0.0,"relics_obtained":["NlothsMask"]}],"is_beta":false,"boss_relics":[{"not_picked":["Sozu","Tiny House"],"picked":"SacredBark"}],"items_purged_floors":[],"is_endless":false,"potions_floor_spawned":[1,3,4,10,16],"killed_by":"Centurion and Healer","ascension_level":0}}