{"host":"7m635teefjn47zxe","time":1613560975,"event":{"mods":["BaseMod","Colored Map","Minty Spire (QoL Compilation)","Permanent Neow","Relic Stats","StSLib","everything is the same but u backflip on backflip"],"gold_per_floor":[110,14,26,26,46,46,46,77,101,101,117,117,133,160,160,260,260,273,283,283,300,318,318,349,349,349,349,374,387,419,430,430,430,430],"floor_reached":33,"language":"ENG","playtime":1311,"items_purged":[],"score":367,"play_id":"30c5dc85-6852-4e5e-8b92-79343afdeb4e","local_time":"20210217122255","is_ascension_mode":true,"campfire_choices":[{"data":"Accuracy","floor":6,"key":"SMITH"},{"data":"Blade Dance","floor":10,"key":"SMITH"},{"data":"Escape Plan","floor":12,"key":"SMITH"},{"data":"Deadly Poison","floor":15,"key":"SMITH"},{"data":"Deadly Poison","floor":23,"key":"SMITH"},{"data":"Crippling Poison","floor":25,"key":"SMITH"},{"floor":27,"key":"REST"},{"floor":32,"key":"REST"}],"circlet_count":0,"master_deck":["Defend_G","Defend_G","Defend_G","Defend_G","Defend_G","Survivor","Neutralize","Deadly Poison+1","Accuracy+1","Blade Dance+1","Deadly Poison+1","Escape Plan+1","Blur","Deadly Poison","Unload","Poisoned Stab+1","Bite","Bite","Bite","Bite","Bite","Acrobatics+1","PiercingWail+1","Crippling Poison+1","Catalyst+1","Die Die Die"],"relics":["Philosopher\u0027s Stone","Oddly Smooth Stone","Tiny Chest","Sundial","Nunchaku","The Specimen","HoveringKite","Bottled Lightning","Frozen Egg 2","MealTicket","WingedGreaves"],"acts_visited":["Exordium","TheCity"],"potions_floor_usage":[14,24,24,24,24,24,33,33],"damage_taken":[{"damage":4,"enemies":"Small Slimes","floor":1,"turns":4},{"damage":0,"enemies":"Cultist","floor":3,"turns":3},{"damage":1,"enemies":"Jaw Worm","floor":5,"turns":5},{"damage":20,"enemies":"Gremlin Nob","floor":8,"turns":4},{"damage":0,"enemies":"Large Slime","floor":11,"turns":4},{"damage":6,"enemies":"Gremlin Gang","floor":13,"turns":3},{"damage":5,"enemies":"3 Sentries","floor":14,"turns":5},{"damage":6,"enemies":"The Guardian","floor":16,"turns":7},{"damage":9,"enemies":"Chosen","floor":18,"turns":4},{"damage":11,"enemies":"Shell Parasite","floor":19,"turns":4},{"damage":15,"enemies":"Snake Plant","floor":21,"turns":4},{"damage":19,"enemies":"Cultist and Chosen","floor":22,"turns":5},{"damage":11,"enemies":"Gremlin Leader","floor":24,"turns":4},{"damage":9,"enemies":"Snecko","floor":29,"turns":5},{"damage":16,"enemies":"Book of Stabbing","floor":30,"turns":4},{"damage":6,"enemies":"Snake Plant","floor":31,"turns":3},{"damage":61,"enemies":"Automaton","floor":33,"turns":6}],"seed_played":"-8825766452250724805","potions_obtained":[{"floor":8,"key":"Swift Potion"},{"floor":11,"key":"Explosive Potion"},{"floor":16,"key":"BlessingOfTheForge"},{"floor":18,"key":"Fire Potion"},{"floor":19,"key":"EntropicBrew"},{"floor":21,"key":"LiquidMemories"},{"floor":30,"key":"Fire Potion"}],"is_trial":false,"path_per_floor":["M","?","M","?","M","R","?","E","T","R","M","R","M","E","R","B",null,"M","M","?","M","M","R","E","R","T","R","T","M","E","M","R","B"],"character_chosen":"THE_SILENT","items_purchased":[],"campfire_rested":2,"item_purchase_floors":[],"current_hp_per_floor":[66,66,66,66,65,65,65,45,45,45,45,45,39,34,34,28,70,61,50,49,40,33,33,28,28,28,42,42,39,29,29,43,0,0],"gold":430,"neow_bonus":"BOSS_RELIC","is_daily":false,"chose_seed":false,"campfire_upgraded":6,"win_rate":0.0,"timestamp":1613560975,"path_taken":["M","?","?","?","M","R","?","E","T","R","?","R","M","E","R","BOSS","M","M","?","M","M","R","E","R","T","R","?","M","E","M","R","BOSS"],"items_purchased_type":[],"build_version":"2020-12-22","purchased_purges":0,"victory":false,"max_hp_per_floor":[70,70,70,70,70,70,70,70,70,70,70,70,70,70,70,70,70,70,70,49,49,49,49,49,49,49,49,49,49,49,49,49,49,49],"relic_stats":{"Nunchaku":[13],"counters":[17,74],"Sundial":[4],"HoveringKite":[11],"Tiny Chest":1,"MealTicket":0,"obtain_stats":[{"Nunchaku":9,"The Specimen":14,"Sundial":8,"Oddly Smooth Stone":2,"HoveringKite":17,"Philosopher\u0027s Stone":0,"Tiny Chest":4,"MealTicket":28,"WingedGreaves":30,"Bottled Lightning":24,"Frozen Egg 2":26,"Ring of the Snake":0},{"Nunchaku":4,"The Specimen":7,"Sundial":4,"Oddly Smooth Stone":1,"HoveringKite":8,"Philosopher\u0027s Stone":0,"Tiny Chest":2,"MealTicket":13,"WingedGreaves":15,"Bottled Lightning":13,"Frozen Egg 2":13,"Ring of the Snake":0},{"Nunchaku":16,"The Specimen":28,"Sundial":16,"Oddly Smooth Stone":4,"HoveringKite":35,"Philosopher\u0027s Stone":0,"Tiny Chest":7,"MealTicket":56,"WingedGreaves":65,"Bottled Lightning":56,"Frozen Egg 2":56,"Ring of the Snake":0}]},"card_choices":[{"not_picked":["Bane","Dodge and Roll"],"picked":"Deadly Poison","floor":1},{"not_picked":["Acrobatics","Leg Sweep"],"picked":"Accuracy","floor":3},{"not_picked":["Escape Plan","Doppelganger"],"picked":"Blade Dance","floor":5},{"not_picked":["Riddle With Holes","Quick Slash"],"picked":"Deadly Poison","floor":8},{"not_picked":["Bouncing Flask","Backstab"],"picked":"Escape Plan","floor":11},{"not_picked":["Underhanded Strike","Flechettes"],"picked":"Blur","floor":13},{"not_picked":["After Image","Prepared"],"picked":"Deadly Poison","floor":14},{"not_picked":["Doppelganger","Corpse Explosion"],"picked":"Unload","floor":16},{"not_picked":["Flying Knee","Sucker Punch"],"picked":"Poisoned Stab+1","floor":18},{"not_picked":["Flechettes","Predator","Expertise"],"picked":"SKIP","floor":19},{"not_picked":["Cloak And Dagger+1","Leg Sweep"],"picked":"Acrobatics+1","floor":21},{"not_picked":["Corpse Explosion","Deadly Poison"],"picked":"PiercingWail+1","floor":22},{"not_picked":["Outmaneuver+1","Distraction"],"picked":"Crippling Poison","floor":24},{"not_picked":["Poisoned Stab","Malaise"],"picked":"Catalyst+1","floor":29},{"not_picked":["Deflect+1","Outmaneuver","Dodge and Roll"],"picked":"SKIP","floor":30},{"not_picked":["Quick Slash","Dagger Spray"],"picked":"Die Die Die","floor":31}],"player_experience":188553,"relics_obtained":[{"floor":8,"key":"Sundial"},{"floor":9,"key":"Nunchaku"},{"floor":14,"key":"The Specimen"},{"floor":24,"key":"Bottled Lightning"},{"floor":26,"key":"Frozen Egg 2"},{"floor":28,"key":"MealTicket"},{"floor":30,"key":"WingedGreaves"}],"event_choices":[{"damage_healed":0,"gold_gain":0,"player_choice":"Paid Gold","damage_taken":0,"relics_obtained":["Oddly Smooth Stone"],"max_hp_gain":0,"max_hp_loss":0,"event_name":"WeMeetAgain","floor":2,"gold_loss":96},{"damage_healed":0,"gold_gain":0,"player_choice":"Box","damage_taken":0,"relics_obtained":["Tiny Chest"],"max_hp_gain":0,"max_hp_loss":0,"event_name":"Big Fish","floor":4,"gold_loss":0,"cards_obtained":["Regret"]},{"cards_removed":["Regret"],"damage_healed":0,"gold_gain":0,"player_choice":"Removed Curses","damage_taken":0,"max_hp_gain":0,"max_hp_loss":0,"event_name":"Fountain of Cleansing","floor":7,"gold_loss":0},{"damage_healed":0,"gold_gain":0,"player_choice":"Became a vampire","damage_taken":0,"max_hp_gain":0,"max_hp_loss":21,"event_name":"Vampires","floor":20,"gold_loss":0,"cards_obtained":["Bite","Bite","Bite","Bite","Bite"]}],"is_beta":false,"boss_relics":[{"not_picked":["Velvet Choker","Runic Dome"],"picked":"HoveringKite"}],"items_purged_floors":[],"is_endless":false,"potions_floor_spawned":[8,11,16,18,19,21,30],"killed_by":"Automaton","ascension_level":3}}