{"host":"x7u3amoxy3d4heu5","time":1613521490,"event":{"mods":["BaseMod","Colored Map","DeckTracker","Downfall","Hermit","Hubris","Infinite Spire","Marisa????????","Minty Spire (QoL Compilation)","Quick Restart","Replay The Spire","StSLib","The Cursed","The IronCluck","The Jungle","The Servant 0.9.4","The Wild Card","Unceasing Turn Reminder","slay the spire mod where everything is the same but ironclad has a cowboy hat"],"gold_per_floor":[114,133,133,133,151,151,67,67,94,169,187,187,187,198,198,311,311,334,359,359,359,52,89,114,114,114,141,141,151,151,59,59,59,59,59],"floor_reached":33,"language":"ENG","playtime":2174,"items_purged":["hubris:Lust"],"score":279,"play_id":"e7bc71a5-8795-4be2-b6f5-14761f9bdeb6","local_time":"20210216172450","is_ascension_mode":false,"campfire_choices":[{"data":"hexamod:UnlimitedPower","floor":8,"key":"SMITH"},{"data":"hexamod:RadiantFlame","floor":12,"key":"SMITH"},{"data":"hexamod:TimeOfNeed","floor":15,"key":"SMITH"},{"floor":25,"key":"REST"},{"floor":28,"key":"REST"},{"floor":32,"key":"REST"}],"circlet_count":0,"master_deck":["hexamod:Strike","hexamod:Strike","hexamod:Strike","hexamod:Strike","hexamod:Defend","hexamod:Defend","hexamod:Defend","hexamod:Defend","hexamod:Sear","hexamod:Float","hexamod:GhostOfSpirePast","hexamod:ThirdSeal","hexamod:UnlimitedPower+1","hexamod:SpectersWail","hexamod:FourthSeal","hexamod:InspiringFlames","hexamod:RadiantFlame+1","hexamod:TimeOfNeed+1","hexamod:SecondSeal","hexamod:SearingWound","hexamod:SearingWound","hexamod:Firestarter","hexamod:EtherealExpedition","hexamod:EmpoweredFlame","hexamod:FirstSeal","hexamod:PhantomCloak","hexamod:RainOfEmbers","hexamod:AdvancingGuard","hexamod:SwordOfDarkness+1","hexamod:VolcanoVisage","hubris:Lust","Hallucinations","hexamod:SpectersWail+1","hexamod:FastForward","hexamod:SoulSteal","hexamod:Firestarter+1","hexamod:CatchUp"],"relics":["hexamod:SpiritBrand","NeowsBlessing","downfall:ExtraCursedKey","hubris:OldNail","Spirit Poop","bronze:MakeshiftBattery","Lee\u0027s Waffle","Bottled Tornado","Molten Egg 2"],"acts_visited":["Exordium","TheCity"],"potions_floor_usage":[23,24,24,29],"damage_taken":[{"damage":0,"enemies":"Small Slimes","floor":1,"turns":1},{"damage":0,"enemies":"2 Louse","floor":2,"turns":2},{"damage":0,"enemies":"Jaw Worm","floor":5,"turns":1},{"damage":8,"enemies":"Red Slaver","floor":11,"turns":4},{"damage":1,"enemies":"3 Louse","floor":14,"turns":2},{"damage":44,"enemies":"The Guardian","floor":16,"turns":9},{"damage":38,"enemies":"Spheric Guardian","floor":18,"turns":6},{"damage":19,"enemies":"Shell Parasite","floor":19,"turns":6},{"damage":71,"enemies":"Nightmare","floor":23,"turns":11},{"damage":11,"enemies":"Centurion and Healer","floor":24,"turns":7},{"damage":17,"enemies":"Cultist and Chosen","floor":27,"turns":6},{"damage":40,"enemies":"Chosen and Byrds","floor":29,"turns":6},{"damage":66,"enemies":"Automaton","floor":33,"turns":6}],"seed_played":"3632564428600486694","potions_obtained":[{"floor":2,"key":"Dexterity Potion"},{"floor":5,"key":"FearPotion"},{"floor":11,"key":"FearPotion"},{"floor":11,"key":"infinitespire:BlackPotion"},{"floor":21,"key":"Flashbang"},{"floor":23,"key":"DistilledChaos"},{"floor":24,"key":"Reflective Coating"},{"floor":27,"key":"Milkshake"}],"is_trial":false,"path_per_floor":["M","M","?","?","M","?","$","R","T","?","M","R","?","M","R","B",null,"M","M","?","?","$","NM","M","R","T","M","R","M","?","$","R","B"],"character_chosen":"THE_SPIRIT","items_purchased":["hexamod:FourthSeal","hexamod:InspiringFlames","hexamod:PhantomCloak","Lee\u0027s Waffle","hexamod:Firestarter+1","hexamod:CatchUp"],"campfire_rested":3,"item_purchase_floors":[7,7,22,22,31,31],"current_hp_per_floor":[70,70,70,70,70,70,70,70,70,59,51,51,51,50,50,6,70,32,13,6,6,77,13,9,32,32,22,45,12,12,12,35,0,0,0],"gold":59,"neow_bonus":"THREE_ENEMY_KILL","is_daily":false,"chose_seed":false,"campfire_upgraded":3,"win_rate":0.0,"timestamp":1613521490,"path_taken":["M","M","?","?","M","?","?","R","T","?","M","R","?","?","R","BOSS","M","M","?","?","$","NM","M","R","T","?","R","M","?","$","R","BOSS"],"items_purchased_type":["Card","Card","Card","Relic","Card","Card"],"build_version":"2020-12-22","purchased_purges":1,"victory":false,"max_hp_per_floor":[70,70,70,70,70,70,70,70,70,70,70,70,70,70,70,70,70,70,70,70,70,77,77,77,77,77,77,77,77,77,77,77,77,77,77],"card_choices":[{"not_picked":["hexamod:NightmareStrike","hexamod:RetreatToShadows"],"picked":"hexamod:GhostOfSpirePast","floor":1},{"not_picked":["hexamod:GhostLash","hexamod:InspiringFlames"],"picked":"hexamod:ThirdSeal","floor":2},{"not_picked":["hexamod:HeatCrush","hexamod:StepThrough"],"picked":"hexamod:SpectersWail","floor":5},{"not_picked":["hexamod:AdvancingGuard","hexamod:PhantomFireball"],"picked":"hexamod:RadiantFlame","floor":11},{"not_picked":["hexamod:ShieldOfDarkness","hexamod:RetreatToShadows"],"picked":"hexamod:TimeOfNeed","floor":14},{"not_picked":["hexamod:Hexaguard","hexamod:BurningTouch"],"picked":"hexamod:SecondSeal","floor":14},{"not_picked":["hexamod:GhostOfSpirePresent","hexamod:ForkedFlame"],"picked":"hexamod:SearingWound","floor":16},{"not_picked":["hexamod:ParanormalForm","hexamod:GhostflameInferno"],"picked":"hexamod:SearingWound","floor":16},{"not_picked":["hexamod:GhostLash","hexamod:BacktrackSmack"],"picked":"hexamod:Firestarter","floor":18},{"not_picked":["hexamod:HeatMetal+1","hexamod:GhostShield","hexamod:GhostLash+1"],"picked":"SKIP","floor":18},{"not_picked":["hexamod:SpectralAdrenaline","hexamod:SecondSeal"],"picked":"hexamod:EtherealExpedition","floor":19},{"not_picked":["hexamod:ThirdSeal","hexamod:NecessarySacrifice"],"picked":"hexamod:EmpoweredFlame","floor":19},{"not_picked":["hexamod:InspiringFlames+1","hexamod:NightmareStrike"],"picked":"hexamod:RainOfEmbers","floor":23},{"not_picked":["hexamod:CatchUp+1","hexamod:ThirdSeal"],"picked":"hexamod:AdvancingGuard","floor":23},{"not_picked":["hexamod:BacktrackSmack","hexamod:GhostOfSpirePast"],"picked":"hexamod:SwordOfDarkness+1","floor":24},{"not_picked":["hexamod:GhostShield","hexamod:Firestarter"],"picked":"hexamod:VolcanoVisage","floor":24},{"not_picked":["hexamod:GhostOfSpireFuture","hexamod:SecondSeal"],"picked":"hexamod:SpectersWail+1","floor":27},{"not_picked":["hexamod:HeatMetal+1","hexamod:ThermalTransfer+1"],"picked":"hexamod:FastForward","floor":27},{"not_picked":["hexamod:FourthSeal","hexamod:GhostShield"],"picked":"hexamod:SoulSteal","floor":29}],"player_experience":966089,"relics_obtained":[{"floor":9,"key":"hubris:OldNail"},{"floor":23,"key":"Bottled Tornado"},{"floor":26,"key":"Molten Egg 2"}],"event_choices":[{"cards_removed":["infinitespire:Pacifist"],"damage_healed":0,"gold_gain":0,"player_choice":"Forget","damage_taken":0,"max_hp_gain":0,"max_hp_loss":0,"event_name":"Living Wall","floor":4,"gold_loss":0},{"damage_healed":0,"gold_gain":75,"player_choice":"Gather Gold","damage_taken":11,"max_hp_gain":0,"max_hp_loss":0,"event_name":"World of Goop","floor":10,"gold_loss":0},{"cards_removed":["Pain"],"damage_healed":0,"gold_gain":0,"player_choice":"Offered Curse","damage_taken":0,"relics_obtained":["Spirit Poop"],"max_hp_gain":0,"max_hp_loss":0,"event_name":"Bonfire Elementals","floor":13,"gold_loss":0},{"damage_healed":0,"gold_gain":0,"player_choice":"Got Potions","damage_taken":0,"max_hp_gain":0,"max_hp_loss":0,"event_name":"Lab","floor":21,"gold_loss":0}],"is_beta":false,"boss_relics":[{"not_picked":["hubris:GrandSneckoEye","Calling Bell"],"picked":"bronze:MakeshiftBattery"}],"items_purged_floors":[22],"is_endless":false,"potions_floor_spawned":[2,5,11,14,23],"killed_by":"Automaton","ascension_level":0}}