{"host":"ty2cix8xj6r3ad26","time":1613570064,"event":{"mods":["AchievementEnabler","BaseMod","BetterRewards","Minty Spire (QoL Compilation)","Quick Restart","StSLib","SuperFastMode"],"gold_per_floor":[111,81,94,94,94,94,128,128,154,154,167,180,180,180,180,254,254,265,265,265,280,280,280,314,12,12,12,28,60,72,98,98,175,175,194,494,506,520,520,520,520,520],"floor_reached":41,"language":"ENG","playtime":2695,"items_purged":["Strike_R","Strike_R","Decay"],"score":842,"play_id":"85811d64-644a-4dad-a7ab-893ced492270","local_time":"20210217155424","is_ascension_mode":true,"campfire_choices":[{"data":"Immolate","floor":6,"key":"SMITH"},{"data":"Bash","floor":8,"key":"SMITH"},{"data":"Defend_R","floor":10,"key":"SMITH"},{"data":"Armaments","floor":13,"key":"SMITH"},{"data":"Battle Trance","floor":15,"key":"SMITH"},{"floor":23,"key":"RECALL"},{"floor":27,"key":"REST"},{"floor":32,"key":"REST"}],"circlet_count":0,"master_deck":["AscendersBane","Strike_R+1","Strike_R+1","Defend_R","Defend_R+1","Defend_R","Bash+1","Immolate+1","Battle Trance+1","Anger+1","Armaments+1","Power Through","Feed+1","J.A.X.+1","Thunderclap+1","Second Wind+1","Fire Breathing","Pummel+1","Metallicize","Corruption","Sentinel","Parasite","Iron Wave+1","Headbutt+1"],"relics":["Burning Blood","Membership Card","Juzu Bracelet","Whetstone","Torii","Calipers","MealTicket","Molten Egg 2","Art of War","Fusion Hammer","Turnip","Matryoshka","OrangePellets","Regal Pillow","Kunai","Pocketwatch","Toy Ornithopter","War Paint","Runic Dome"],"acts_visited":["Exordium","TheCity","TheBeyond"],"potions_floor_usage":[2,7,12,16,24,33,37,40],"damage_taken":[{"damage":1,"enemies":"2 Louse","floor":1,"turns":2},{"damage":1,"enemies":"Cultist","floor":3,"turns":3},{"damage":25,"enemies":"Lagavulin","floor":7,"turns":5},{"damage":1,"enemies":"Jaw Worm","floor":11,"turns":3},{"damage":1,"enemies":"2 Fungi Beasts","floor":12,"turns":2},{"damage":1,"enemies":"The Guardian","floor":16,"turns":10},{"damage":1,"enemies":"Spheric Guardian","floor":18,"turns":3},{"damage":24,"enemies":"2 Thieves","floor":21,"turns":4},{"damage":3,"enemies":"Gremlin Leader","floor":24,"turns":5},{"damage":3,"enemies":"3 Cultists","floor":28,"turns":3},{"damage":50,"enemies":"Book of Stabbing","floor":29,"turns":5},{"damage":6,"enemies":"Cultist and Chosen","floor":30,"turns":4},{"damage":73,"enemies":"Automaton","floor":33,"turns":9},{"damage":17,"enemies":"3 Shapes","floor":35,"turns":2},{"damage":16,"enemies":"Orb Walker","floor":37,"turns":3},{"damage":25,"enemies":"Writhing Mass","floor":38,"turns":5},{"damage":17,"enemies":"Jaw Worm Horde","floor":40,"turns":2},{"damage":50,"enemies":"Giant Head","floor":41,"turns":6}],"seed_played":"-5203552197675968191","potions_obtained":[{"floor":2,"key":"EssenceOfSteel"},{"floor":2,"key":"Fruit Juice"},{"floor":3,"key":"Explosive Potion"},{"floor":11,"key":"EssenceOfSteel"},{"floor":21,"key":"Dexterity Potion"},{"floor":28,"key":"SmokeBomb"},{"floor":29,"key":"GamblersBrew"},{"floor":35,"key":"GamblersBrew"}],"is_trial":false,"path_per_floor":["M","?","M","?","?","R","E","R","T","R","M","M","R","?","R","B",null,"M","?","?","M","?","R","E","$","T","R","M","E","M","T","R","B",null,"M","?","M","M","?","M","E"],"character_chosen":"IRONCLAD","items_purchased":["Membership Card","Juzu Bracelet","Whetstone","Immolate","Matryoshka","Fire Breathing","OrangePellets"],"campfire_rested":2,"item_purchase_floors":[0,0,0,0,25,25,25],"current_hp_per_floor":[38,43,48,53,48,48,29,29,29,29,34,39,39,39,39,44,75,84,84,84,66,66,66,69,84,84,89,93,49,49,49,91,26,76,65,65,64,49,49,43,0,0],"gold":520,"neow_bonus":"","is_daily":false,"chose_seed":false,"campfire_upgraded":5,"win_rate":0.0,"timestamp":1613570064,"path_taken":["M","?","M","?","?","R","E","R","T","R","M","M","R","?","R","BOSS","M","?","?","M","?","R","E","$","T","R","M","E","M","?","R","BOSS","M","?","M","M","?","M","E"],"items_purchased_type":["Relic","Relic","Relic","Card","Relic","Card","Relic"],"build_version":"2020-12-22","purchased_purges":3,"victory":false,"max_hp_per_floor":[75,80,80,85,85,85,85,85,85,85,85,85,85,85,85,85,85,89,89,89,89,89,89,89,89,89,89,93,93,93,93,93,93,93,93,93,97,101,101,101,101,101],"card_choices":[{"not_picked":["Body Slam","Shockwave","Entrench"],"picked":"SKIP","floor":1},{"not_picked":["Heavy Blade","Rampage"],"picked":"Battle Trance","floor":3},{"not_picked":["Burning Pact","Perfected Strike+1"],"picked":"Anger+1","floor":7},{"not_picked":["Body Slam+1","Havoc"],"picked":"Armaments","floor":11},{"not_picked":["Clothesline+1","Clash+1"],"picked":"Power Through","floor":12},{"not_picked":["Double Tap","Juggernaut"],"picked":"Feed+1","floor":16},{"not_picked":["Armaments","Headbutt+1","Havoc"],"picked":"SKIP","floor":18},{"not_picked":["Body Slam+1","Juggernaut"],"picked":"Thunderclap+1","floor":21},{"not_picked":["Perfected Strike+1","Body Slam+1"],"picked":"Second Wind","floor":24},{"not_picked":["Carnage+1","Twin Strike+1"],"picked":"Pummel+1","floor":28},{"not_picked":["Disarm","Cleave+1"],"picked":"Metallicize","floor":29},{"not_picked":["Shrug It Off","Thunderclap+1","Rage"],"picked":"SKIP","floor":30},{"not_picked":["Feed+1","Double Tap"],"picked":"Corruption","floor":33},{"not_picked":["Cleave+1","Searing Blow+1","Armaments"],"picked":"SKIP","floor":35},{"not_picked":["Wild Strike+1","Cleave+1"],"picked":"Sentinel","floor":37},{"not_picked":["True Grit","Headbutt+1"],"picked":"Iron Wave+1","floor":38}],"player_experience":595450,"relics_obtained":[{"floor":7,"key":"Molten Egg 2"},{"floor":9,"key":"Art of War"},{"floor":24,"key":"Turnip"},{"floor":26,"key":"Regal Pillow"},{"floor":26,"key":"Kunai"},{"floor":29,"key":"Pocketwatch"},{"floor":31,"key":"Toy Ornithopter"},{"floor":31,"key":"War Paint"}],"event_choices":[{"damage_healed":0,"gold_gain":0,"player_choice":"Bought 2 Potions","damage_taken":0,"max_hp_gain":0,"max_hp_loss":0,"event_name":"The Woman in Blue","floor":2,"gold_loss":0},{"damage_healed":0,"gold_gain":0,"player_choice":"Donut","damage_taken":0,"max_hp_gain":5,"max_hp_loss":0,"event_name":"Big Fish","floor":4,"gold_loss":0},{"damage_healed":0,"gold_gain":0,"player_choice":"Success","damage_taken":5,"relics_obtained":["MealTicket"],"max_hp_gain":0,"max_hp_loss":0,"event_name":"Scrap Ooze","floor":5,"gold_loss":0},{"damage_healed":0,"gold_gain":0,"player_choice":"Ignored","damage_taken":0,"max_hp_gain":0,"max_hp_loss":0,"event_name":"Liars Game","floor":14,"gold_loss":0},{"damage_healed":0,"gold_gain":0,"player_choice":"Obtain J.A.X.","damage_taken":0,"max_hp_gain":0,"max_hp_loss":0,"event_name":"Drug Dealer","floor":19,"gold_loss":0,"cards_obtained":["J.A.X."]},{"cards_removed":["Defend_R"],"damage_healed":0,"gold_gain":0,"player_choice":"Offered Basic","damage_taken":0,"max_hp_gain":0,"max_hp_loss":0,"event_name":"Bonfire Elementals","floor":20,"gold_loss":0},{"damage_healed":0,"gold_gain":0,"player_choice":"Cursed","damage_taken":0,"max_hp_gain":0,"max_hp_loss":0,"event_name":"Wheel of Change","floor":22,"gold_loss":0,"cards_obtained":["Decay"]},{"damage_healed":0,"gold_gain":300,"player_choice":"Gold","damage_taken":0,"max_hp_gain":0,"max_hp_loss":0,"event_name":"Wheel of Change","floor":36,"gold_loss":0},{"damage_healed":0,"gold_gain":0,"cards_transformed":["Strike_R"],"player_choice":"Transformed","damage_taken":0,"max_hp_gain":0,"max_hp_loss":0,"event_name":"Transmorgrifier","floor":39,"gold_loss":0,"cards_obtained":["Headbutt"]}],"is_beta":false,"boss_relics":[{"not_picked":["Cursed Key","Philosopher\u0027s Stone"],"picked":"Fusion Hammer"},{"not_picked":["Coffee Dripper","Snecko Eye"],"picked":"Runic Dome"}],"items_purged_floors":[0,0,25],"is_endless":false,"potions_floor_spawned":[3,11,21,28,29,35],"killed_by":"Giant Head","ascension_level":16}}