{"host":"Sylvester","time":1613585090,"event":{"mods":["AchievementEnabler","BaseMod","Filter the Spire","Lobotomy","Minty Spire (QoL Compilation)","Replay The Spire","StSLib"],"gold_per_floor":[111,122,122,122,135,135,166,166,166,184,18,52,63,97,97,97,97,97],"floor_reached":17,"language":"ENG","playtime":755,"items_purged":[],"score":250,"play_id":"b6b8a770-7033-421f-ba30-39dcf00061ad","local_time":"20210217100450","is_ascension_mode":true,"campfire_choices":[{"data":"Dagger Spray","floor":6,"key":"SMITH"},{"data":"Neutralize","floor":8,"key":"SMITH"},{"floor":15,"key":"REST"},{"data":"Burst","floor":16,"key":"SMITH"}],"circlet_count":0,"master_deck":["AscendersBane","Strike_G+1","Strike_G","Strike_G","Strike_G+1","Strike_G","Defend_G","Defend_G","Defend_G","Defend_G","Defend_G","Survivor","Neutralize+1","Dagger Spray+1","Draining Mist+1","Poisoned Stab","Cloak And Dagger","Blade Dance","Toxin Wave","Burst+1","Footwork","PiercingWail","PiercingWail","Replay:Bag of Tricks","Deadly Poison","Malaise+1"],"relics":["Philosopher\u0027s Stone","Replay:Bottled Steam","Iron Hammer","Orrery","Whetstone","Toxic Egg 2"],"acts_visited":["Exordium"],"potions_floor_usage":[7,12],"damage_taken":[{"damage":0,"enemies":"Small Slimes","floor":1,"turns":3},{"damage":0,"enemies":"2 Louse","floor":2,"turns":4},{"damage":0,"enemies":"Cultist","floor":5,"turns":4},{"damage":18,"enemies":"3 Sentries","floor":7,"turns":8},{"damage":7,"enemies":"Lots of Slimes","floor":10,"turns":3},{"damage":25,"enemies":"Gremlin Nob","floor":12,"turns":4},{"damage":0,"enemies":"3 Louse","floor":13,"turns":3},{"damage":9,"enemies":"Lagavulin","floor":14,"turns":5},{"damage":44,"enemies":"Fading Forest","floor":17,"turns":8}],"seed_played":"-7642184064836108367","potions_obtained":[{"floor":2,"key":"DistilledChaos"},{"floor":10,"key":"Milkshake"}],"is_trial":false,"path_per_floor":["M","M","?","?","M","R","E","R","T","M","$","E","M","E","R","R","B"],"character_chosen":"THE_SILENT","items_purchased":["Orrery"],"campfire_rested":1,"item_purchase_floors":[11],"current_hp_per_floor":[59,59,64,64,64,64,46,46,46,39,39,14,14,5,26,26,0,0],"gold":97,"neow_bonus":"BOSS_RELIC","is_daily":false,"chose_seed":false,"campfire_upgraded":3,"win_rate":0.0,"timestamp":1613585090,"path_taken":["M","M","?","?","M","R","E","R","T","M","$","E","?","E","R","R","BOSS"],"items_purchased_type":["Relic"],"build_version":"2020-11-17","purchased_purges":0,"victory":false,"max_hp_per_floor":[66,66,71,71,71,71,71,71,71,71,71,71,71,71,71,71,71,71],"card_choices":[{"not_picked":["Deadly Poison","Hidden Blade"],"picked":"Dagger Spray","floor":1},{"not_picked":["Well Laid Plans","Deflect"],"picked":"Draining Mist","floor":2},{"not_picked":["Prepared","Concentrate"],"picked":"Poisoned Stab","floor":5},{"not_picked":["Finisher","Prepared"],"picked":"Cloak And Dagger","floor":7},{"not_picked":["Catalyst","ReplayTheSpireMod:Shiv Toss"],"picked":"Blade Dance","floor":10},{"not_picked":["Outmaneuver","Predator"],"picked":"Toxin Wave","floor":11},{"not_picked":["Backflip","Escape Plan"],"picked":"Burst","floor":11},{"not_picked":["PiercingWail","Skewer"],"picked":"Footwork","floor":11},{"not_picked":["Hidden Blade","Underhanded Strike"],"picked":"PiercingWail","floor":11},{"not_picked":["Underhanded Strike","Quick Slash"],"picked":"PiercingWail","floor":11},{"not_picked":["Backstab","Crippling Poison"],"picked":"Replay:Bag of Tricks","floor":12},{"not_picked":["Deflect","Prepared"],"picked":"Deadly Poison","floor":13},{"not_picked":["Outmaneuver+1","Acrobatics+1"],"picked":"Malaise+1","floor":14}],"player_experience":276652,"relics_obtained":[{"floor":7,"key":"Replay:Bottled Steam"},{"floor":9,"key":"Iron Hammer"},{"floor":12,"key":"Whetstone"},{"floor":14,"key":"Toxic Egg 2"}],"event_choices":[{"damage_healed":0,"gold_gain":0,"player_choice":"Donut","damage_taken":0,"max_hp_gain":5,"max_hp_loss":0,"event_name":"Big Fish","floor":3,"gold_loss":0},{"damage_healed":0,"gold_gain":0,"player_choice":"Upgraded","damage_taken":0,"max_hp_gain":0,"max_hp_loss":0,"event_name":"Upgrade Shrine","floor":4,"gold_loss":0,"cards_upgraded":["Draining Mist"]}],"is_beta":true,"boss_relics":[],"items_purged_floors":[],"is_endless":false,"potions_floor_spawned":[2,10],"killed_by":"Fading Forest","ascension_level":20}}