{"host":"58syw52hqfl22t9m","time":1613542886,"event":{"mods":["2.2 Compatiblity","AchievementEnabler","BaseMod","Better Altar","Better Match","Better Note","Better Sensory Stone","Better Skull","Better Third Choice","BetterRewards","Block Reminder","Colored Map","Colored Powertips","Curses Come First","Dark Map","GifTheSpireLib","Highlight Path","Hubris","Infinite Spire","Minty Spire (QoL Compilation)","Monster B Gone","Permanent Neow","Poor People Problems","Random Character Button","Rare Cards Sparkle","Relic Stats","Reliquary","Replay The Spire","Shop Mod","Spicy Shops","StSLib","The Blue Laboratory"],"gold_per_floor":[118,137,137,12,25,25,40,40,40,72,88,88,107,122,122,225,225,245,245,245,155,155,155,31,31,54,54,79,96,111,126,126,126,126],"floor_reached":33,"language":"ENG","playtime":1652,"items_purged":["Strike_G"],"score":465,"play_id":"0e25f042-00ee-4764-b72b-f2a69f800fa0","local_time":"20210216222126","is_ascension_mode":true,"campfire_choices":[{"data":"Caltrops","floor":6,"key":"SMITH"},{"floor":8,"key":"REST"},{"floor":15,"key":"REST"},{"floor":23,"key":"REST"},{"data":"Terror","floor":25,"key":"SMITH"},{"data":"A Thousand Cuts","floor":27,"key":"SMITH"},{"floor":32,"key":"REST"}],"circlet_count":0,"master_deck":["Strike_G","Strike_G","Strike_G","Defend_G+1","Defend_G","Defend_G","Defend_G","Defend_G+1","Survivor","Neutralize","Caltrops+1","Blade Dance","Hidden Blade+1","Backflip","Backstab","Backstab","Blade Dance","A Thousand Cuts+1","Backflip","Footwork+1","Terror+1","Hidden Blade","Prepared","hubris:Sniper"],"relics":["Ring of the Snake","Bronze Scales","Replay:Ringing Soul","Bottled Lightning","ReplayFunnel","Bag of Marbles"],"acts_visited":["Exordium","TheCity"],"potions_floor_usage":[10,16,16,33],"damage_taken":[{"damage":4,"enemies":"Small Slimes","floor":1,"turns":4},{"damage":1,"enemies":"infinitespire:Voidling","floor":2,"turns":4},{"damage":0,"enemies":"2 Louse","floor":5,"turns":3},{"damage":7,"enemies":"Large Slime","floor":7,"turns":6},{"damage":5,"enemies":"Lagavulin","floor":10,"turns":5},{"damage":1,"enemies":"2 Fungi Beasts","floor":11,"turns":3},{"damage":0,"enemies":"Blue Slaver","floor":13,"turns":2},{"damage":0,"enemies":"Large Slime","floor":14,"turns":4},{"damage":38,"enemies":"Slime Boss","floor":16,"turns":9},{"damage":28,"enemies":"2 Thieves","floor":18,"turns":3},{"damage":22,"enemies":"Book of Stabbing","floor":28,"turns":5},{"damage":0,"enemies":"Chosen","floor":29,"turns":4},{"damage":19,"enemies":"Centurion and Healer","floor":30,"turns":5},{"damage":22,"enemies":"Snake Plant","floor":31,"turns":4},{"damage":59,"enemies":"Automaton","floor":33,"turns":10}],"seed_played":"2321398828253998694","potions_obtained":[{"floor":2,"key":"AttackPotion"},{"floor":13,"key":"Energy Potion"},{"floor":14,"key":"ColorlessPotion"},{"floor":29,"key":"GamblersBrew"}],"is_trial":false,"path_per_floor":["M","M","?","$","M","R","M","R","T","E","M","?","M","M","R","B",null,"M","AVR","?","?","T","R","$","R","T","R","E","M","M","M","R","B"],"character_chosen":"THE_SILENT","items_purchased":["Caltrops","Bronze Scales","Backflip","Footwork+1","Terror"],"campfire_rested":4,"item_purchase_floors":[0,0,4,24,24],"current_hp_per_floor":[66,65,65,65,65,65,58,70,70,65,67,52,55,55,76,41,79,54,54,58,58,58,82,85,85,85,85,66,66,50,31,59,0,0],"gold":126,"neow_bonus":"","is_daily":false,"chose_seed":false,"campfire_upgraded":3,"win_rate":0.0,"timestamp":1613542886,"path_taken":["M","M","?","$","M","R","?","R","T","E","M","?","M","M","R","BOSS","M","AVR","?","?","?","R","$","R","T","R","E","M","M","M","R","BOSS"],"items_purchased_type":["Card","Relic","Card","Card","Card"],"build_version":"2020-12-22","purchased_purges":1,"victory":false,"max_hp_per_floor":[70,70,70,70,70,70,70,70,70,70,73,73,76,76,76,79,79,82,82,82,82,82,82,85,85,85,85,88,88,91,94,94,94,94],"relic_stats":{"counters":[100,473],"Bronze Scales":[186],"obtain_stats":[{"TwistedFunnel":24,"ReplayFunnel":9,"Golden Egg":37,"Regal Pillow":46,"Lantern":8,"Gremlin Horn":48,"Mango":0,"Blue Doll":44,"hubris:SlimyHat":26,"Whetstone":39,"Smiling Mask":28,"Sling":46,"Pet Ghost":19,"BranchBurnRelic":11,"Replay:Ringing Soul":10,"Replay:Bandana":9,"hubris:Icosahedron":3,"WristBlade":17,"Ninja Scroll":50,"Pantograph":0,"Strawberry":21,"hubris:ScarierMask":19,"Tiny Chest":0,"Red Mask":33,"HandDrill":48,"Ring of the Snake":0,"Replay:Bottled Steam":43,"Gremlin Food":22,"Pear":0,"Dead Branch":9,"Paper Crane":9,"War Paint":0,"White Beast Statue":6,"Mercury Hourglass":41,"SlaversCollar":36,"Strange Spoon":48,"betterThird:SlimedRelic":4,"Bronze Scales":0,"reliquary:BallBearing":26,"hubris:TenFootPole":0,"hubris:ToyBattleship":21,"Garlic":23,"Bag of Marbles":28,"Membership Card":0,"Bottled Lightning":22,"ReplayTheSpireMod:Lightbulb":9,"Meat on the Bone":45},{"TwistedFunnel":35,"ReplayFunnel":53,"Golden Egg":18,"Regal Pillow":46,"Lantern":76,"Gremlin Horn":47,"Mango":0,"Blue Doll":46,"hubris:SlimyHat":13,"Whetstone":43,"Smiling Mask":14,"Sling":46,"Pet Ghost":10,"BranchBurnRelic":66,"Replay:Ringing Soul":90,"Replay:Bandana":30,"hubris:Icosahedron":69,"WristBlade":9,"Ninja Scroll":49,"Pantograph":0,"Strawberry":11,"hubris:ScarierMask":34,"Tiny Chest":0,"Red Mask":40,"HandDrill":47,"Ring of the Snake":0,"Replay:Bottled Steam":20,"Gremlin Food":35,"Pear":50,"Dead Branch":65,"Paper Crane":5,"War Paint":71,"White Beast Statue":3,"Mercury Hourglass":20,"SlaversCollar":41,"Strange Spoon":47,"betterThird:SlimedRelic":28,"Bronze Scales":85,"reliquary:BallBearing":83,"hubris:TenFootPole":71,"hubris:ToyBattleship":80,"Garlic":82,"Bag of Marbles":96,"Membership Card":26,"Bottled Lightning":95,"ReplayTheSpireMod:Lightbulb":70,"Meat on the Bone":46},{"TwistedFunnel":165,"ReplayFunnel":240,"Golden Egg":89,"Regal Pillow":211,"Lantern":349,"Gremlin Horn":212,"Mango":0,"Blue Doll":211,"hubris:SlimyHat":65,"Whetstone":193,"Smiling Mask":71,"Sling":211,"Pet Ghost":51,"BranchBurnRelic":298,"Replay:Ringing Soul":424,"Replay:Bandana":143,"hubris:Icosahedron":313,"WristBlade":47,"Ninja Scroll":218,"Pantograph":0,"Strawberry":56,"hubris:ScarierMask":163,"Tiny Chest":0,"Red Mask":181,"HandDrill":212,"Ring of the Snake":0,"Replay:Bottled Steam":100,"Gremlin Food":165,"Pear":231,"Dead Branch":295,"Paper Crane":24,"War Paint":323,"White Beast Statue":16,"Mercury Hourglass":100,"SlaversCollar":188,"Strange Spoon":212,"betterThird:SlimedRelic":135,"Bronze Scales":402,"reliquary:BallBearing":391,"hubris:TenFootPole":323,"hubris:ToyBattleship":373,"Garlic":383,"Bag of Marbles":450,"Membership Card":128,"Bottled Lightning":445,"ReplayTheSpireMod:Lightbulb":317,"Meat on the Bone":211}],"Ring of the Snake":[200]},"card_choices":[{"not_picked":["Accuracy","ReplayTheSpireMod:The Works"],"picked":"Blade Dance","floor":1},{"not_picked":["PiercingWail","Dodge and Roll"],"picked":"Hidden Blade","floor":2},{"not_picked":["Prepared","Escape Plan"],"picked":"Backstab","floor":5},{"not_picked":["Deflect","Setup","Fluid Movement"],"picked":"SKIP","floor":7},{"not_picked":["Prepared","Blur","Well Laid Plans"],"picked":"SKIP","floor":10},{"not_picked":["Underhanded Strike","Choke"],"picked":"Backstab","floor":11},{"not_picked":["ReplayTheSpireMod:Shiv Toss","All Out Attack"],"picked":"Blade Dance","floor":13},{"not_picked":["Expertise","Eviscerate","Setup"],"picked":"SKIP","floor":14},{"not_picked":["Burst","Unload"],"picked":"A Thousand Cuts","floor":16},{"not_picked":["ReplayTheSpireMod:Tripwire","Poisoned Stab"],"picked":"Backflip","floor":18},{"not_picked":["Reflex","Slice+1"],"picked":"Hidden Blade","floor":28},{"not_picked":["Blur+1","Underhanded Strike+1","Escape Plan+1"],"picked":"SKIP","floor":29},{"not_picked":["Hidden Blade+1","Predator"],"picked":"Prepared","floor":30},{"not_picked":["Catalyst+1","Acrobatics"],"picked":"hubris:Sniper","floor":31}],"player_experience":445852,"relics_obtained":[{"floor":10,"key":"Replay:Ringing Soul"},{"floor":22,"key":"Bottled Lightning"},{"floor":26,"key":"ReplayFunnel"},{"floor":28,"key":"Bag of Marbles"}],"event_choices":[{"damage_healed":0,"gold_gain":0,"player_choice":"Leave","damage_taken":0,"max_hp_gain":0,"max_hp_loss":0,"event_name":"FaceTrader","floor":3,"gold_loss":0},{"damage_healed":67,"gold_gain":0,"player_choice":"Upgrade","damage_taken":15,"max_hp_gain":0,"max_hp_loss":73,"event_name":"betterThird:BetterShining","floor":12,"gold_loss":0,"cards_upgraded":["Defend_G","Defend_G"]},{"damage_healed":4,"gold_gain":0,"player_choice":"LEAVE ","damage_taken":0,"relics_obtained":[],"max_hp_gain":0,"max_hp_loss":0,"event_name":"betterSkull:BetterSkull","floor":20,"gold_loss":0,"cards_upgraded":[]},{"cards_removed":["Strike_G"],"damage_healed":0,"gold_gain":0,"player_choice":"Upgrade and Remove","damage_taken":0,"max_hp_gain":0,"max_hp_loss":0,"event_name":"Designer","floor":21,"gold_loss":90,"cards_upgraded":["Hidden Blade"]}],"is_beta":false,"boss_relics":[{"not_picked":["ChewingGum","reliquary:RedCape","hubris:CrackedHourglass"]}],"items_purged_floors":[4],"is_endless":false,"potions_floor_spawned":[2,10,13,14,29],"killed_by":"Automaton","ascension_level":4}}