{"host":"utqe55yv0jihe4d6","time":1613532274,"event":{"mods":["2.2 Compatiblity","AchievementEnabler","BaseMod","Block Reminder","Colored Map","Colored Powertips","Minty Spire (QoL Compilation)","Quick Restart","Rare Cards Sparkle","Relic Stats","SuperFastMode"],"gold_per_floor":[114,114,114,124,49,92,92,132,132,151,172,19,19,42,42,42,42],"floor_reached":16,"language":"ENG","playtime":353,"items_purged":["Regret","Strike_R"],"score":270,"play_id":"22f85ab9-7487-4dd9-a588-79f647c7ba6a","local_time":"20210216222434","is_ascension_mode":true,"campfire_choices":[{"data":"Corruption","floor":13,"key":"SMITH"},{"data":"Bash","floor":15,"key":"SMITH"}],"circlet_count":0,"master_deck":["AscendersBane","Strike_R","Strike_R","Strike_R","Strike_R","Defend_R","Defend_R","Defend_R","Defend_R","Bash+1","Pummel","Iron Wave","Hemokinesis","Corruption+1","Thunderclap","Shrug It Off"],"relics":["Burning Blood","NeowsBlessing","Singing Bowl","CeramicFish","Juzu Bracelet","Tiny Chest","Bag of Preparation"],"acts_visited":["Exordium"],"potions_floor_usage":[8,11,14,16,16],"damage_taken":[{"damage":0,"enemies":"2 Louse","floor":1,"turns":1},{"damage":0,"enemies":"Small Slimes","floor":4,"turns":1},{"damage":0,"enemies":"3 Sentries","floor":6,"turns":1},{"damage":29,"enemies":"Lagavulin","floor":8,"turns":6},{"damage":14,"enemies":"Jaw Worm","floor":10,"turns":4},{"damage":10,"enemies":"Large Slime","floor":11,"turns":6},{"damage":3,"enemies":"Looter","floor":14,"turns":3},{"damage":28,"enemies":"The Guardian","floor":16,"turns":9}],"seed_played":"-5246254441498314774","potions_obtained":[{"floor":4,"key":"SteroidPotion"},{"floor":10,"key":"LiquidMemories"},{"floor":11,"key":"BlessingOfTheForge"},{"floor":14,"key":"Energy Potion"}],"is_trial":false,"path_per_floor":["M","$","?","M","$","E","?","E","T","M","M","$","R","M","R","B"],"character_chosen":"IRONCLAD","items_purchased":["BloodPotion"],"campfire_rested":0,"item_purchase_floors":[12],"current_hp_per_floor":[74,74,74,75,75,75,40,17,17,11,7,7,7,25,25,0,0],"gold":42,"neow_bonus":"THREE_ENEMY_KILL","is_daily":false,"chose_seed":false,"campfire_upgraded":2,"win_rate":0.0,"timestamp":1613532274,"path_taken":["M","$","?","M","$","E","?","E","T","M","M","$","R","M","R","BOSS"],"items_purchased_type":["Potion"],"build_version":"2020-12-22","purchased_purges":2,"victory":false,"max_hp_per_floor":[75,75,75,75,75,75,75,75,75,77,77,77,77,77,77,77,77],"relic_stats":{"Singing Bowl":2,"counters":[8,31],"CeramicFish":36,"Tiny Chest":0,"Juzu Bracelet":0,"Bag of Preparation":[8],"obtain_stats":[{"NeowsBlessing":0,"Singing Bowl":3,"CeramicFish":6,"Tiny Chest":8,"Juzu Bracelet":7,"Bag of Preparation":9,"Burning Blood":0},{"NeowsBlessing":0,"Singing Bowl":1,"CeramicFish":3,"Tiny Chest":4,"Juzu Bracelet":3,"Bag of Preparation":4,"Burning Blood":0},{"NeowsBlessing":0,"Singing Bowl":1,"CeramicFish":3,"Tiny Chest":9,"Juzu Bracelet":3,"Bag of Preparation":9,"Burning Blood":0}],"Burning Blood":31},"card_choices":[{"not_picked":["Perfected Strike","Clash"],"picked":"Pummel","floor":1},{"not_picked":["Shrug It Off","Clash"],"picked":"Iron Wave","floor":4},{"not_picked":["Wild Strike","Rupture"],"picked":"Hemokinesis","floor":6},{"not_picked":["Body Slam","Thunderclap"],"picked":"Corruption","floor":8},{"not_picked":["Thunderclap","Havoc","Twin Strike"],"picked":"Singing Bowl","floor":10},{"not_picked":["Wild Strike","Reckless Charge"],"picked":"Thunderclap","floor":11},{"not_picked":["Brutality","Body Slam"],"picked":"Shrug It Off","floor":14}],"player_experience":3080044,"relics_obtained":[{"floor":6,"key":"CeramicFish"},{"floor":8,"key":"Tiny Chest"},{"floor":9,"key":"Bag of Preparation"}],"event_choices":[{"damage_healed":0,"gold_gain":0,"player_choice":"Box","damage_taken":0,"relics_obtained":["Singing Bowl"],"max_hp_gain":0,"max_hp_loss":0,"event_name":"Big Fish","floor":3,"gold_loss":0,"cards_obtained":["Regret"]},{"damage_healed":0,"gold_gain":0,"player_choice":"Success","damage_taken":35,"relics_obtained":["Juzu Bracelet"],"max_hp_gain":0,"max_hp_loss":0,"event_name":"Scrap Ooze","floor":7,"gold_loss":0}],"is_beta":false,"boss_relics":[],"items_purged_floors":[5,12],"is_endless":false,"potions_floor_spawned":[4,10,11,14],"killed_by":"The Guardian","ascension_level":20}}