{"host":"a1eatafr7pisesky","time":1613573186,"event":{"mods":["AchievementEnabler","BaseMod","Colored Map","Keyboard Shortcuts","Minty Spire (QoL Compilation)","Say the Spire","StSLib","SuperFastMode","everything is the same but u backflip on backflip"],"gold_per_floor":[111,161,174,192,192,192,36,36,89,89,89,128,143,162,162,162,162],"floor_reached":16,"language":"KOR","playtime":251,"items_purged":["Strike_R"],"score":200,"play_id":"d9f0f0be-edfd-4cea-ba14-45ba8451aeb4","local_time":"20210217234626","is_ascension_mode":true,"campfire_choices":[{"floor":6.0,"key":"REST"},{"data":"Bash","floor":10.0,"key":"SMITH"},{"floor":15.0,"key":"REST"}],"circlet_count":0,"master_deck":["AscendersBane","Strike_R","Strike_R","Strike_R","Defend_R+1","Defend_R","Defend_R+1","Defend_R","Bash+1","Offering+1","Cleave","Second Wind","Pommel Strike","Power Through"],"relics":["Burning Blood","War Paint","Golden Idol","Ice Cream"],"acts_visited":["Exordium"],"potions_floor_usage":[16],"damage_taken":[{"damage":7.0,"enemies":"Cultist","floor":1.0,"turns":3.0},{"damage":20.0,"enemies":"Jaw Worm","floor":3.0,"turns":4.0},{"damage":19.0,"enemies":"2 Louse","floor":4.0,"turns":3.0},{"damage":26.0,"enemies":"Lagavulin","floor":12.0,"turns":5.0},{"damage":12.0,"enemies":"Large Slime","floor":13.0,"turns":4.0},{"damage":6.0,"enemies":"3 Louse","floor":14.0,"turns":2.0},{"damage":37,"enemies":"The Guardian","floor":16,"turns":8}],"seed_played":"-4166908066111841732","potions_obtained":[{"floor":3.0,"key":"DistilledChaos"},{"floor":4.0,"key":"Block Potion"}],"is_trial":false,"path_per_floor":["M","?","M","M","?","R","$","?","T","R","?","E","M","M","R","B"],"character_chosen":"IRONCLAD","items_purchased":["Second Wind"],"campfire_rested":2,"item_purchase_floors":[7],"current_hp_per_floor":[67,61,47,34,14,34,34,34,34,34,34,14,8,8,26,0,0],"gold":162,"neow_bonus":"THREE_RARE_CARDS","is_daily":false,"chose_seed":false,"campfire_upgraded":1,"win_rate":0.0,"timestamp":1613573186,"path_taken":["M","?","M","?","?","R","$","?","T","R","?","E","M","M","R","BOSS"],"items_purchased_type":["Card"],"build_version":"2020-12-22","purchased_purges":1,"victory":false,"max_hp_per_floor":[68,68,68,68,68,68,68,68,68,68,62,62,62,62,62,62,62],"card_choices":[{"not_picked":["Reaper","Limit Break"],"picked":"Offering","floor":0.0},{"not_picked":["Warcry","Intimidate"],"picked":"Cleave","floor":1.0},{"not_picked":["Metallicize","Flex","Dark Embrace"],"picked":"SKIP","floor":3.0},{"not_picked":["Headbutt","Twin Strike","Bloodletting"],"picked":"SKIP","floor":4.0},{"not_picked":["Demon Form","Pommel Strike","Flex"],"picked":"SKIP","floor":12.0},{"not_picked":["Headbutt","Flex"],"picked":"Power Through","floor":13.0},{"not_picked":["Havoc","Flame Barrier","Dropkick"],"picked":"SKIP","floor":14.0}],"player_experience":468531,"relics_obtained":[{"floor":9.0,"key":"War Paint"},{"floor":12.0,"key":"Ice Cream"}],"event_choices":[{"damage_healed":0.0,"max_hp_gain":0.0,"max_hp_loss":0.0,"gold_gain":50.0,"event_name":"FaceTrader","player_choice":"Touch","floor":2.0,"gold_loss":0.0,"damage_taken":6.0},{"damage_healed":0.0,"max_hp_gain":0.0,"max_hp_loss":0.0,"gold_gain":0.0,"event_name":"Shining Light","player_choice":"Entered Light","floor":5.0,"gold_loss":0.0,"damage_taken":20.0,"cards_upgraded":["Strike_R","Offering"]},{"damage_healed":0.0,"max_hp_gain":0.0,"max_hp_loss":0.0,"gold_gain":0.0,"cards_transformed":["Strike_R"],"event_name":"Living Wall","player_choice":"Change","floor":8.0,"gold_loss":0.0,"damage_taken":0.0,"cards_obtained":["Pommel Strike"]},{"damage_healed":0.0,"max_hp_gain":0.0,"max_hp_loss":6.0,"gold_gain":0.0,"event_name":"Golden Idol","player_choice":"Lose Max HP","floor":11.0,"gold_loss":0.0,"damage_taken":0.0,"relics_obtained":["Golden Idol"]}],"is_beta":false,"boss_relics":[],"items_purged_floors":[7],"is_endless":false,"potions_floor_spawned":[3,4],"killed_by":"The Guardian","ascension_level":20}}