{"host":"g907ck67u7c3hrs6","time":1613574352,"event":{"mods":["BaseMod","Colored Map","DeckTracker","Force Act Four","Highlight Path","Keyboard Shortcuts","Minty Spire (QoL Compilation)","Permanent Neow","Say the Spire","SuperFastMode"],"gold_per_floor":[110,120,130,150,71,71,106,106,184,209,209,236,251,276,276,353,353,366,377,391,184,184,211,240,268,268,303,253,12,12,46,46,123,123,140,140,90,40,56,90,90,122,145,178,212,230,230,258,258,258,258,258,258,16,49,49],"floor_reached":57,"language":"KOR","playtime":1838,"items_purged":["Regret","Pain","Decay","Parasite","Injury"],"score":4019,"play_id":"c817527c-bb93-4438-b0ab-4bd9e7bc288d","local_time":"20210218000552","daily_mods":["SealedDeck","Heirloom","Time Dilation","Flight","DeadlyEvents","Cursed Run","Elite Swarm"],"is_ascension_mode":true,"campfire_choices":[{"data":"Evolve","floor":6,"key":"SMITH"},{"data":"Entrench","floor":8,"key":"SMITH"},{"data":"Fire Breathing","floor":11,"key":"SMITH"},{"data":"Fire Breathing","floor":15,"key":"SMITH"},{"data":"Barricade","floor":32,"key":"SMITH"},{"data":"Brutality","floor":41,"key":"SMITH"},{"floor":49,"key":"RECALL"},{"data":"Corruption","floor":53,"key":"SMITH"}],"circlet_count":0,"master_deck":["AscendersBane","Headbutt","Entrench+1","Burning Pact","Fire Breathing+1","Power Through","Disarm","Headbutt","Ghostly Armor","Wild Strike","Evolve+1","Second Wind","Flame Barrier","Fire Breathing+1","Offering","Impervious","Wild Strike+1","Battle Trance+1","Power Through","Rampage+1","Offering","Barricade+1","Fiend Fire+1","Evolve","Brutality+1","Body Slam+1","Master of Strategy","Flash of Steel+1","Flash of Steel+1","Ghostly Armor+1","Offering","Clumsy","Impervious","Corruption+1","Parasite","Feel No Pain","Corruption","Normality"],"relics":["Cursed Key","Darkstone Periapt","Du-Vu Doll","Mango","Prayer Wheel","Sundial","Smiling Mask","Vajra","Molten Egg 2","Mark of Pain","Medical Kit","Self Forming Clay","Peace Pipe","PreservedInsect","Pear","Bag of Preparation","Anchor","Runic Dome","Blue Candle","Eternal Feather","Red Skull","Dead Branch","Singing Bowl","Ornamental Fan","Thread and Needle"],"acts_visited":["Exordium","TheCity","TheBeyond","TheEnding"],"potions_floor_usage":[27,56,56],"damage_taken":[{"damage":0,"enemies":"2 Louse","floor":1,"turns":2},{"damage":0,"enemies":"Jaw Worm","floor":2,"turns":3},{"damage":0,"enemies":"Cultist","floor":3,"turns":3},{"damage":0,"enemies":"Blue Slaver","floor":4,"turns":3},{"damage":0,"enemies":"3 Sentries","floor":7,"turns":3},{"damage":0,"enemies":"Lagavulin","floor":10,"turns":5},{"damage":8,"enemies":"3 Sentries","floor":12,"turns":4},{"damage":12,"enemies":"Large Slime","floor":13,"turns":3},{"damage":0,"enemies":"Gremlin Nob","floor":14,"turns":3},{"damage":6,"enemies":"The Guardian","floor":16,"turns":5},{"damage":6,"enemies":"2 Thieves","floor":18,"turns":2},{"damage":3,"enemies":"3 Byrds","floor":19,"turns":2},{"damage":4,"enemies":"Snake Plant","floor":20,"turns":3},{"damage":10,"enemies":"Slavers","floor":23,"turns":3},{"damage":12,"enemies":"Book of Stabbing","floor":24,"turns":3},{"damage":17,"enemies":"Slavers","floor":25,"turns":4},{"damage":16,"enemies":"Book of Stabbing","floor":27,"turns":2},{"damage":39,"enemies":"Gremlin Leader","floor":31,"turns":3},{"damage":12,"enemies":"Collector","floor":33,"turns":5},{"damage":6,"enemies":"Orb Walker","floor":35,"turns":3},{"damage":13,"enemies":"3 Darklings","floor":39,"turns":3},{"damage":9,"enemies":"Giant Head","floor":40,"turns":5},{"damage":14,"enemies":"Nemesis","floor":42,"turns":3},{"damage":8,"enemies":"Giant Head","floor":44,"turns":3},{"damage":7,"enemies":"Reptomancer","floor":45,"turns":1},{"damage":13,"enemies":"Transient","floor":46,"turns":6},{"damage":15,"enemies":"Nemesis","floor":48,"turns":3},{"damage":13,"enemies":"Donu and Deca","floor":50,"turns":2},{"damage":11,"enemies":"Awakened One","floor":51,"turns":5},{"damage":8,"enemies":"Shield and Spear","floor":55,"turns":2},{"damage":93,"enemies":"The Heart","floor":56,"turns":5}],"seed_played":"6179654378810930205","potions_obtained":[{"floor":3,"key":"Weak Potion"},{"floor":4,"key":"ElixirPotion"},{"floor":25,"key":"BloodPotion"},{"floor":35,"key":"Dexterity Potion"}],"is_trial":true,"path_per_floor":["M","M","M","M","$","R","E","R","T","E","R","E","M","E","R","B",null,"M","M","M","$","?","E","E","E","T","E","$","$","?","E","R","B",null,"M","?","$","$","M","E","R","E","T","E","E","M","$","E","R","B","B",null,"R","$","E","B",null],"character_chosen":"IRONCLAD","items_purchased":["Fire Breathing","Medical Kit","Evolve","Bag of Preparation","Feel No Pain","CultistPotion"],"campfire_rested":0,"item_purchase_floors":[5,21,29,29,54,54],"current_hp_per_floor":[82,82,82,82,82,82,82,82,88,88,88,80,68,68,68,68,93,87,84,80,80,80,70,58,41,47,62,62,62,62,23,23,17,97,91,81,81,81,68,59,59,45,51,43,36,27,27,12,30,23,18,111,132,132,124,37],"gold":49,"neow_bonus":"","is_daily":false,"chose_seed":false,"campfire_upgraded":7,"win_rate":0.0,"timestamp":1613574352,"path_taken":["M","M","M","M","$","R","E","R","T","E","R","E","M","E","R","BOSS","M","M","M","$","?","E","E","E","T","E","$","$","?","E","R","BOSS","M","?","$","$","?","E","R","E","T","?","E","?","$","E","R","BOSS","BOSS","R","$","E","BOSS"],"items_purchased_type":["Card","Relic","Card","Relic","Card","Potion"],"build_version":"2020-12-22","purchased_purges":5,"victory":true,"max_hp_per_floor":[89,89,89,89,89,89,89,89,95,95,95,95,95,95,95,101,101,101,101,101,101,101,101,101,101,107,117,117,117,117,117,117,123,123,123,123,123,120,120,120,120,120,126,126,126,130,130,130,130,136,142,142,142,142,142,148],"card_choices":[{"not_picked":["Spot Weakness","Clash","Havoc"],"picked":"SKIP","floor":1},{"not_picked":["Twin Strike","Limit Break","Clash"],"picked":"SKIP","floor":2},{"not_picked":["Rampage","Twin Strike"],"picked":"Second Wind","floor":3},{"not_picked":["True Grit","Shrug It Off"],"picked":"Flame Barrier","floor":4},{"not_picked":["Bludgeon","Double Tap","Exhume"],"picked":"SKIP","floor":7},{"not_picked":["Bludgeon","Double Tap","Exhume"],"picked":"SKIP","floor":7},{"not_picked":["Corruption","Reaper","Juggernaut"],"picked":"SKIP","floor":10},{"not_picked":["Double Tap","Fiend Fire","Limit Break"],"picked":"SKIP","floor":12},{"not_picked":["Whirlwind","Wild Strike","Sword Boomerang"],"picked":"SKIP","floor":13},{"not_picked":["Iron Wave","Perfected Strike","Twin Strike"],"picked":"SKIP","floor":13},{"not_picked":["Berserk","Juggernaut"],"picked":"Offering","floor":14},{"not_picked":["Brutality","Double Tap"],"picked":"Impervious","floor":16},{"not_picked":["Armaments","Havoc"],"picked":"Wild Strike+1","floor":18},{"not_picked":["Warcry","Seeing Red","Armaments"],"picked":"SKIP","floor":18},{"not_picked":["Heavy Blade+1","Bloodletting+1"],"picked":"Battle Trance+1","floor":19},{"not_picked":["Thunderclap+1","Sword Boomerang+1"],"picked":"Power Through","floor":19},{"not_picked":["Infernal Blade","True Grit","Intimidate"],"picked":"SKIP","floor":20},{"not_picked":["Juggernaut","Headbutt+1","Dropkick+1"],"picked":"SKIP","floor":20},{"not_picked":["Juggernaut","Corruption"],"picked":"Offering","floor":23},{"not_picked":["Exhume","Corruption","Feed+1"],"picked":"SKIP","floor":24},{"not_picked":["Limit Break","Impervious"],"picked":"Barricade","floor":25},{"not_picked":["Limit Break","Juggernaut"],"picked":"Fiend Fire+1","floor":27},{"not_picked":["Corruption","Exhume","Fiend Fire+1"],"picked":"SKIP","floor":31},{"not_picked":["Berserk","Reaper+1"],"picked":"Brutality","floor":33},{"not_picked":["Shockwave+1","Flame Barrier"],"picked":"Body Slam+1","floor":35},{"not_picked":["Feel No Pain","Twin Strike+1","Dual Wield"],"picked":"SKIP","floor":35},{"not_picked":["Finesse","Deep Breath"],"picked":"Master of Strategy","floor":36},{"not_picked":["Panache","Discovery"],"picked":"Flash of Steel+1","floor":36},{"not_picked":["HandOfGreed+1","Chrysalis"],"picked":"Flash of Steel+1","floor":36},{"not_picked":["Heavy Blade+1","Iron Wave+1"],"picked":"Ghostly Armor+1","floor":39},{"not_picked":["Spot Weakness+1","Whirlwind+1","Warcry+1"],"picked":"SKIP","floor":39},{"not_picked":["Fiend Fire+1","Corruption","Barricade"],"picked":"SKIP","floor":40},{"not_picked":["Bludgeon+1","Corruption"],"picked":"Offering","floor":42},{"not_picked":["Bludgeon+1","Barricade","Berserk"],"picked":"SKIP","floor":44},{"not_picked":["Juggernaut","Offering"],"picked":"Impervious","floor":45},{"not_picked":["Rupture","Clash+1","Warcry"],"picked":"Singing Bowl","floor":46},{"not_picked":["Ghostly Armor","Clothesline+1","Twin Strike+1"],"picked":"Singing Bowl","floor":46},{"not_picked":["Feed+1","Immolate+1"],"picked":"Corruption","floor":48},{"not_picked":["Barricade","Double Tap"],"picked":"Corruption","floor":55}],"player_experience":315750,"relics_obtained":[{"floor":7,"key":"Prayer Wheel"},{"floor":9,"key":"Sundial"},{"floor":10,"key":"Smiling Mask"},{"floor":12,"key":"Vajra"},{"floor":14,"key":"Molten Egg 2"},{"floor":23,"key":"Self Forming Clay"},{"floor":24,"key":"Peace Pipe"},{"floor":25,"key":"PreservedInsect"},{"floor":27,"key":"Pear"},{"floor":31,"key":"Anchor"},{"floor":40,"key":"Blue Candle"},{"floor":42,"key":"Eternal Feather"},{"floor":43,"key":"Red Skull"},{"floor":44,"key":"Dead Branch"},{"floor":45,"key":"Singing Bowl"},{"floor":48,"key":"Ornamental Fan"},{"floor":55,"key":"Thread and Needle"}],"event_choices":[{"damage_healed":0,"gold_gain":0,"player_choice":"Read","damage_taken":0,"max_hp_gain":0,"max_hp_loss":0,"event_name":"The Library","floor":22,"gold_loss":0,"cards_obtained":["Rampage"]},{"damage_healed":0,"gold_gain":0,"player_choice":"Ignored","damage_taken":0,"max_hp_gain":0,"max_hp_loss":0,"event_name":"Vampires","floor":30,"gold_loss":0},{"damage_healed":0,"gold_gain":0,"player_choice":"Memory 3","damage_taken":10,"max_hp_gain":0,"max_hp_loss":0,"event_name":"SensoryStone","floor":36,"gold_loss":0}],"is_beta":false,"boss_relics":[{"not_picked":["Black Star","Runic Pyramid"],"picked":"Mark of Pain"},{"not_picked":["Fusion Hammer","Coffee Dripper"],"picked":"Runic Dome"}],"items_purged_floors":[21,28,37,38,54],"is_endless":false,"potions_floor_spawned":[3,4,7,12,13,20,23,24,25,35,44,45,46,55],"ascension_level":20}}