{"host":"vhifjdba66khcqwn","time":1613588595,"event":{"mods":["AchievementEnabler","BaseMod","Bestiary","Energized Spire","Minty Spire (QoL Compilation)","Practice Mode","Relic Stats","Spicy Shops","StSLib","slay the spire mod where everything is the same but ironclad has a cowboy hat"],"gold_per_floor":[119,119,134,134,209,209,247,272,286,286,332,356,397,420,433,471,484,484,484,484],"floor_reached":19,"language":"ENG","playtime":1219,"items_purged":[],"score":303,"play_id":"4634d358-ed8f-4337-9439-c65c422c8771","local_time":"20210217110315","is_ascension_mode":true,"campfire_choices":[{"floor":6.0,"key":"REST"},{"data":"Armaments","floor":10.0,"key":"SMITH"},{"floor":18,"key":"REST"}],"circlet_count":0,"master_deck":["AscendersBane","Strike_R","Strike_R","Strike_R","Strike_R","Strike_R","Defend_R","Defend_R","Defend_R","Defend_R","Bash","Reckless Charge","Cleave","Corruption","Armaments+1","Sword Boomerang","Reaper","Shrug It Off","Shockwave","Reaper"],"relics":["Burning Blood","NeowsBlessing","Golden Idol","Pear","Bag of Preparation","Centennial Puzzle","Bag of Marbles","Dream Catcher","Juzu Bracelet"],"acts_visited":["Exordium"],"potions_floor_usage":[17],"damage_taken":[{"damage":0.0,"enemies":"2 Louse","floor":1.0,"turns":1.0},{"damage":0.0,"enemies":"Small Slimes","floor":3.0,"turns":1.0},{"damage":0.0,"enemies":"Gremlin Nob","floor":7.0,"turns":1.0},{"damage":7.0,"enemies":"Jaw Worm","floor":8.0,"turns":5.0},{"damage":12.0,"enemies":"Looter","floor":9.0,"turns":3.0},{"damage":45.0,"enemies":"3 Sentries","floor":13.0,"turns":7.0},{"damage":11.0,"enemies":"Blue Slaver","floor":14.0,"turns":4.0},{"damage":0.0,"enemies":"2 Fungi Beasts","floor":15.0,"turns":2.0},{"damage":45.0,"enemies":"Lagavulin","floor":16.0,"turns":7.0},{"damage":0,"enemies":"Lots of Slimes","floor":17,"turns":1},{"damage":100,"enemies":"Slime Boss","floor":19,"turns":14}],"seed_played":"-667626672625131371","potions_obtained":[{"floor":3.0,"key":"Weak Potion"},{"floor":7.0,"key":"Ancient Potion"},{"floor":8.0,"key":"BloodPotion"},{"floor":16,"key":"Fruit Juice"}],"is_trial":false,"path_per_floor":["M","?","M","?","?","R","E","M","M","R","T","T","E","M","M","E","M","R","B"],"character_chosen":"IRONCLAD","items_purchased":[],"campfire_rested":2,"item_purchase_floors":[],"current_hp_per_floor":[74,68,68,52,41,64,70,69,63,63,63,63,24,23,33,15,56,80,0,0],"gold":484,"neow_bonus":"THREE_ENEMY_KILL","is_daily":false,"chose_seed":false,"campfire_upgraded":1,"win_rate":0.0,"timestamp":1613588595,"path_taken":["M","?","M","?","?","R","E","M","?","R","T","T","E","M","M","E","M","R","BOSS"],"items_purchased_type":[],"build_version":"2020-12-22","purchased_purges":0,"victory":false,"max_hp_per_floor":[75,68,68,78,78,78,78,78,78,78,78,78,78,78,78,78,83,83,83,83],"relic_stats":{"Centennial Puzzle":[12],"Dream Catcher":1,"counters":[11,46],"Golden Idol":54,"Bag of Preparation":[16],"Juzu Bracelet":0,"obtain_stats":[{"Centennial Puzzle":11,"Dream Catcher":13,"Pear":4,"NeowsBlessing":0,"Golden Idol":2,"Bag of Preparation":7,"Bag of Marbles":12,"Juzu Bracelet":16,"Burning Blood":0},{"Centennial Puzzle":5,"Dream Catcher":6,"Pear":2,"NeowsBlessing":0,"Golden Idol":1,"Bag of Preparation":3,"Bag of Marbles":5,"Juzu Bracelet":9,"Burning Blood":0},{"Centennial Puzzle":11,"Dream Catcher":18,"Pear":2,"NeowsBlessing":0,"Golden Idol":1,"Bag of Preparation":3,"Bag of Marbles":11,"Juzu Bracelet":31,"Burning Blood":0}],"Burning Blood":54},"card_choices":[{"not_picked":["Iron Wave","Pommel Strike"],"picked":"Reckless Charge","floor":1.0},{"not_picked":["Disarm","Second Wind"],"picked":"Cleave","floor":3.0},{"not_picked":["Heavy Blade","Anger"],"picked":"Corruption","floor":7.0},{"not_picked":["Heavy Blade","Hemokinesis"],"picked":"Armaments","floor":8.0},{"not_picked":["Second Wind","Headbutt"],"picked":"Sword Boomerang","floor":9.0},{"not_picked":["Pommel Strike","Seeing Red"],"picked":"Reaper","floor":13.0},{"not_picked":["Hemokinesis","Clash","Sword Boomerang"],"picked":"SKIP","floor":14.0},{"not_picked":["Wild Strike","Cleave"],"picked":"Shrug It Off","floor":15.0},{"not_picked":["Brutality","Flex","Clash"],"picked":"SKIP","floor":16},{"not_picked":["Twin Strike","Thunderclap"],"picked":"Shockwave","floor":17},{"not_picked":["Shrug It Off","True Grit"],"picked":"Reaper","floor":18}],"player_experience":1192403,"relics_obtained":[{"floor":7.0,"key":"Bag of Preparation"},{"floor":11.0,"key":"Centennial Puzzle"},{"floor":12.0,"key":"Bag of Marbles"},{"floor":13.0,"key":"Dream Catcher"},{"floor":16,"key":"Juzu Bracelet"}],"event_choices":[{"damage_healed":0.0,"max_hp_gain":0.0,"max_hp_loss":7.0,"gold_gain":0.0,"event_name":"Golden Idol","player_choice":"Lose Max HP","floor":2.0,"gold_loss":0.0,"damage_taken":0.0,"relics_obtained":["Golden Idol"]},{"damage_healed":0.0,"max_hp_gain":0.0,"max_hp_loss":0.0,"gold_gain":0.0,"event_name":"Scrap Ooze","player_choice":"Success","floor":4.0,"gold_loss":0.0,"damage_taken":26.0,"relics_obtained":["Pear"]},{"damage_healed":0.0,"max_hp_gain":0.0,"max_hp_loss":0.0,"gold_gain":75.0,"event_name":"World of Goop","player_choice":"Gather Gold","floor":5.0,"gold_loss":0.0,"damage_taken":11.0}],"is_beta":false,"boss_relics":[],"items_purged_floors":[],"is_endless":false,"potions_floor_spawned":[3,7,8,15,16],"killed_by":"Slime Boss","ascension_level":17}}