{"host":"aaist0epu260r53e","time":1613563531,"event":{"mods":["BaseMod","Colored Map","Colored Powertips","Minty Spire (QoL Compilation)","Quick Restart"],"gold_per_floor":[116,116,191,191,210,210,244,244,244,244,254,281,297,321,321,425,425,435,435,448,473,485,485,504,531,531,446,446,446],"floor_reached":28,"language":"ZHS","playtime":1655,"items_purged":[],"score":271,"play_id":"7a7110b8-a235-4352-a444-f3f7bf2d4219","local_time":"20210217200531","is_ascension_mode":false,"campfire_choices":[{"data":"Bash","floor":6,"key":"SMITH"},{"floor":8,"key":"REST"},{"floor":10,"key":"REST"},{"data":"Double Tap","floor":15,"key":"SMITH"},{"data":"Metallicize","floor":23,"key":"SMITH"}],"circlet_count":0,"master_deck":["Strike_R","Strike_R","Defend_R","Defend_R","Defend_R","Bash+1","Shrug It Off","Sword Boomerang","Metallicize+1","Double Tap+1","Limit Break","Entrench+1","Bloodletting+1","Pommel Strike+1","Spot Weakness+1","Barricade"],"relics":["Burning Blood","Bronze Scales","Ancient Tea Set","Boot","Odd Mushroom","Astrolabe","Red Mask","Darkstone Periapt","Mercury Hourglass","InkBottle"],"acts_visited":["Exordium","TheCity"],"potions_floor_usage":[12,16,22,25],"damage_taken":[{"damage":5,"enemies":"Small Slimes","floor":1,"turns":5},{"damage":1,"enemies":"2 Louse","floor":5,"turns":4},{"damage":78,"enemies":"Lagavulin","floor":7,"turns":13},{"damage":1,"enemies":"Jaw Worm","floor":11,"turns":2},{"damage":38,"enemies":"Gremlin Nob","floor":12,"turns":5},{"damage":13,"enemies":"Gremlin Gang","floor":13,"turns":4},{"damage":8,"enemies":"The Mushroom Lair","floor":14,"turns":6},{"damage":24,"enemies":"The Guardian","floor":16,"turns":10},{"damage":12,"enemies":"Shell Parasite","floor":18,"turns":5},{"damage":7,"enemies":"Chosen","floor":20,"turns":5},{"damage":33,"enemies":"Masked Bandits","floor":21,"turns":4},{"damage":16,"enemies":"3 Cultists","floor":22,"turns":5},{"damage":11,"enemies":"Snake Plant","floor":24,"turns":4},{"damage":38,"enemies":"Book of Stabbing","floor":25,"turns":5}],"seed_played":"7070392407519136182","potions_obtained":[{"floor":7,"key":"BlessingOfTheForge"},{"floor":11,"key":"Block Potion"},{"floor":12,"key":"SteroidPotion"},{"floor":16,"key":"Block Potion"},{"floor":22,"key":"SkillPotion"},{"floor":24,"key":"HeartOfIron"},{"floor":25,"key":"SkillPotion"}],"is_trial":false,"path_per_floor":["M","?","?","?","M","R","E","R","T","R","M","E","M","?","R","B",null,"M","?","M","?","M","R","M","E","T","?","?"],"character_chosen":"IRONCLAD","items_purchased":[],"campfire_rested":2,"item_purchase_floors":[],"current_hp_per_floor":[88,93,82,82,87,87,15,42,42,69,74,42,35,33,33,15,93,87,87,86,59,49,49,44,12,12,12,0,0],"gold":446,"neow_bonus":"TEN_PERCENT_HP_BONUS","is_daily":false,"chose_seed":false,"campfire_upgraded":3,"win_rate":0.0,"timestamp":1613563531,"path_taken":["M","?","?","?","M","R","E","R","T","R","M","E","M","?","R","BOSS","M","?","M","?","M","R","M","E","T","?","?"],"items_purchased_type":[],"build_version":"2020-12-22","purchased_purges":0,"victory":false,"max_hp_per_floor":[88,93,93,93,93,93,93,93,93,93,93,93,93,93,93,93,93,93,93,93,93,93,93,93,93,93,93,98,98],"card_choices":[{"not_picked":["Evolve","Cleave"],"picked":"Shrug It Off","floor":1},{"not_picked":["Heavy Blade","Headbutt","Body Slam"],"picked":"SKIP","floor":5},{"not_picked":["Perfected Strike","Inflame","Twin Strike"],"picked":"SKIP","floor":7},{"not_picked":["Pummel","Burning Pact"],"picked":"Sword Boomerang","floor":11},{"not_picked":["Body Slam","Searing Blow"],"picked":"Metallicize","floor":12},{"not_picked":["Fire Breathing","Inflame","Power Through"],"picked":"SKIP","floor":13},{"not_picked":["True Grit","Rupture"],"picked":"Double Tap","floor":14},{"not_picked":["Brutality","Reaper"],"picked":"Limit Break","floor":16},{"not_picked":["Headbutt","Reckless Charge","Anger"],"picked":"SKIP","floor":18},{"not_picked":["Blood for Blood","Evolve"],"picked":"Spot Weakness+1","floor":20},{"not_picked":["Rupture+1","Heavy Blade","True Grit"],"picked":"SKIP","floor":22},{"not_picked":["Intimidate","Sentinel"],"picked":"Barricade","floor":24},{"not_picked":["Flex","Wild Strike+1","Clash"],"picked":"SKIP","floor":25}],"player_experience":62694,"relics_obtained":[{"floor":7,"key":"Bronze Scales"},{"floor":9,"key":"Ancient Tea Set"},{"floor":12,"key":"Boot"},{"floor":14,"key":"Odd Mushroom"},{"floor":21,"key":"Red Mask"},{"floor":25,"key":"Darkstone Periapt"},{"floor":26,"key":"Mercury Hourglass"}],"event_choices":[{"damage_healed":0,"gold_gain":0,"player_choice":"Donut","damage_taken":0,"max_hp_gain":5,"max_hp_loss":0,"event_name":"Big Fish","floor":2,"gold_loss":0},{"damage_healed":0,"gold_gain":75,"player_choice":"Gather Gold","damage_taken":11,"max_hp_gain":0,"max_hp_loss":0,"event_name":"World of Goop","floor":3,"gold_loss":0},{"damage_healed":0,"gold_gain":0,"player_choice":"Ignored","damage_taken":0,"max_hp_gain":0,"max_hp_loss":0,"event_name":"Liars Game","floor":4,"gold_loss":0},{"damage_healed":0,"gold_gain":0,"player_choice":"Fought Mushrooms","damage_taken":0,"max_hp_gain":0,"max_hp_loss":0,"event_name":"Mushrooms","floor":14,"gold_loss":0},{"cards_removed":["Strike_R"],"damage_healed":0,"gold_gain":0,"player_choice":"Elegance","damage_taken":0,"max_hp_gain":0,"max_hp_loss":0,"event_name":"Back to Basics","floor":19,"gold_loss":0},{"damage_healed":0,"gold_gain":0,"player_choice":"Fought Bandits","damage_taken":0,"max_hp_gain":0,"max_hp_loss":0,"event_name":"Masked Bandits","floor":21,"gold_loss":0},{"damage_healed":0,"gold_gain":0,"player_choice":"Obtained Relic","damage_taken":0,"relics_obtained":["InkBottle"],"max_hp_gain":0,"max_hp_loss":0,"event_name":"Addict","floor":27,"gold_loss":85},{"damage_healed":0,"gold_gain":0,"player_choice":"Shed Blood","damage_taken":23,"max_hp_gain":5,"max_hp_loss":0,"event_name":"Forgotten Altar","floor":28,"gold_loss":0}],"is_beta":false,"boss_relics":[{"not_picked":["Fusion Hammer","Busted Crown"],"picked":"Astrolabe"}],"items_purged_floors":[],"is_endless":false,"potions_floor_spawned":[7,11,12,16,22,24,25],"ascension_level":0}}