{"host":"CottonTail234","time":1613527279,"event":{"mods":["BaseMod","Colored Map","Minty Spire (QoL Compilation)","StSLib"],"gold_per_floor":[109,122,397,45,62,62,93,105,153,186,199,212,231,245,245,245,245],"floor_reached":16,"language":"ENG","playtime":667,"items_purged":["Regret"],"score":197,"play_id":"5d268779-2ad9-4e0c-b9f0-87f0979a17aa","local_time":"20210216190119","is_ascension_mode":true,"campfire_choices":[{"data":"ForeignInfluence","floor":6,"key":"SMITH"},{"data":"Fasting2","floor":15,"key":"SMITH"}],"circlet_count":0,"master_deck":["AscendersBane","Strike_P+1","Strike_P+1","Strike_P+1","Strike_P","Defend_P+1","Defend_P","Defend_P","Defend_P+1","Eruption","Vigilance+1","SashWhip","LessonLearned","Fasting2+1","ForeignInfluence+1","BowlingBash","CrushJoints+1","CarveReality+1","Wallop+1","Crescendo"],"relics":["PureWater","NeowsBlessing","Molten Egg 2","Centennial Puzzle","Omamori"],"acts_visited":[],"potions_floor_usage":[12,13,16],"damage_taken":[{"damage":0.0,"enemies":"Small Slimes","floor":1.0,"turns":1.0},{"damage":0.0,"enemies":"Cultist","floor":2.0,"turns":1.0},{"damage":0,"enemies":"2 Louse","floor":5,"turns":1},{"damage":34,"enemies":"3 Sentries","floor":7,"turns":12},{"damage":0,"enemies":"Exordium Wildlife","floor":8,"turns":4},{"damage":5,"enemies":"Gremlin Nob","floor":10,"turns":3},{"damage":12,"enemies":"Lots of Slimes","floor":11,"turns":4},{"damage":0,"enemies":"Exordium Thugs","floor":12,"turns":4},{"damage":3,"enemies":"Exordium Wildlife","floor":13,"turns":3},{"damage":0,"enemies":"Large Slime","floor":14,"turns":4},{"damage":11,"enemies":"Hexaghost","floor":16,"turns":7}],"seed_played":"-4418681500908990523","potions_obtained":[{"floor":2.0,"key":"Explosive Potion"},{"floor":5,"key":"Strength Potion"},{"floor":13,"key":"Regen Potion"}],"is_trial":false,"path_per_floor":["M","M","?","$","M","R","E","M","T","E","M","M","M","M","R","B"],"character_chosen":"WATCHER","items_purchased":["LessonLearned","Fasting2","ForeignInfluence"],"campfire_rested":0,"item_purchase_floors":[4,4,4],"current_hp_per_floor":[61,61,61,61,61,61,27,27,27,22,10,10,7,7,7,11,11],"gold":245,"neow_bonus":"THREE_ENEMY_KILL","is_daily":false,"chose_seed":false,"campfire_upgraded":2,"win_rate":0.0,"timestamp":1613527279,"path_taken":["M","M","?","$","?","R","E","M","T","E","M","M","?","M","R","BOSS"],"items_purchased_type":["Card","Card","Card"],"build_version":"2020-12-18","purchased_purges":1,"victory":false,"max_hp_per_floor":[68,68,68,68,68,68,68,68,68,68,68,68,68,68,68,68,68],"card_choices":[{"not_picked":["WreathOfFlame","ThirdEye"],"picked":"SashWhip","floor":1.0},{"not_picked":["Weave","Indignation","Perseverance"],"picked":"SKIP","floor":2.0},{"not_picked":["CrushJoints","ReachHeaven"],"picked":"BowlingBash","floor":5},{"not_picked":["Evaluate","InnerPeace","Crescendo"],"picked":"SKIP","floor":7},{"not_picked":["ForeignInfluence","Crescendo"],"picked":"CrushJoints+1","floor":8},{"not_picked":["FollowUp+1","Wireheading","ThirdEye"],"picked":"SKIP","floor":10},{"not_picked":["EmptyFist+1","Protect"],"picked":"CarveReality+1","floor":11},{"not_picked":["Scrawl","CarveReality+1","CrushJoints+1"],"picked":"SKIP","floor":12},{"not_picked":["InnerPeace","EmptyFist+1"],"picked":"Wallop+1","floor":13},{"not_picked":["Evaluate","CutThroughFate+1"],"picked":"Crescendo","floor":14}],"player_experience":2195205,"relics_obtained":[{"floor":7,"key":"Molten Egg 2"},{"floor":9,"key":"Centennial Puzzle"},{"floor":10,"key":"Omamori"}],"event_choices":[{"damage_healed":0.0,"max_hp_gain":0.0,"max_hp_loss":0.0,"gold_gain":275.0,"event_name":"Golden Shrine","player_choice":"Desecrate","floor":3.0,"gold_loss":0.0,"damage_taken":0.0,"cards_obtained":["Regret"]}],"is_beta":true,"boss_relics":[],"items_purged_floors":[4],"is_endless":false,"potions_floor_spawned":[2,5,7,10,13],"killed_by":"Hexaghost","ascension_level":14}}