{"host":"prxrhpgaxnj4om9r","time":1613574606,"event":{"mods":["AchievementEnabler","BaseMod","Colored Map","DeckTracker","Minty Spire (QoL Compilation)"],"gold_per_floor":[118,129,304,254,267,267,285,285,309,342,388,418,430,461,473,609,621,651,696,733,758,770,807,859,871,883,176,176,199,234,257,257,387,387,406,426,445,147,147,147,147,147,147,3,27,396,416,451,451,451,451,451,2,45,45,45],"floor_reached":55,"language":"KOR","playtime":3126,"items_purged":["Strike_B","Defend_B"],"score":764,"play_id":"77d19758-2ee7-4688-8d5b-451d315e55d5","local_time":"20210218001006","is_ascension_mode":false,"campfire_choices":[{"data":"Zap","floor":6,"key":"SMITH"},{"floor":13,"key":"REST"},{"data":"Streamline","floor":15,"key":"SMITH"},{"data":"Defragment","floor":25,"key":"SMITH"},{"floor":32,"key":"REST"},{"floor":40,"key":"RECALL"},{"data":"Discovery","floor":42,"key":"SMITH"},{"floor":49,"key":"REST"},{"data":"1","floor":52,"key":"LIFT"}],"circlet_count":0,"master_deck":["Strike_B","Strike_B","Defend_B","Zap+1","Dualcast","Rebound","Beam Cell","Hologram","Chill","Defragment+1","Streamline+1","Gash","Core Surge","Rainbow+1","Gash+1","Steam Power+1","White Noise+1","Sunder","Conserve Battery","Scrape","Skim+1","Electrodynamics","Go for the Eyes","Turbo","Machine Learning","Go for the Eyes+1","Self Repair","Buffer","Stack","Go for the Eyes+1","Lockon","Discovery+1","Master of Strategy","Madness","Madness","Ball Lightning+1","Loop+1","Sweeping Beam","Streamline+1","Compile Driver+1","Genetic Algorithm+1","Static Discharge+1","Storm+1","Melter"],"relics":["Cracked Core","Smiling Mask","Golden Idol","MawBank","Orichalcum","Astrolabe","Red Mask","DataDisk","Pocketwatch","HornCleat","Pen Nib","Mercury Hourglass","Oddly Smooth Stone","SlaversCollar","Strawberry","Girya","Orrery","Old Coin","Blood Vial","Runic Capacitor","Happy Flower","Cables"],"acts_visited":["Exordium","TheCity","TheBeyond","TheEnding"],"potions_floor_usage":[5,7,11,16,24,27,37,45,46,46,46,50,54,55],"damage_taken":[{"damage":0,"enemies":"Small Slimes","floor":1,"turns":3},{"damage":0,"enemies":"2 Louse","floor":2,"turns":2},{"damage":6,"enemies":"Jaw Worm","floor":5,"turns":3},{"damage":12,"enemies":"Gremlin Gang","floor":7,"turns":4},{"damage":0,"enemies":"Exordium Wildlife","floor":10,"turns":2},{"damage":25,"enemies":"3 Sentries","floor":11,"turns":9},{"damage":1,"enemies":"Red Slaver","floor":12,"turns":3},{"damage":0,"enemies":"Lots of Slimes","floor":14,"turns":4},{"damage":18,"enemies":"Hexaghost","floor":16,"turns":9},{"damage":17,"enemies":"Shell Parasite","floor":18,"turns":4},{"damage":34,"enemies":"Masked Bandits","floor":19,"turns":5},{"damage":7,"enemies":"2 Thieves","floor":21,"turns":2},{"damage":9,"enemies":"Shelled Parasite and Fungi","floor":23,"turns":5},{"damage":20,"enemies":"Book of Stabbing","floor":24,"turns":4},{"damage":11,"enemies":"Snecko","floor":29,"turns":4},{"damage":0,"enemies":"Gremlin Leader","floor":30,"turns":4},{"damage":0,"enemies":"Cultist and Chosen","floor":31,"turns":4},{"damage":5,"enemies":"Automaton","floor":33,"turns":8},{"damage":0,"enemies":"3 Shapes","floor":35,"turns":3},{"damage":0,"enemies":"Orb Walker","floor":36,"turns":3},{"damage":0,"enemies":"4 Shapes","floor":37,"turns":3},{"damage":14,"enemies":"Jaw Worm Horde","floor":45,"turns":3},{"damage":15,"enemies":"2 Orb Walkers","floor":46,"turns":5},{"damage":14,"enemies":"3 Darklings","floor":47,"turns":4},{"damage":9,"enemies":"Reptomancer","floor":48,"turns":5},{"damage":72,"enemies":"Time Eater","floor":50,"turns":8},{"damage":7,"enemies":"Shield and Spear","floor":54,"turns":4},{"damage":87,"enemies":"The Heart","floor":55,"turns":6}],"seed_played":"1468581674613346248","potions_obtained":[{"floor":1,"key":"PowerPotion"},{"floor":2,"key":"SkillPotion"},{"floor":7,"key":"LiquidMemories"},{"floor":10,"key":"FearPotion"},{"floor":21,"key":"Regen Potion"},{"floor":23,"key":"FocusPotion"},{"floor":33,"key":"FearPotion"},{"floor":36,"key":"PowerPotion"},{"floor":45,"key":"Dexterity Potion"},{"floor":46,"key":"GamblersBrew"}],"is_trial":false,"path_per_floor":["M","M","?","?","M","R","M","?","T","M","E","M","R","M","R","B",null,"M","?","T","M","?","M","E","R","T","$","T","M","E","M","R","B",null,"M","M","M","$","?","R","?","R","T","$","M","?","M","E","R","B",null,"R","$","E","B"],"character_chosen":"DEFECT","items_purchased":["Fruit Juice","HornCleat","Electrodynamics","Go for the Eyes","Pen Nib","Turbo","Strawberry","Lockon","AttackPotion","Orrery","Runic Capacitor","Happy Flower","SkillPotion","SkillPotion"],"campfire_rested":3,"item_purchase_floors":[27,27,27,27,27,27,38,38,38,44,53,53,53,53],"current_hp_per_floor":[75,75,75,75,69,69,57,39,39,39,14,13,35,35,35,17,75,58,24,24,17,75,66,46,46,46,51,51,40,40,40,64,59,80,80,80,80,87,82,82,71,71,71,71,64,70,56,54,80,10,87,87,87,87,0,0],"gold":45,"neow_bonus":"RANDOM_COMMON_RELIC","is_daily":false,"chose_seed":false,"campfire_upgraded":4,"win_rate":0.0,"timestamp":1613574606,"path_taken":["M","M","?","?","M","R","M","?","T","M","E","M","R","M","R","BOSS","M","?","?","?","?","?","E","R","T","$","?","M","E","M","R","BOSS","M","?","M","$","?","R","?","R","T","$","M","?","M","E","R","BOSS","R","$","E","BOSS"],"items_purchased_type":["Potion","Relic","Card","Card","Relic","Card","Relic","Card","Potion","Relic","Relic","Relic","Potion","Potion"],"build_version":"2020-12-22","purchased_purges":2,"victory":false,"max_hp_per_floor":[75,75,75,75,75,75,75,75,75,75,75,75,75,75,75,75,75,75,75,75,75,75,75,75,75,75,80,80,80,80,80,80,80,80,80,80,80,87,87,87,87,87,87,87,87,87,87,87,87,87,87,87,87,87,87,87],"card_choices":[{"not_picked":["Steam Power","Undo"],"picked":"Rebound","floor":1},{"not_picked":["Steam","Hello World"],"picked":"Beam Cell","floor":2},{"not_picked":["Beam Cell","Blizzard"],"picked":"Hologram","floor":5},{"not_picked":["Steam","Beam Cell"],"picked":"Chill","floor":7},{"not_picked":["Scrape","Stack"],"picked":"Defragment","floor":10},{"not_picked":["Turbo","Beam Cell"],"picked":"Defragment","floor":11},{"not_picked":["Undo","Cold Snap"],"picked":"Streamline","floor":12},{"not_picked":["Leap","Barrage"],"picked":"Gash","floor":14},{"not_picked":["Machine Learning","Fission"],"picked":"Core Surge","floor":16},{"not_picked":["Steam","Ball Lightning"],"picked":"White Noise+1","floor":18},{"not_picked":["Redo","Turbo"],"picked":"Sunder","floor":19},{"not_picked":["Gash","Turbo"],"picked":"Conserve Battery","floor":21},{"not_picked":["Conserve Battery","Gash"],"picked":"Scrape","floor":23},{"not_picked":["Steam","Conserve Battery"],"picked":"Skim+1","floor":24},{"not_picked":["Ball Lightning","Blizzard"],"picked":"Machine Learning","floor":29},{"not_picked":["Rebound","Tempest"],"picked":"Go for the Eyes+1","floor":30},{"not_picked":["Coolheaded+1","Sweeping Beam"],"picked":"Self Repair","floor":31},{"not_picked":["Amplify","Multi-Cast"],"picked":"Buffer","floor":33},{"not_picked":["Barrage","Undo","Compile Driver"],"picked":"SKIP","floor":35},{"not_picked":["Barrage","Gash"],"picked":"Stack","floor":36},{"not_picked":["Coolheaded+1","Compile Driver"],"picked":"Go for the Eyes+1","floor":37},{"not_picked":["Mind Blast","Flash of Steel"],"picked":"Discovery","floor":39},{"not_picked":["Madness","Deep Breath"],"picked":"Master of Strategy","floor":39},{"not_picked":["Reprogram","Reinforced Body"],"picked":"Ball Lightning+1","floor":44},{"not_picked":["Doom and Gloom","Auto Shields"],"picked":"Loop+1","floor":44},{"not_picked":["Coolheaded","Barrage+1"],"picked":"Sweeping Beam","floor":44},{"not_picked":["Coolheaded+1","Beam Cell"],"picked":"Streamline+1","floor":44},{"not_picked":["Ball Lightning","Beam Cell"],"picked":"Compile Driver+1","floor":45},{"not_picked":["Compile Driver","Hologram"],"picked":"Genetic Algorithm+1","floor":46},{"not_picked":["Hologram","Blizzard"],"picked":"Static Discharge+1","floor":47},{"not_picked":["Barrage","Go for the Eyes+1"],"picked":"Storm+1","floor":48},{"not_picked":["Hello World+1","Undo"],"picked":"Melter","floor":54}],"player_experience":503300,"relics_obtained":[{"floor":9,"key":"MawBank"},{"floor":11,"key":"Orichalcum"},{"floor":19,"key":"Red Mask"},{"floor":24,"key":"DataDisk"},{"floor":26,"key":"Pocketwatch"},{"floor":28,"key":"Mercury Hourglass"},{"floor":30,"key":"Oddly Smooth Stone"},{"floor":43,"key":"Girya"},{"floor":46,"key":"Old Coin"},{"floor":48,"key":"Blood Vial"},{"floor":54,"key":"Cables"}],"event_choices":[{"damage_healed":0,"gold_gain":175,"player_choice":"AGREE","damage_taken":0,"max_hp_gain":0,"max_hp_loss":0,"event_name":"Liars Game","floor":3,"gold_loss":0,"cards_obtained":["Doubt"]},{"cards_removed":["Doubt"],"damage_healed":0,"gold_gain":0,"player_choice":"Card Removal","damage_taken":0,"max_hp_gain":0,"max_hp_loss":0,"event_name":"The Cleric","floor":4,"gold_loss":50},{"damage_healed":0,"gold_gain":0,"player_choice":"Take Damage","damage_taken":18,"relics_obtained":["Golden Idol"],"max_hp_gain":0,"max_hp_loss":0,"event_name":"Golden Idol","floor":8,"gold_loss":0},{"damage_healed":0,"gold_gain":0,"player_choice":"Fought Bandits","damage_taken":0,"max_hp_gain":0,"max_hp_loss":0,"event_name":"Masked Bandits","floor":19,"gold_loss":0},{"cards_removed":["Defragment"],"damage_healed":58,"gold_gain":0,"player_choice":"Offered Uncommon","damage_taken":0,"max_hp_gain":0,"max_hp_loss":0,"event_name":"Bonfire Elementals","floor":22,"gold_loss":0},{"damage_healed":0,"gold_gain":0,"player_choice":"Memory 2","damage_taken":5,"max_hp_gain":0,"max_hp_loss":0,"event_name":"SensoryStone","floor":39,"gold_loss":0},{"damage_healed":0,"gold_gain":0,"player_choice":"Embrace Madness","damage_taken":11,"max_hp_gain":0,"max_hp_loss":0,"event_name":"Winding Halls","floor":41,"gold_loss":0,"cards_obtained":["Madness","Madness"]},{"damage_healed":0,"gold_gain":0,"player_choice":"Fight","damage_taken":0,"max_hp_gain":0,"max_hp_loss":0,"event_name":"Mysterious Sphere","floor":46,"gold_loss":0}],"is_beta":false,"boss_relics":[{"not_picked":["Fusion Hammer","Runic Pyramid"],"picked":"Astrolabe"},{"not_picked":["Black Star","Runic Dome"],"picked":"SlaversCollar"}],"items_purged_floors":[38,53],"is_endless":false,"potions_floor_spawned":[1,2,7,10,21,23,33,36,45,46],"killed_by":"The Heart","ascension_level":0}}