{"host":"1a1fa2nogmb21qcw","time":1613534366,"event":{"mods":["AchievementEnabler","BaseMod","Better Match","Better Note","Better Sensory Stone","Better Vampires","Block Reminder","Bossed Relics","Colored Map","Colored Powertips","Curses Come First","Downfall","Gremlin Mod","Infinite Spire","Key Reminder","Minty Spire (QoL Compilation)","Potionbrewer","Quick Restart","Rare Cards Sparkle","Relic Stats","Reliquary","Remove Card Discount Mod","Replay The Spire","Shop Mod","StSLib","Swap Starting Deck Mod","The Cursed","The Disciple","The Marked","The Necromancer","The Servant 0.9.4"],"gold_per_floor":[109,35,51,226,226,255,255,255,255],"floor_reached":8,"language":"ENG","playtime":594,"items_purged":["Defend_P","Strike_P"],"score":57,"play_id":"5e3105cf-bc59-4f85-bed0-4bfb8969d234","local_time":"20210216225926","is_ascension_mode":true,"campfire_choices":[{"floor":7,"key":"REST"}],"circlet_count":0,"master_deck":["Strike_P","Defend_P","Defend_P","Eruption","Vigilance","BowlingBash","Adaptation","Replay:Battleflow","Doubt","ForeignInfluence","Steam","Protect"],"relics":["PureWater","InkBottle"],"acts_visited":["Exordium"],"potions_floor_usage":[6],"damage_taken":[{"damage":13,"enemies":"infinitespire:Voidling","floor":1,"turns":6},{"damage":0,"enemies":"2 Louse","floor":3,"turns":3},{"damage":50,"enemies":"3 Sentries","floor":6,"turns":11},{"damage":61,"enemies":"Lagavulin","floor":8,"turns":5}],"seed_played":"5054328692870090229","potions_obtained":[{"floor":3,"key":"potionbrewer:ToxicPotion"},{"floor":6,"key":"SteroidPotion"}],"is_trial":false,"path_per_floor":["M","$","M","?","?","E","R","E"],"character_chosen":"WATCHER","items_purchased":["Adaptation"],"campfire_rested":1,"item_purchase_floors":[2],"current_hp_per_floor":[69,69,69,69,69,19,40,0,0],"gold":255,"neow_bonus":"RANDOM_EVENT","is_daily":false,"chose_seed":false,"campfire_upgraded":0,"win_rate":0.0,"timestamp":1613534366,"path_taken":["M","$","?","?","?","E","R","E"],"items_purchased_type":["Card"],"build_version":"2020-12-22","purchased_purges":2,"victory":false,"max_hp_per_floor":[72,72,72,72,72,72,72,72,72],"relic_stats":{"counters":[4,25],"obtain_stats":[{"PureWater":0,"InkBottle":6},{"PureWater":0,"InkBottle":3},{"PureWater":0,"InkBottle":20}],"InkBottle":[1]},"card_choices":[{"not_picked":["Sanctity","Conclude"],"picked":"BowlingBash","floor":1},{"not_picked":["EmptyMind","ClearTheMind"],"picked":"Replay:Battleflow","floor":3},{"not_picked":["FlyingSleeves","Replay:Hum"],"picked":"Protect","floor":6}],"player_experience":871193,"relics_obtained":[{"floor":6,"key":"InkBottle"}],"event_choices":[{"damage_healed":0,"gold_gain":175,"player_choice":"AGREE","damage_taken":0,"max_hp_gain":0,"max_hp_loss":0,"event_name":"Liars Game","floor":4,"gold_loss":0,"cards_obtained":["Doubt"]}],"is_beta":false,"boss_relics":[],"items_purged_floors":[2,2],"is_endless":false,"potions_floor_spawned":[3,6],"killed_by":"Lagavulin","ascension_level":1}}