{"host":"js2su9tbbk4rmjfl","time":1613605330,"event":{"mods":["AchievementEnabler","BaseMod","Block Reminder","Colored Map","Colored Powertips","Highlight Path","Minty Spire (QoL Compilation)","Relic Stats"],"gold_per_floor":[114,127,127,141,157,157,190,190,190,24,60,60,84,102,102,102,102],"floor_reached":16,"language":"ENG","playtime":1109,"items_purged":[],"score":198,"play_id":"8d339f5c-effc-4a8e-8405-c65ce23950db","local_time":"20210218004210","is_ascension_mode":true,"campfire_choices":[{"data":"Combust","floor":6,"key":"SMITH"},{"floor":12,"key":"REST"},{"data":"Body Slam","floor":15,"key":"SMITH"}],"circlet_count":0,"master_deck":["AscendersBane","Strike_R","Strike_R","Strike_R","Strike_R","Strike_R","Defend_R","Defend_R","Defend_R","Defend_R","Bash","Thunderclap","Wild Strike","Shockwave","Combust+1","Berserk","Power Through","Evolve","Body Slam+1"],"relics":["Burning Blood","NeowsBlessing","Golden Idol","Ancient Tea Set","Nunchaku","Bag of Marbles"],"acts_visited":["Exordium"],"potions_floor_usage":[7,11,16],"damage_taken":[{"damage":0,"enemies":"Small Slimes","floor":1,"turns":1},{"damage":0,"enemies":"2 Louse","floor":2,"turns":1},{"damage":0,"enemies":"Cultist","floor":4,"turns":1},{"damage":13,"enemies":"Blue Slaver","floor":5,"turns":6},{"damage":49,"enemies":"Lagavulin","floor":7,"turns":6},{"damage":15,"enemies":"Red Slaver","floor":11,"turns":2},{"damage":3,"enemies":"Exordium Wildlife","floor":13,"turns":2},{"damage":11,"enemies":"Exordium Thugs","floor":14,"turns":4},{"damage":27,"enemies":"Hexaghost","floor":16,"turns":9}],"seed_played":"-3953212230042610109","potions_obtained":[{"floor":2,"key":"ElixirPotion"},{"floor":4,"key":"PowerPotion"},{"floor":5,"key":"Ancient Potion"},{"floor":7,"key":"ColorlessPotion"}],"is_trial":false,"path_per_floor":["M","M","?","M","M","R","E","?","T","$","M","R","M","M","R","B"],"character_chosen":"IRONCLAD","items_purchased":["Bag of Marbles"],"campfire_rested":1,"item_purchase_floors":[10],"current_hp_per_floor":[74,75,68,68,61,61,18,18,18,18,9,29,32,27,27,0,0],"gold":102,"neow_bonus":"THREE_ENEMY_KILL","is_daily":false,"chose_seed":false,"campfire_upgraded":2,"win_rate":0.0,"timestamp":1613605330,"path_taken":["M","M","?","M","M","R","E","?","T","$","M","R","M","M","R","BOSS"],"items_purchased_type":["Relic"],"build_version":"2020-12-22","purchased_purges":0,"victory":false,"max_hp_per_floor":[75,75,68,68,68,68,68,68,68,68,68,68,68,68,68,68,68],"relic_stats":{"Nunchaku":[3],"counters":[9,32],"Golden Idol":25,"obtain_stats":[{"Nunchaku":9,"NeowsBlessing":0,"Golden Idol":3,"Bag of Marbles":10,"Ancient Tea Set":7,"Burning Blood":0},{"Nunchaku":5,"NeowsBlessing":0,"Golden Idol":2,"Bag of Marbles":5,"Ancient Tea Set":5,"Burning Blood":0},{"Nunchaku":15,"NeowsBlessing":0,"Golden Idol":2,"Bag of Marbles":15,"Ancient Tea Set":15,"Burning Blood":0}],"Burning Blood":37},"card_choices":[{"not_picked":["Armaments","Warcry"],"picked":"Thunderclap","floor":1},{"not_picked":["Headbutt","Iron Wave"],"picked":"Wild Strike","floor":2},{"not_picked":["Metallicize","Second Wind"],"picked":"Shockwave","floor":4},{"not_picked":["Shrug It Off","Pommel Strike"],"picked":"Combust","floor":5},{"not_picked":["Cleave","Burning Pact"],"picked":"Berserk","floor":7},{"not_picked":["Feel No Pain","Evolve"],"picked":"Power Through","floor":11},{"not_picked":["Warcry","Havoc"],"picked":"Evolve","floor":13},{"not_picked":["Blood for Blood","Flex"],"picked":"Body Slam","floor":14}],"player_experience":827962,"relics_obtained":[{"floor":7,"key":"Ancient Tea Set"},{"floor":9,"key":"Nunchaku"}],"event_choices":[{"damage_healed":0,"gold_gain":0,"player_choice":"Lose Max HP","damage_taken":0,"relics_obtained":["Golden Idol"],"max_hp_gain":0,"max_hp_loss":7,"event_name":"Golden Idol","floor":3,"gold_loss":0},{"damage_healed":0,"gold_gain":0,"player_choice":"Ignored","damage_taken":0,"max_hp_gain":0,"max_hp_loss":0,"event_name":"Shining Light","floor":8,"gold_loss":0}],"is_beta":false,"boss_relics":[],"items_purged_floors":[],"is_endless":false,"potions_floor_spawned":[2,4,5,7],"killed_by":"Hexaghost","ascension_level":18}}