{"host":"1ertv6sefge3tobl","time":1613563347,"event":{"mods":["BaseMod","Downfall","Minty Spire (QoL Compilation)","StSLib"],"gold_per_floor":[99,119,134,146,32,66,113,143,162,162,182,210,225,237,255,255,255,255],"floor_reached":16,"language":"ZHS","playtime":1337,"items_purged":["Slimebound:Strike_Slimebound"],"score":116,"play_id":"88d5f112-2a95-436c-99f6-8a5bfd5d7871","local_time":"20210217200227","is_ascension_mode":false,"campfire_choices":[{"floor":1.0,"key":"RECALL"}],"circlet_count":0,"master_deck":["Slimebound:Strike_Slimebound","Slimebound:Strike_Slimebound","Slimebound:Tackle","Slimebound:Defend_Slimebound","Slimebound:Defend_Slimebound","Slimebound:Defend_Slimebound","Slimebound:Split","Slimebound:CorrosiveSpit","Slimebound:SplitMire","Slimebound:SplitLeeching","Slimebound:SplitLeeching","Slimebound:SplitAcid","Slimebound:HauntingLick","Slimebound:SpikyOuterGoop","Slimebound:SplitBruiser","Regret","Slimebound:SplitAcid"],"relics":["Slimebound:AbsorbEndCombat","Strawberry","Regal Pillow","Molten Egg 2","Eternal Feather","Bronze Scales"],"acts_visited":["Exordium"],"potions_floor_usage":[12],"damage_taken":[{"damage":0.0,"enemies":"2 Louse","floor":2.0,"turns":2.0},{"damage":8.0,"enemies":"Jaw Worm","floor":3.0,"turns":4.0},{"damage":0.0,"enemies":"Cultist","floor":4.0,"turns":3.0},{"damage":0.0,"enemies":"downfall:FleeingMerchant","floor":5.0,"turns":4.0},{"damage":19.0,"enemies":"Gremlin Nob","floor":6.0,"turns":4.0},{"damage":4,"enemies":"Blue Slaver","floor":9,"turns":4},{"damage":6,"enemies":"Exordium Wildlife","floor":11,"turns":4},{"damage":15,"enemies":"Lagavulin","floor":12,"turns":6},{"damage":3,"enemies":"Red Slaver","floor":13,"turns":3},{"damage":0,"enemies":"2 Fungi Beasts","floor":14,"turns":2},{"damage":3,"enemies":"Exordium Wildlife","floor":15,"turns":3},{"damage":63,"enemies":"DF_ARCHETYPE_STREAMLINE","floor":16,"turns":9}],"seed_played":"-3783767868092284996","potions_obtained":[{"floor":2.0,"key":"AttackPotion"},{"floor":6.0,"key":"Swift Potion"},{"floor":9,"key":"Ancient Potion"},{"floor":13,"key":"Fire Potion"}],"is_trial":false,"path_per_floor":["R","M","M","M","$","E","T","?","M","?","M","E","M","M","M","B"],"character_chosen":"SLIMEBOUND","items_purchased":["Slimebound:HauntingLick"],"campfire_rested":0,"item_purchase_floors":[5],"current_hp_per_floor":[65,65,59,63,65,57,57,57,57,57,53,46,45,49,46,0,0,0],"gold":255,"neow_bonus":"REMOVE_CARD","is_daily":false,"chose_seed":false,"campfire_upgraded":0,"win_rate":0.0,"timestamp":1613563347,"path_taken":["R","M","M","M","$","E","T","?","M","?","M","E","M","M","M","BOSS"],"items_purchased_type":["Card"],"build_version":"2020-12-22","purchased_purges":1,"victory":false,"max_hp_per_floor":[65,65,65,65,65,72,72,72,72,72,72,72,72,72,72,72,72,72],"card_choices":[{"not_picked":["Slimebound:SlimeBarrage","Slimebound:GoopTackle"],"picked":"Slimebound:SplitMire","floor":2.0},{"not_picked":["Slimebound:SplitBruiser","Slimebound:ComboTackle"],"picked":"Slimebound:SplitLeeching","floor":3.0},{"not_picked":["Slimebound:GoopTackle","Slimebound:LeechEnergy"],"picked":"Slimebound:SplitLeeching","floor":4.0},{"not_picked":["Slimebound:BestDefense","Slimebound:SlimeBarrage"],"picked":"Slimebound:SplitAcid","floor":5.0},{"not_picked":["Slimebound:ServeAndProtect","Slimebound:OneTwoCombo"],"picked":"Slimebound:SpikyOuterGoop","floor":6.0},{"not_picked":["Slimebound:Equalize+1","Slimebound:FormOfPuddle"],"picked":"Slimebound:SplitBruiser","floor":9},{"not_picked":["Slimebound:TongueLash+1","Slimebound:Prepare","Slimebound:SlimeBrawl"],"picked":"SKIP","floor":11},{"not_picked":["Slimebound:Repurpose","Slimebound:GoopTackle+1"],"picked":"Slimebound:SplitAcid","floor":12},{"not_picked":["Slimebound:PressTheAttack+1","Slimebound:ServeAndProtect","Slimebound:Prepare"],"picked":"SKIP","floor":13},{"not_picked":["Slimebound:RollThrough+1","Slimebound:FinishingTackle+1","Slimebound:FlameTackle+1"],"picked":"SKIP","floor":14},{"not_picked":["Slimebound:RollThrough+1","Slimebound:FinishingTackle+1","Slimebound:ForwardTackle+1"],"picked":"SKIP","floor":15}],"player_experience":309551,"relics_obtained":[{"floor":6.0,"key":"Strawberry"},{"floor":7.0,"key":"Regal Pillow"},{"floor":12,"key":"Bronze Scales"}],"event_choices":[{"damage_healed":0,"gold_gain":0,"player_choice":"Box","damage_taken":0,"relics_obtained":["Eternal Feather"],"max_hp_gain":0,"max_hp_loss":0,"event_name":"Big Fish","floor":10,"gold_loss":0,"cards_obtained":["Regret"]}],"is_beta":false,"boss_relics":[],"items_purged_floors":[5],"is_endless":false,"potions_floor_spawned":[2,6,9,13,14],"killed_by":"DF_ARCHETYPE_STREAMLINE","ascension_level":0}}