{"host":"k4hb7medsm45vqxu","time":1613594019,"event":{"mods":["AchievementEnabler","Act Like it!","Arknights","BaseMod","BetterRewards","Colored Map","Colored Powertips","DeckTracker","Downfall","Friendly Minions","Highlight Path","Marisa????????","Minty Spire (QoL Compilation)","Permanent Neow","READ ME - Guardian Mod","Rare Cards Sparkle","Replay The Spire","Shop Mod","StSLib","SuperFastMode","The Death Knight","The Forsaken","Together in Spire","Waifu the Spire","Yuyuko"],"gold_per_floor":[99,112,0,62,72,84,84,84,84,116,134,148,148,162,175,175,175,175],"floor_reached":16,"language":"ENG","playtime":775,"items_purged":["Slimebound:SplotMire","Slimebound:SplotMire","Slimebound:SplotBruiser"],"score":104,"play_id":"fb8f9391-bb43-4b29-9074-ec000802804c","local_time":"20210217143339","is_ascension_mode":false,"campfire_choices":[{"data":"Slimebound:Split","floor":1.0,"key":"SMITH"},{"floor":9,"key":"RECALL"}],"circlet_count":0,"master_deck":["Slimebound:Strike_Slimebound","Slimebound:Strike_Slimebound","Slimebound:Strike_Slimebound","Slimebound:Tackle","Slimebound:Defend_Slimebound","Slimebound:Defend_Slimebound","Slimebound:Defend_Slimebound","Slimebound:Defend_Slimebound","Slimebound:Split+1","Slimebound:CorrosiveSpit","Slimebound:GrowthPunch","Slimebound:MegaLick","Slimebound:DisruptingSlam","Slimebound:ComboTackle","Slimebound:RollThrough","Slimebound:RainOfGoop+1","Slimebound:ServeAndProtect","Slimebound:GoopSpray","Slimebound:SamplingLick","Slimebound:WasteNot","Slimebound:RejuvenatingLick"],"relics":["Slimebound:AbsorbEndCombat","Replay:Baseball","Vajra"],"acts_visited":["Exordium"],"potions_floor_usage":[16,16,16,16,16,16],"damage_taken":[{"damage":8.0,"enemies":"Small Slimes","floor":2.0,"turns":4.0},{"damage":0.0,"enemies":"downfall:FleeingMerchant","floor":3.0,"turns":4.0},{"damage":29.0,"enemies":"Gremlin Nob","floor":4.0,"turns":5.0},{"damage":0,"enemies":"ats:Genji","floor":5,"turns":3},{"damage":4,"enemies":"Jaw Worm","floor":6,"turns":4},{"damage":30,"enemies":"Gremlin Nob","floor":10,"turns":4},{"damage":13,"enemies":"Lots of Slimes","floor":11,"turns":3},{"damage":2,"enemies":"2 Fungi Beasts","floor":12,"turns":2},{"damage":11,"enemies":"Gremlin Gang","floor":14,"turns":4},{"damage":7,"enemies":"Blue Slaver","floor":15,"turns":3},{"damage":15,"enemies":"IC_STATUS_ARCHETYPE","floor":16,"turns":2}],"seed_played":"1165118809623626040","potions_obtained":[{"floor":2.0,"key":"champ:CounterPotion"},{"floor":4.0,"key":"EntropicBrew"},{"floor":10,"key":"Explosive Potion"}],"is_trial":false,"path_per_floor":["R_BF","M","$","?","M","M","T","?","R","E","M","M","?","M","M","B"],"character_chosen":"SLIMEBOUND","items_purchased":[],"campfire_rested":0,"item_purchase_floors":[],"current_hp_per_floor":[65,59,63,40,44,44,44,44,44,22,17,19,19,16,13,0,0,0],"gold":175,"neow_bonus":"THREE_CARDS","is_daily":false,"chose_seed":false,"campfire_upgraded":1,"win_rate":0.0,"timestamp":1613594019,"path_taken":["R_BF","M","$","?","M","M","T","?","R","E","M","M","?","M","M","BOSS"],"items_purchased_type":[],"build_version":"2020-12-22","purchased_purges":3,"victory":false,"max_hp_per_floor":[65,65,65,65,65,65,65,65,65,65,65,65,65,65,65,65,65,65],"card_choices":[{"not_picked":["Slimebound:PressTheAttack","Slimebound:SlimeBarrage"],"picked":"Slimebound:GrowthPunch","floor":0.0},{"not_picked":["Slimebound:SplitBruiser","Slimebound:SplitMire"],"picked":"Slimebound:MegaLick","floor":2.0},{"not_picked":["Slimebound:PressTheAttack","Slimebound:LivingWall"],"picked":"Slimebound:DisruptingSlam","floor":3.0},{"not_picked":["Slimebound:GrowthPunch","Slimebound:LeechingTouch"],"picked":"Slimebound:ComboTackle","floor":4.0},{"not_picked":["Slimebound:LivingWall","Slimebound:TongueLash"],"picked":"Slimebound:RollThrough","floor":5},{"not_picked":["Slimebound:Prepare","Slimebound:HauntingLick"],"picked":"Slimebound:RainOfGoop","floor":6},{"not_picked":["Slimebound:SplitMire","Slimebound:Dissolve"],"picked":"Slimebound:ServeAndProtect","floor":10},{"not_picked":["Slimebound:Chomp","Slimebound:LeechingTouch"],"picked":"Slimebound:GoopSpray","floor":11},{"not_picked":["Slimebound:RollThrough","Slimebound:ViciousTackle"],"picked":"Slimebound:SamplingLick","floor":12},{"not_picked":["Slimebound:SlimeSpikes","Slimebound:SlimeTap"],"picked":"Slimebound:WasteNot","floor":14},{"not_picked":["Slimebound:PressTheAttack","Slimebound:FlameTackle"],"picked":"Slimebound:RejuvenatingLick","floor":15}],"player_experience":4433,"relics_obtained":[{"floor":4.0,"key":"Replay:Baseball"},{"floor":10,"key":"Vajra"}],"event_choices":[{"damage_healed":0,"gold_gain":0,"player_choice":"Grow","damage_taken":0,"max_hp_gain":0,"max_hp_loss":0,"event_name":"Living Wall","floor":13,"gold_loss":0,"cards_upgraded":["Slimebound:RainOfGoop"]}],"is_beta":false,"boss_relics":[],"items_purged_floors":[3,3,3],"is_endless":false,"potions_floor_spawned":[2,4,10,14],"killed_by":"IC_STATUS_ARCHETYPE","ascension_level":0}}