{"host":"xw5nub7n7iasb503","time":1613535427,"event":{"mods":["BaseMod","Minty Spire (QoL Compilation)"],"gold_per_floor":[217,187,201,215,225,225,252,177,177,190,190,39,39,39,39,135,135,155,70,70,70,0,0,30,30,30,130,144,144,3,28,28,128,128,145,145,163,177,31,81,81,98,98,114,114,114,129,140,140,140,140,140,63,89,89,89],"floor_reached":55,"language":"ENG","playtime":4801,"items_purged":["Strike_G"],"score":753,"play_id":"dceb74fa-860d-4c2f-ba45-e00e16cc358e","local_time":"20210216211707","is_ascension_mode":false,"campfire_choices":[{"floor":6,"key":"RECALL"},{"data":"Catalyst","floor":11,"key":"SMITH"},{"data":"Distraction","floor":13,"key":"SMITH"},{"data":"Neutralize","floor":15,"key":"SMITH"},{"data":"Caltrops","floor":23,"key":"SMITH"},{"data":"Bullet Time","floor":25,"key":"SMITH"},{"floor":32,"key":"DIG"},{"floor":46,"key":"DIG"},{"floor":49,"key":"DIG"},{"floor":52,"key":"DIG"}],"circlet_count":0,"master_deck":["Strike_G+1","Strike_G+1","Strike_G+1","Defend_G+1","Defend_G+1","Defend_G+1","Defend_G+1","Defend_G+1","Survivor","Neutralize+1","Deadly Poison","Caltrops+1","Deadly Poison","Distraction+1","Catalyst+1","Dash","Bullet Time+1","After Image+1","Bouncing Flask","Corpse Explosion","Caltrops+1","Caltrops"],"relics":["Ring of the Snake","Incense Burner","Art of War","Lizard Tail","Runic Pyramid","Paper Crane","Mummified Hand","Gremlin Horn","Shovel","Question Card","Pantograph","Darkstone Periapt","Turnip","HoveringKite","Bronze Scales","Tough Bandages","Molten Egg 2","Toy Ornithopter","PreservedInsect","Shuriken","FossilizedHelix"],"acts_visited":["Exordium","TheCity","TheBeyond","TheEnding"],"potions_floor_usage":[4,7,7,16,27,31,35,37,54,55],"damage_taken":[{"damage":4,"enemies":"Cultist","floor":1,"turns":5},{"damage":2,"enemies":"Jaw Worm","floor":3,"turns":4},{"damage":0,"enemies":"2 Louse","floor":4,"turns":3},{"damage":2,"enemies":"2 Fungi Beasts","floor":5,"turns":4},{"damage":13,"enemies":"Lagavulin","floor":7,"turns":6},{"damage":0,"enemies":"Large Slime","floor":10,"turns":7},{"damage":1,"enemies":"The Guardian","floor":16,"turns":7},{"damage":2,"enemies":"Shell Parasite","floor":18,"turns":4},{"damage":6,"enemies":"Gremlin Leader","floor":24,"turns":4},{"damage":11,"enemies":"Colosseum Slavers","floor":27,"turns":3},{"damage":34,"enemies":"Colosseum Nobs","floor":27,"turns":6},{"damage":2,"enemies":"Chosen","floor":28,"turns":4},{"damage":3,"enemies":"Slavers","floor":31,"turns":6},{"damage":0,"enemies":"Champ","floor":33,"turns":8},{"damage":22,"enemies":"3 Darklings","floor":35,"turns":3},{"damage":9,"enemies":"Orb Walker","floor":37,"turns":3},{"damage":15,"enemies":"Jaw Worm Horde","floor":38,"turns":3},{"damage":5,"enemies":"Mind Bloom Boss Battle","floor":40,"turns":5},{"damage":6,"enemies":"Sphere and 2 Shapes","floor":42,"turns":3},{"damage":0,"enemies":"Maw","floor":44,"turns":5},{"damage":0,"enemies":"3 Darklings","floor":47,"turns":4},{"damage":0,"enemies":"Sphere and 2 Shapes","floor":48,"turns":3},{"damage":31,"enemies":"Donu and Deca","floor":50,"turns":5},{"damage":32,"enemies":"Shield and Spear","floor":54,"turns":4},{"damage":70,"enemies":"The Heart","floor":55,"turns":8}],"seed_played":"2373313069592024636","potions_obtained":[{"floor":1,"key":"ColorlessPotion"},{"floor":2,"key":"Poison Potion"},{"floor":2,"key":"DuplicationPotion"},{"floor":10,"key":"SpeedPotion"},{"floor":24,"key":"Poison Potion"},{"floor":28,"key":"EssenceOfSteel"},{"floor":33,"key":"Explosive Potion"},{"floor":35,"key":"Weak Potion"},{"floor":42,"key":"Dexterity Potion"},{"floor":44,"key":"Ancient Potion"}],"is_trial":false,"path_per_floor":["M","?","M","M","M","R","E","$","T","M","R","$","R","T","R","B",null,"M","?","?","?","?","R","E","R","T","?","M","T","$","E","R","B",null,"M","?","M","M","$","?","?","M","T","M","?","R","M","M","R","B",null,"R","$","E","B"],"character_chosen":"THE_SILENT","items_purchased":["Art of War","After Image","Bronze Scales","Caltrops"],"campfire_rested":0,"item_purchase_floors":[12,30,39,53],"current_hp_per_floor":[66,66,64,64,62,62,49,49,49,49,49,49,49,49,49,48,70,68,68,68,55,55,55,49,49,49,4,2,2,2,37,37,62,75,53,53,44,29,29,49,49,43,43,43,43,43,43,43,43,37,71,71,71,39,0,0],"gold":89,"neow_bonus":"HUNDRED_GOLD","is_daily":false,"chose_seed":false,"campfire_upgraded":5,"win_rate":0.0,"timestamp":1613535427,"path_taken":["M","?","M","M","?","R","E","$","T","M","R","?","R","?","R","BOSS","M","?","?","?","?","R","E","R","T","?","M","?","?","E","R","BOSS","M","?","M","?","$","?","?","M","T","M","?","R","M","M","R","BOSS","R","$","E","BOSS"],"items_purchased_type":["Relic","Card","Relic","Card"],"build_version":"2020-12-22","purchased_purges":1,"victory":false,"max_hp_per_floor":[70,70,70,70,70,70,70,70,70,70,70,70,70,70,70,70,70,70,70,70,75,75,75,75,75,75,75,75,75,75,75,75,75,75,75,75,75,75,75,75,71,71,71,71,71,71,71,71,71,71,71,71,71,71,71,71],"card_choices":[{"not_picked":["Flechettes","Cloak And Dagger"],"picked":"Deadly Poison","floor":1},{"not_picked":["Sucker Punch","Dodge and Roll"],"picked":"Caltrops","floor":3},{"not_picked":["Infinite Blades","Slice"],"picked":"Deadly Poison","floor":4},{"not_picked":["Wraith Form v2","Finisher"],"picked":"Distraction","floor":5},{"not_picked":["Predator","Dagger Throw"],"picked":"Catalyst","floor":7},{"not_picked":["Leg Sweep","All Out Attack"],"picked":"Dash","floor":10},{"not_picked":["Night Terror","Grand Finale"],"picked":"Bullet Time","floor":16},{"not_picked":["Deflect","Finisher","Eviscerate"],"picked":"SKIP","floor":18},{"not_picked":["Acrobatics","Heel Hook","Dodge and Roll"],"picked":"SKIP","floor":24},{"not_picked":["Finisher+1","Dagger Spray+1","Deadly Poison","Blade Dance"],"picked":"SKIP","floor":28},{"not_picked":["Blur","Infinite Blades+1","Flying Knee"],"picked":"Bouncing Flask","floor":31},{"not_picked":["After Image","Unload","Malaise"],"picked":"Corpse Explosion","floor":33},{"not_picked":["Backflip+1","Quick Slash+1","Dagger Throw+1","Setup+1"],"picked":"SKIP","floor":35},{"not_picked":["Blade Dance","Riddle With Holes","Slice+1","Deflect"],"picked":"SKIP","floor":37},{"not_picked":["Deflect+1","Bane","Footwork+1","Calculated Gamble+1"],"picked":"SKIP","floor":38},{"not_picked":["Poisoned Stab","Acrobatics+1","Footwork+1"],"picked":"Caltrops+1","floor":40},{"not_picked":["Escape Plan","Flying Knee+1","Sucker Punch","Leg Sweep+1"],"picked":"SKIP","floor":42},{"not_picked":["Tactician","Eviscerate+1","Acrobatics+1","Masterful Stab+1"],"picked":"SKIP","floor":44},{"not_picked":["PiercingWail+1","Backflip","Flying Knee+1","Slice+1"],"picked":"SKIP","floor":47},{"not_picked":["Dagger Throw+1","Escape Plan+1","Skewer+1","Quick Slash+1"],"picked":"SKIP","floor":48},{"not_picked":["Predator+1","Venomology","Wraith Form v2","Poisoned Stab+1"],"picked":"SKIP","floor":54}],"player_experience":133625,"relics_obtained":[{"floor":7,"key":"Incense Burner"},{"floor":14,"key":"Lizard Tail"},{"floor":24,"key":"Mummified Hand"},{"floor":26,"key":"Gremlin Horn"},{"floor":27,"key":"Shovel"},{"floor":27,"key":"Question Card"},{"floor":29,"key":"Pantograph"},{"floor":31,"key":"Darkstone Periapt"},{"floor":32,"key":"Turnip"},{"floor":40,"key":"Tough Bandages"},{"floor":43,"key":"Molten Egg 2"},{"floor":46,"key":"Toy Ornithopter"},{"floor":49,"key":"PreservedInsect"},{"floor":52,"key":"Shuriken"},{"floor":54,"key":"FossilizedHelix"}],"event_choices":[{"damage_healed":0,"gold_gain":0,"player_choice":"Bought 2 Potions","damage_taken":0,"max_hp_gain":0,"max_hp_loss":0,"event_name":"The Woman in Blue","floor":2,"gold_loss":0},{"damage_healed":0,"gold_gain":0,"player_choice":"Obtained Relic","damage_taken":0,"relics_obtained":["Paper Crane"],"max_hp_gain":0,"max_hp_loss":0,"event_name":"Addict","floor":19,"gold_loss":85},{"damage_healed":0,"gold_gain":0,"player_choice":"Simplicity","damage_taken":0,"max_hp_gain":0,"max_hp_loss":0,"event_name":"Back to Basics","floor":20,"gold_loss":0,"cards_upgraded":["Strike_G","Strike_G","Strike_G","Strike_G","Defend_G","Defend_G","Defend_G","Defend_G","Defend_G"]},{"damage_healed":0,"gold_gain":0,"player_choice":"Shed Blood","damage_taken":18,"max_hp_gain":5,"max_hp_loss":0,"event_name":"Forgotten Altar","floor":21,"gold_loss":0},{"damage_healed":0,"gold_gain":0,"player_choice":"Paid Fearfully","damage_taken":0,"max_hp_gain":0,"max_hp_loss":0,"event_name":"Masked Bandits","floor":22,"gold_loss":70},{"damage_healed":0,"gold_gain":0,"player_choice":"Fight","damage_taken":0,"max_hp_gain":0,"max_hp_loss":0,"event_name":"Colosseum","floor":27,"gold_loss":0},{"damage_healed":0,"gold_gain":0,"player_choice":"Fought Nobs","damage_taken":0,"max_hp_gain":0,"max_hp_loss":0,"event_name":"Colosseum","floor":27,"gold_loss":0},{"damage_healed":0,"gold_gain":0,"player_choice":"Forge","damage_taken":0,"max_hp_gain":0,"max_hp_loss":0,"event_name":"Accursed Blacksmith","floor":36,"gold_loss":0,"cards_upgraded":["After Image"]},{"damage_healed":0,"gold_gain":0,"player_choice":"Fight","damage_taken":0,"max_hp_gain":0,"max_hp_loss":0,"event_name":"MindBloom","floor":40,"gold_loss":0},{"damage_healed":0,"gold_gain":0,"player_choice":"Max HP","damage_taken":0,"max_hp_gain":0,"max_hp_loss":4,"event_name":"Winding Halls","floor":41,"gold_loss":0},{"cards_removed":["Strike_G"],"damage_healed":0,"gold_gain":0,"player_choice":"Removed Attack","damage_taken":0,"max_hp_gain":0,"max_hp_loss":0,"event_name":"Falling","floor":45,"gold_loss":0}],"is_beta":false,"boss_relics":[{"not_picked":["Ring of the Serpent","Tiny House"],"picked":"Runic Pyramid"},{"not_picked":["WristBlade","Pandora\u0027s Box"],"picked":"HoveringKite"}],"items_purged_floors":[8],"is_endless":false,"potions_floor_spawned":[1,10,24,27,28,33,35,42,44],"killed_by":"The Heart","ascension_level":0}}