{"host":"yn1175etg9ni8l0q","time":1613547696,"event":{"mods":["AchievementEnabler","BaseMod","Colored Map","Colored Powertips","DeckTracker","Minty Spire (QoL Compilation)","Rare Cards Sparkle","Relic Stats","SuperFastMode","everything is the same but u backflip on backflip"],"gold_per_floor":[117,130,100,110,110,144,158,3,3,3,16,16,32,49,49,127,127,127,27,27,27,27,27,27,27,27,27,27,27,27,27,27,27,27],"floor_reached":33,"language":"KOR","playtime":653,"items_purged":["Strike_R","Strike_R"],"score":443,"play_id":"caac3c35-7b28-4335-bebb-1a73c16542e7","local_time":"20210217164136","is_ascension_mode":true,"campfire_choices":[{"floor":10.0,"key":"REST"},{"data":"Uppercut","floor":12.0,"key":"SMITH"},{"floor":15.0,"key":"REST"},{"data":"Shockwave","floor":23.0,"key":"SMITH"},{"floor":30,"key":"REST"},{"floor":32,"key":"REST"}],"circlet_count":0,"master_deck":["AscendersBane","Strike_R","Strike_R","Strike_R","Defend_R","Defend_R","Defend_R","Defend_R","Bash","Shockwave+1","Wild Strike+1","Hemokinesis","Uppercut+1","Ghostly Armor","Pommel Strike","Feed","Evolve","Shrug It Off","Cleave+1","Feed","Body Slam+1"],"relics":["Burning Blood","NeowsBlessing","Question Card","Kunai","Ectoplasm","Sundial"],"acts_visited":["Exordium","TheCity"],"potions_floor_usage":[29,33],"damage_taken":[{"damage":0.0,"enemies":"Cultist","floor":1.0,"turns":1.0},{"damage":5.0,"enemies":"2 Louse","floor":2.0,"turns":2.0},{"damage":0.0,"enemies":"Small Slimes","floor":4.0,"turns":1.0},{"damage":60.0,"enemies":"3 Sentries","floor":6.0,"turns":10.0},{"damage":18.0,"enemies":"Red Slaver","floor":7.0,"turns":4.0},{"damage":8.0,"enemies":"Blue Slaver","floor":11.0,"turns":3.0},{"damage":13.0,"enemies":"Exordium Thugs","floor":13.0,"turns":5.0},{"damage":14.0,"enemies":"3 Louse","floor":14.0,"turns":4.0},{"damage":34.0,"enemies":"Slime Boss","floor":16.0,"turns":12.0},{"damage":8.0,"enemies":"Shell Parasite","floor":18.0,"turns":4.0},{"damage":17.0,"enemies":"Spheric Guardian","floor":21.0,"turns":4.0},{"damage":14.0,"enemies":"Chosen and Byrds","floor":24.0,"turns":5.0},{"damage":18.0,"enemies":"Snecko","floor":27.0,"turns":4.0},{"damage":13.0,"enemies":"Centurion and Healer","floor":28.0,"turns":5.0},{"damage":26,"enemies":"Sentry and Sphere","floor":29,"turns":7},{"damage":19,"enemies":"Shelled Parasite and Fungi","floor":31,"turns":8},{"damage":58,"enemies":"Collector","floor":33,"turns":5}],"seed_played":"-745880651761902575","potions_obtained":[{"floor":2.0,"key":"Dexterity Potion"},{"floor":3.0,"key":"PowerPotion"},{"floor":24.0,"key":"Energy Potion"}],"is_trial":false,"path_per_floor":["M","M","?","M","?","E","M","$","T","R","M","R","M","M","R","B",null,"M","$","?","M","$","R","M","?","T","M","M","M","R","M","R","B"],"character_chosen":"IRONCLAD","items_purchased":["Ghostly Armor"],"campfire_rested":4,"item_purchase_floors":[8],"current_hp_per_floor":[74,75,75,75,75,21,9,9,9,31,29,29,22,14,36,8,58,56,56,56,48,48,48,43,43,43,31,27,7,32,25,52,0,0],"gold":27,"neow_bonus":"THREE_ENEMY_KILL","is_daily":false,"chose_seed":false,"campfire_upgraded":2,"win_rate":0.0,"timestamp":1613547696,"path_taken":["M","?","?","?","?","E","M","$","T","R","M","R","M","?","R","BOSS","M","$","?","M","?","R","M","?","T","M","M","M","R","M","R","BOSS"],"items_purchased_type":["Card"],"build_version":"2020-12-22","purchased_purges":2,"victory":false,"max_hp_per_floor":[75,75,75,75,75,75,75,75,75,75,75,75,75,75,75,75,75,75,75,75,78,78,78,81,81,81,81,84,84,84,90,90,90,90],"relic_stats":{"counters":[17,84],"Sundial":[6],"Ectoplasm":145,"Kunai":[18],"Question Card":12,"obtain_stats":[{"NeowsBlessing":0,"Sundial":20,"Ectoplasm":17,"Kunai":9,"Question Card":6,"Burning Blood":0},{"NeowsBlessing":0,"Sundial":10,"Ectoplasm":9,"Kunai":5,"Question Card":4,"Burning Blood":0},{"NeowsBlessing":0,"Sundial":46,"Ectoplasm":42,"Kunai":18,"Question Card":14,"Burning Blood":0}],"Burning Blood":90},"card_choices":[{"not_picked":["Sword Boomerang","Entrench"],"picked":"Shockwave","floor":1.0},{"not_picked":["Armaments","True Grit"],"picked":"Wild Strike","floor":2.0},{"not_picked":["Feel No Pain","Flex","Disarm"],"picked":"SKIP","floor":4.0},{"not_picked":["Warcry","Anger"],"picked":"Hemokinesis","floor":6.0},{"not_picked":["Dark Embrace","Intimidate","Iron Wave"],"picked":"Uppercut","floor":7.0},{"not_picked":["Double Tap","Rupture","Perfected Strike"],"picked":"Pommel Strike","floor":11.0},{"not_picked":["Evolve","Metallicize","Burning Pact","Clash"],"picked":"SKIP","floor":13.0},{"not_picked":["Havoc","Cleave","Blood for Blood","Headbutt"],"picked":"SKIP","floor":14.0},{"not_picked":["Juggernaut","Exhume","Reaper"],"picked":"Feed","floor":16.0},{"not_picked":["Havoc","Thunderclap","Uppercut"],"picked":"Evolve","floor":18.0},{"not_picked":["Sword Boomerang","Warcry","Inflame"],"picked":"Shrug It Off","floor":21.0},{"not_picked":["Clash","Dark Embrace","Sever Soul"],"picked":"Cleave+1","floor":24.0},{"not_picked":["True Grit","Intimidate","Rupture","Wild Strike"],"picked":"SKIP","floor":27.0},{"not_picked":["Dark Embrace","Cleave","Flex"],"picked":"Feed","floor":28.0},{"not_picked":["Flame Barrier+1","Pommel Strike+1","Warcry"],"picked":"Body Slam+1","floor":29},{"not_picked":["Flex","Cleave","Warcry","Clash"],"picked":"SKIP","floor":31}],"player_experience":391840,"relics_obtained":[{"floor":6.0,"key":"Question Card"},{"floor":9.0,"key":"Kunai"}],"event_choices":[{"damage_healed":0.0,"max_hp_gain":0.0,"max_hp_loss":0.0,"gold_gain":0.0,"event_name":"The Woman in Blue","player_choice":"Bought 2 Potions","floor":3.0,"gold_loss":0.0,"damage_taken":0.0},{"damage_healed":0.0,"max_hp_gain":0.0,"max_hp_loss":0.0,"gold_gain":0.0,"event_name":"Upgrade Shrine","player_choice":"Upgraded","floor":5.0,"gold_loss":0.0,"damage_taken":0.0,"cards_upgraded":["Wild Strike"]},{"damage_healed":0.0,"max_hp_gain":0.0,"max_hp_loss":0.0,"gold_gain":0.0,"event_name":"WeMeetAgain","player_choice":"Gave Potion","floor":20.0,"gold_loss":0.0,"damage_taken":0.0,"relics_obtained":["Sundial"]},{"damage_healed":0.0,"max_hp_gain":0.0,"max_hp_loss":0.0,"gold_gain":50.0,"event_name":"Nest","player_choice":"Stole From Cult","floor":25.0,"gold_loss":0.0,"damage_taken":0.0}],"is_beta":false,"boss_relics":[{"not_picked":["Empty Cage","Black Star"],"picked":"Ectoplasm"}],"items_purged_floors":[8,19],"is_endless":false,"potions_floor_spawned":[2,7,13,16,18,24,27],"killed_by":"Collector","ascension_level":15}}