{"host":"yassvrowvc2yfwp2","time":1613567952,"event":{"mods":["2.2 Compatiblity","Act Like it!","BaseMod","Better Note","Curses Come First","Dota2Spire","Downfall","HololiveMod","Jorbs\u0027s Wanderer Trilogy","Minty Spire (QoL Compilation)","Prisma Mod","Rare Cards Sparkle","Reimu£®≤©¿ˆ¡È√Œ£©","Replay The Spire","Say the Spire","Spicy Shops","StSLib","The Bug Knight","The Cursed","The Servant 0.9.4"],"gold_per_floor":[99,99,99,99,117,117,117,137,237,254,269,169,196,53,63,167,167,167,182,198,198,398,398,422,434,444,458,472,491,491,491,505,600,600,500,519,531,542,83,120,120,120,138,138,138,138,153,153,153,153],"floor_reached":49,"language":"ZHS","playtime":2700,"items_purged":[],"score":546,"play_id":"8c6e2111-ba9d-43ff-bfe1-5eec92b46519","local_time":"20210217211912","is_ascension_mode":false,"campfire_choices":[{"data":"bronze:Replicate","floor":1.0,"key":"SMITH"},{"data":"bronze:DigitalCarnage","floor":6.0,"key":"SMITH"},{"floor":12.0,"key":"REST"},{"floor":18.0,"key":"RECALL"},{"floor":30.0,"key":"REST"},{"floor":48,"key":"REST"}],"circlet_count":0,"master_deck":["bronze:Strike","bronze:Strike","bronze:Defend+1","bronze:Defend+1","bronze:Defend+1","bronze:Goto","downfall:Malfunctioning","bronze:Replicate+1","bronze:DigitalCarnage+1","bronze:CloningBeam+1","bronze:NullPointer","bronze:BurnOut","bronze:BronzeOrb","bronze:DigitalCarnage","bronze:ItsAFeature","bronze:Assembly","bronze:Flail","bronze:Verify","bronze:Frontload","bronze:Safeguard+1","bronze:MaxOutput","bronze:Safeguard+1","bronze:DarkDash","bronze:BuggyMess","bronze:WildBeam","bronze:AlphaBuild","Parasite","CurseOfTheBell","Decay","bronze:Verify","bronze:Fortify+1","bronze:DarkDash+1","bronze:Verify+1","bronze:HardenedForm+1","bronze:Repulsor+1","expansioncontent:AwakenDeath","Replay:SS_forest_2"],"relics":["bronze:BronzeCore","Replay:WaspNest","downfall:HeartBlessingBlue","Ginger","HollowMod:StagPassRelic","Snecko Eye","Bronze Scales","Replay:Ancient Bell","Hololive_LightStick","Kunai","Incense Burner","downfall:HeartBlessingRed","Red Mask","Medical Kit","Replay:Rubber Ducky","Divine Protection","Sundial","Bottled Tornado"],"acts_visited":["Exordium","TheCity","TheBeyond"],"potions_floor_usage":[],"damage_taken":[{"damage":4.0,"enemies":"Jaw Worm","floor":5.0,"turns":3.0},{"damage":4.0,"enemies":"2 Louse","floor":8.0,"turns":2.0},{"damage":30.0,"enemies":"downfall:Heads","floor":9.0,"turns":5.0},{"damage":0.0,"enemies":"Small Slimes","floor":10.0,"turns":2.0},{"damage":8.0,"enemies":"Red Slaver","floor":11.0,"turns":3.0},{"damage":4.0,"enemies":"3 Sentries","floor":13.0,"turns":4.0},{"damage":10.0,"enemies":"downfall:FleeingMerchant","floor":14.0,"turns":4.0},{"damage":0.0,"enemies":"Large Slime","floor":15.0,"turns":1.0},{"damage":22.0,"enemies":"WA_ARCHETYPE_RETAIN","floor":16.0,"turns":4.0},{"damage":0.0,"enemies":"3 Byrds","floor":19.0,"turns":3.0},{"damage":10.0,"enemies":"downfall:LooterAlt2","floor":20.0,"turns":2.0},{"damage":3.0,"enemies":"Sentry and Sphere","floor":25.0,"turns":3.0},{"damage":14.0,"enemies":"Centurion and Healer","floor":26.0,"turns":4.0},{"damage":4.0,"enemies":"Chosen and Byrds","floor":27.0,"turns":3.0},{"damage":0.0,"enemies":"Cultist and Chosen","floor":28.0,"turns":3.0},{"damage":12.0,"enemies":"Centurion and Healer","floor":29.0,"turns":3.0},{"damage":0.0,"enemies":"Snecko","floor":32.0,"turns":3.0},{"damage":50.0,"enemies":"DF_ARCHETYPE_CLAW","floor":33.0,"turns":7.0},{"damage":0.0,"enemies":"Orb Walker","floor":36.0,"turns":2.0},{"damage":23.0,"enemies":"3 Darklings","floor":37.0,"turns":8.0},{"damage":0.0,"enemies":"Jaw Worm Horde","floor":38.0,"turns":4.0},{"damage":0.0,"enemies":"downfall:FleeingMerchant","floor":39.0,"turns":4.0},{"damage":45.0,"enemies":"HollowMod:StalkingDevout","floor":40.0,"turns":5.0},{"damage":0,"enemies":"Maw","floor":43,"turns":7},{"damage":33,"enemies":"4 Shapes","floor":47,"turns":3},{"damage":32,"enemies":"Transient","floor":49,"turns":5}],"seed_played":"-2202081104201487636","potions_obtained":[{"floor":8.0,"key":"Slimebound:ThreeZeroPotion"},{"floor":10.0,"key":"Fire Potion"},{"floor":11.0,"key":"Fire Potion"}],"is_trial":false,"path_per_floor":["R","?","?","?","M","R","T","M","?","M","M","R","E","$","M","B",null,"R","M","M","?","?","?","T","M","M","M","M","M","R","?","M","B",null,"R","M","M","M","$","E","T","?","M","?","?","T","M","R","M"],"character_chosen":"THE_AUTOMATON","items_purchased":["HollowMod:StagPassRelic","Medical Kit","Replay:Rubber Ducky","bronze:HardenedForm"],"campfire_rested":3,"item_purchase_floors":[14,39,39,39],"current_hp_per_floor":[77,77,77,77,73,73,73,69,39,39,31,67,63,53,53,31,87,87,87,77,77,77,77,77,74,60,56,56,44,70,70,70,20,87,87,87,64,64,64,19,19,14,14,14,14,14,6,32,0,0,0],"gold":153,"neow_bonus":"TEN_PERCENT_HP_BONUS","is_daily":false,"chose_seed":false,"campfire_upgraded":2,"win_rate":0.0,"timestamp":1613567952,"path_taken":["R","?","?","?","?","R","T","M","?","M","M","R","E","?","M","BOSS","R","M","M","?","?","?","T","M","M","M","?","M","R","?","M","BOSS","R","M","M","M","$","E","T","?","M","?","?","?","M","R","M"],"items_purchased_type":["Relic","Relic","Relic","Card"],"build_version":"2020-12-22","purchased_purges":0,"victory":false,"max_hp_per_floor":[77,77,77,77,77,77,77,77,77,77,77,87,87,87,87,87,87,87,87,87,87,87,87,87,87,87,87,87,87,87,87,87,87,87,87,87,87,87,87,87,87,87,87,87,87,87,87,87,87,87,87],"card_choices":[{"not_picked":["bronze:Turbo","bronze:BitShift"],"picked":"bronze:DigitalCarnage","floor":5.0},{"not_picked":["bronze:BugBarrage","bronze:Turbo"],"picked":"bronze:CloningBeam","floor":8.0},{"not_picked":["bronze:Iterate","bronze:Safeguard"],"picked":"bronze:BurnOut","floor":9.0},{"not_picked":["bronze:WhirlingStrike","bronze:BitShift"],"picked":"bronze:BronzeOrb","floor":10.0},{"not_picked":["bronze:Branch","bronze:Frontload"],"picked":"bronze:DigitalCarnage","floor":11.0},{"not_picked":["bronze:Turbo","bronze:BugBarrage"],"picked":"bronze:ItsAFeature","floor":13.0},{"not_picked":["bronze:Invalidate","bronze:Repair"],"picked":"bronze:Assembly","floor":14.0},{"not_picked":["bronze:WhirlingStrike","bronze:NullPointer"],"picked":"bronze:Flail","floor":15.0},{"not_picked":["bronze:HardenedForm","bronze:Assembly"],"picked":"bronze:Verify","floor":16.0},{"not_picked":["bronze:CutThrough+1","bronze:OilSpill"],"picked":"bronze:Frontload","floor":19.0},{"not_picked":["bronze:Fortify","bronze:Philosophize"],"picked":"bronze:Safeguard+1","floor":20.0},{"not_picked":["bronze:BitShift","bronze:Overheat","bronze:ChildClass+1"],"picked":"SKIP","floor":25.0},{"not_picked":["bronze:WhirlingStrike","bronze:Branch","bronze:WildBeam+1"],"picked":"SKIP","floor":26.0},{"not_picked":["bronze:Shield+1","bronze:BuggyMess"],"picked":"bronze:MaxOutput","floor":27.0},{"not_picked":["bronze:FineTuning","bronze:DelayedSlice"],"picked":"bronze:Safeguard+1","floor":28.0},{"not_picked":["bronze:FindAndReplace","bronze:Iterate"],"picked":"bronze:DarkDash","floor":29.0},{"not_picked":["bronze:OilSpill","bronze:Backtrace"],"picked":"bronze:Fortify","floor":32.0},{"not_picked":["bronze:BurnOut","bronze:ShipIt"],"picked":"bronze:AlphaBuild","floor":33.0},{"not_picked":["Overencumbered","Hololive_RevenueRecovery"],"picked":"Parasite","floor":34.0},{"not_picked":["Amnesia","Sickly"],"picked":"CurseOfTheBell","floor":34.0},{"not_picked":["Normality","AbeCurse"],"picked":"Decay","floor":34.0},{"not_picked":["bronze:Iterate+1","bronze:BugBarrage+1"],"picked":"bronze:Verify","floor":36.0},{"not_picked":["bronze:WhirlingStrike","bronze:GetLatest+1"],"picked":"bronze:Fortify+1","floor":37.0},{"not_picked":["bronze:BitShift+1","bronze:Iterate"],"picked":"bronze:DarkDash+1","floor":38.0},{"not_picked":["bronze:DelayedSlice+1","bronze:ChosenStrike"],"picked":"bronze:Verify","floor":39.0},{"not_picked":["bronze:DelayedGuard+1","bronze:BitShift+1"],"picked":"bronze:Repulsor+1","floor":40},{"not_picked":["expansioncontent:InvincibleStrength","expansioncontent:GuardianWhirl"],"picked":"expansioncontent:AwakenDeath","floor":42},{"not_picked":["expansioncontent:YouAreMine","expansioncontent:Hexaburn"],"picked":"Replay:SS_forest_2","floor":42},{"not_picked":["bronze:BitShift+1","bronze:GetLatest","bronze:BuggyMess"],"picked":"SKIP","floor":43},{"not_picked":["bronze:Turbo","bronze:Frontload","bronze:Overheat"],"picked":"SKIP","floor":47}],"player_experience":2154330,"relics_obtained":[{"floor":13.0,"key":"Ginger"},{"floor":24.0,"key":"Bronze Scales"},{"floor":40,"key":"Divine Protection"},{"floor":41,"key":"Sundial"},{"floor":46,"key":"Bottled Tornado"}],"event_choices":[{"damage_healed":0.0,"max_hp_gain":0.0,"max_hp_loss":0.0,"gold_gain":0.0,"event_name":"Big Fish","player_choice":"Box","floor":2.0,"gold_loss":0.0,"damage_taken":0.0,"relics_obtained":["Replay:WaspNest"],"cards_obtained":["Regret"]},{"damage_healed":0.0,"max_hp_gain":0.0,"max_hp_loss":0.0,"gold_gain":0.0,"event_name":"Lab","player_choice":"Got Potions","floor":21.0,"gold_loss":0.0,"damage_taken":0.0},{"damage_healed":0.0,"max_hp_gain":0.0,"max_hp_loss":0.0,"gold_gain":200.0,"event_name":"Wheel of Change","player_choice":"Gold","floor":22.0,"gold_loss":0.0,"damage_taken":0.0},{"damage_healed":0.0,"max_hp_gain":0.0,"max_hp_loss":0.0,"gold_gain":0.0,"event_name":"betterNote:BetterNote","player_choice":"Ignored","floor":23.0,"gold_loss":0.0,"damage_taken":0.0,"cards_obtained":["Strike_S"]},{"damage_healed":0.0,"max_hp_gain":0.0,"max_hp_loss":0.0,"gold_gain":0.0,"cards_transformed":["bronze:Strike","bronze:Strike"],"event_name":"Drug Dealer","player_choice":"Became Test Subject","floor":31.0,"gold_loss":0.0,"damage_taken":0.0,"cards_obtained":["bronze:BuggyMess","bronze:WildBeam"]},{"damage_healed":0,"gold_gain":0,"player_choice":"Ignored","damage_taken":0,"max_hp_gain":0,"max_hp_loss":0,"event_name":"Mysterious Sphere","floor":44,"gold_loss":0},{"cards_removed":["bronze:Replicate"],"damage_healed":0,"gold_gain":0,"player_choice":"Removed Attack","damage_taken":0,"max_hp_gain":0,"max_hp_loss":0,"event_name":"Falling","floor":45,"gold_loss":0}],"is_beta":false,"boss_relics":[{"not_picked":["bronze:PlatinumCore","Hololive_TopUpMoneyS"],"picked":"Snecko Eye"},{"not_picked":["Replay:Drink Me","Abe\u0027s Treasure"],"picked":"Replay:Ancient Bell"},{"not_picked":["Akabeko","bronze:SilverBullet"],"picked":"Hololive_LightStick"},{"not_picked":["Replay:Bottled Steam","HollowMod:LifeEnderRelic"],"picked":"Kunai"},{"not_picked":["Dota2Spire:Mjollnir","Torii"],"picked":"Incense Burner"}],"items_purged_floors":[],"is_endless":false,"potions_floor_spawned":[8,10,11,15,20,25,28,29,37,40,43,47],"killed_by":"Transient","ascension_level":0}}