{"host":"dmtlrev5pkc1867p","time":1613583224,"event":{"mods":["A Magickal Journey","AchievementEnabler","BaseMod","Colored Map","Colored Powertips","Downfall","Hermit","Highlight Path","Hubris","Infinite Spire","Marisa¡]Ãú«B¡@Å]²z¨F¡^","Minty Spire (QoL Compilation)","Permanent Neow","Quick Restart","Rare Cards Sparkle","Relic Sorter","Relic Stats","Replay The Spire","StSLib","SuperFastMode","The Construct","The Cursed","The Disciple","The Hierophant","The Necromancer","The Runesmith","The Servant 0.9.4"],"gold_per_floor":[110,185,197,214,214,246,246,262,341,359,369,369,403,26,26,128,128,146,159,159,159,171,171,171,171,171,171,116,130,130,140,140,237,237,248,123,140,151,151,151,169,169,169,169,169,169],"floor_reached":45,"language":"ZHS","playtime":1785,"items_purged":["Decay"],"score":578,"play_id":"2e99039e-cafb-4cf8-b0fb-c1e21cc7a009","local_time":"20210218013344","is_ascension_mode":true,"campfire_choices":[{"floor":7.0,"key":"REST"},{"floor":12.0,"key":"REST"},{"floor":15.0,"key":"REST"},{"floor":23.0,"key":"REST"},{"floor":32.0,"key":"REST"},{"floor":40,"key":"REST"},{"floor":42,"key":"RECALL"}],"circlet_count":0,"master_deck":["Strike_G","Strike_G","Strike_G","Strike_G","Strike_G","Defend_G","Defend_G","Defend_G","Defend_G","Defend_G","Survivor","Neutralize","Replay:Poison Smokescreen+1","Finisher","Caltrops","PiercingWail","Catalyst","Bouncing Flask","Well Laid Plans","Backflip","Footwork","After Image","Dodge and Roll","Bouncing Flask+1","Draining Mist+1","Footwork","Infinite Blades+1","Bane","hubris:Counter","Catalyst","A Thousand Cuts","Dodge and Roll+1","Deadly Poison","Sucker Punch+1","ReplayTheSpireMod:Tripwire+1","Flying Knee+1"],"relics":["Ring of the Serpent","NeowsBlessing","Lizard Tail","hubris:PeanutButter","hubris:AncientText","hubris:Potato","Velvet Choker","Replay:Wax Seal","hubris:Icosahedron","Ring of Peace","ReplayTheSpireMod:Ring of Challenge","infinitespire:ShieldingShard"],"acts_visited":["Exordium","TheCity","TheBeyond"],"potions_floor_usage":[38,41],"damage_taken":[{"damage":0.0,"enemies":"Cultist","floor":1.0,"turns":1.0},{"damage":0.0,"enemies":"Small Slimes","floor":3.0,"turns":1.0},{"damage":0.0,"enemies":"2 Louse","floor":4.0,"turns":1.0},{"damage":49.0,"enemies":"Lagavulin","floor":6.0,"turns":7.0},{"damage":8.0,"enemies":"Looter","floor":8.0,"turns":3.0},{"damage":0.0,"enemies":"Blue Slaver","floor":10.0,"turns":2.0},{"damage":0.0,"enemies":"3 Louse","floor":11.0,"turns":2.0},{"damage":6.0,"enemies":"Gremlin Nob","floor":13.0,"turns":3.0},{"damage":18.0,"enemies":"The Guardian","floor":16.0,"turns":9.0},{"damage":13.0,"enemies":"Spheric Guardian","floor":18.0,"turns":4.0},{"damage":0.0,"enemies":"Shell Parasite","floor":19.0,"turns":5.0},{"damage":0.0,"enemies":"Cultist and Chosen","floor":22.0,"turns":8.0},{"damage":0.0,"enemies":"Chosen and Byrds","floor":29.0,"turns":6.0},{"damage":25.0,"enemies":"Snake Plant","floor":31.0,"turns":3.0},{"damage":61.0,"enemies":"Automaton","floor":33.0,"turns":11.0},{"damage":24,"enemies":"3 Darklings","floor":35,"turns":8},{"damage":0,"enemies":"Orb Walker","floor":37,"turns":3},{"damage":0,"enemies":"Maw","floor":38,"turns":6},{"damage":11,"enemies":"3 Darklings","floor":41,"turns":8},{"damage":43,"enemies":"Jaw Worm Horde","floor":45,"turns":6}],"seed_played":"858969004442708079","potions_obtained":[{"floor":4.0,"key":"Slimebound:ThreeZeroPotion"},{"floor":6.0,"key":"FairyPotion"},{"floor":10.0,"key":"Guardian:BlockOnCardUsePotion"},{"floor":11.0,"key":"AttackPotion"},{"floor":19.0,"key":"Energy Potion"},{"floor":31.0,"key":"FearPotion"},{"floor":35,"key":"Dexterity Potion"},{"floor":37,"key":"construct:ShiftPotion"},{"floor":38,"key":"Venom Potion"}],"is_trial":false,"path_per_floor":["M","?","M","M","?","E","R","M","T","M","M","R","E","$","R","B",null,"M","M","$","?","M","R","?","AVR","T","?","$","M","?","M","R","B",null,"M","$","M","M","?","R","M","R","T","?","M"],"character_chosen":"THE_SILENT","items_purchased":["hubris:Potato","Footwork","Infinite Blades+1","Deadly Poison"],"campfire_rested":6,"item_purchase_floors":[14,14,28,36],"current_hp_per_floor":[63,56,56,56,56,7,28,20,20,20,20,41,35,35,56,38,62,49,49,49,49,49,70,70,70,70,70,70,70,70,45,66,5,54,30,30,30,30,30,51,40,40,40,40,21,21],"gold":169,"neow_bonus":"THREE_ENEMY_KILL","is_daily":false,"chose_seed":false,"campfire_upgraded":0,"win_rate":0.0,"timestamp":1613583224,"path_taken":["M","?","M","?","?","E","R","M","T","M","M","R","E","$","R","BOSS","M","M","$","?","M","R","?","AVR","T","?","?","M","?","M","R","BOSS","BOSS","M","$","M","?","?","R","M","R","T","?","M"],"items_purchased_type":["Relic","Card","Card","Card"],"build_version":"2020-12-22","purchased_purges":1,"victory":false,"max_hp_per_floor":[70,70,70,70,70,70,70,70,70,70,70,70,70,70,70,70,70,70,70,70,70,70,70,70,70,70,70,70,70,70,70,70,70,70,70,70,70,70,70,70,70,70,70,70,70,70],"relic_stats":{"Lizard Tail":0,"counters":[20,97],"obtain_stats":[{"NeowsBlessing":0,"Velvet Choker":17,"Lizard Tail":6,"hubris:Icosahedron":27,"infinitespire:ShieldingShard":43,"Ring of Peace":39,"hubris:PeanutButter":9,"Replay:Wax Seal":25,"ReplayTheSpireMod:Ring of Challenge":39,"hubris:AncientText":13,"hubris:Potato":14,"Ring of the Serpent":34,"Ring of the Snake":0},{"NeowsBlessing":0,"Velvet Choker":9,"Lizard Tail":4,"hubris:Icosahedron":12,"infinitespire:ShieldingShard":19,"Ring of Peace":18,"hubris:PeanutButter":5,"Replay:Wax Seal":12,"ReplayTheSpireMod:Ring of Challenge":18,"hubris:AncientText":8,"hubris:Potato":8,"Ring of the Serpent":15,"Ring of the Snake":0},{"NeowsBlessing":0,"Velvet Choker":29,"Lizard Tail":10,"hubris:Icosahedron":46,"infinitespire:ShieldingShard":91,"Ring of Peace":83,"hubris:PeanutButter":13,"Replay:Wax Seal":46,"ReplayTheSpireMod:Ring of Challenge":83,"hubris:AncientText":20,"hubris:Potato":20,"Ring of the Serpent":66,"Ring of the Snake":0}]},"card_choices":[{"not_picked":["Cloak And Dagger","Underhanded Strike"],"picked":"Replay:Poison Smokescreen","floor":1.0},{"not_picked":["Dash","Dodge and Roll"],"picked":"Finisher","floor":3.0},{"not_picked":["Dagger Throw","Sucker Punch"],"picked":"Caltrops","floor":4.0},{"not_picked":["Blade Dance","Dagger Throw"],"picked":"PiercingWail","floor":6.0},{"not_picked":["hubris:Sniper","Underhanded Strike"],"picked":"Catalyst","floor":8.0},{"not_picked":["PiercingWail","Outmaneuver"],"picked":"Bouncing Flask","floor":10.0},{"not_picked":["Dagger Throw","Fluid Movement"],"picked":"Well Laid Plans","floor":11.0},{"not_picked":["Dagger Throw","Concentrate"],"picked":"Backflip","floor":13.0},{"not_picked":["Unload","Burst"],"picked":"After Image","floor":16.0},{"not_picked":["Hidden Blade","Flechettes"],"picked":"Dodge and Roll","floor":18.0},{"not_picked":["Predator","Dodge and Roll"],"picked":"Bouncing Flask+1","floor":19.0},{"not_picked":["ReplayTheSpireMod:Scrap Shanks","Toxin Wave+1"],"picked":"Draining Mist+1","floor":22.0},{"not_picked":["Finisher","Hidden Blade+1"],"picked":"Bane","floor":29.0},{"not_picked":["ReplayTheSpireMod:Exploit Weakness","Quick Slash"],"picked":"Catalyst","floor":31.0},{"not_picked":["Night Terror","Bullet Time"],"picked":"A Thousand Cuts","floor":33},{"not_picked":["Deflect+1","Hidden Blade"],"picked":"Dodge and Roll+1","floor":35},{"not_picked":["ReplayTheSpireMod:Shiv Toss+1","Quick Slash+1"],"picked":"Sucker Punch+1","floor":37},{"not_picked":["Acrobatics+1","Deflect"],"picked":"ReplayTheSpireMod:Tripwire+1","floor":38},{"not_picked":["Prepared","Infinite Blades"],"picked":"Flying Knee+1","floor":41}],"player_experience":716635,"relics_obtained":[{"floor":6.0,"key":"Lizard Tail"},{"floor":9.0,"key":"hubris:PeanutButter"},{"floor":13.0,"key":"hubris:AncientText"},{"floor":39,"key":"Ring of Peace"},{"floor":39,"key":"ReplayTheSpireMod:Ring of Challenge"},{"floor":43,"key":"infinitespire:ShieldingShard"}],"event_choices":[{"damage_healed":0.0,"max_hp_gain":0.0,"max_hp_loss":0.0,"gold_gain":75.0,"event_name":"FaceTrader","player_choice":"Touch","floor":2.0,"gold_loss":0.0,"damage_taken":7.0},{"damage_healed":0.0,"max_hp_gain":0.0,"max_hp_loss":0.0,"gold_gain":0.0,"event_name":"Accursed Blacksmith","player_choice":"Forge","floor":5.0,"gold_loss":0.0,"damage_taken":0.0,"cards_upgraded":["Replay:Poison Smokescreen"]},{"damage_healed":0.0,"max_hp_gain":0.0,"max_hp_loss":0.0,"gold_gain":0.0,"event_name":"Forgotten Altar","player_choice":"Smashed Altar","floor":21.0,"gold_loss":0.0,"damage_taken":0.0,"cards_obtained":["Decay"]},{"damage_healed":0.0,"max_hp_gain":0.0,"max_hp_loss":0.0,"gold_gain":0.0,"event_name":"The Library","player_choice":"Read","floor":30.0,"gold_loss":0.0,"damage_taken":0.0,"cards_obtained":["hubris:Counter"]},{"cards_removed":["Delirium"],"damage_healed":0,"gold_gain":0,"player_choice":"Purged","damage_taken":0,"max_hp_gain":0,"max_hp_loss":0,"event_name":"Purifier","floor":44,"gold_loss":0}],"is_beta":false,"boss_relics":[{"not_picked":["SacredBark","Empty Cage"],"picked":"Velvet Choker"},{"not_picked":["ReplayTheSpireMod:DimensionalGlitch","hubris:VirtuousBlindfold"],"picked":"Ring of the Serpent"}],"items_purged_floors":[36],"is_endless":false,"potions_floor_spawned":[4,6,10,11,19,31,35,37,38],"killed_by":"Jaw Worm Horde","ascension_level":6}}