{"host":"y6zg4wwu39otf01a","time":1613582922,"event":{"mods":["Act Like it!","Aspiration","BaseMod","Better Altar","Better Match","Better Note","Better Sensory Stone","Better Skull","Better Third Choice","Challenge The Spire","Colored Map","Colored Powertips","Conspire","GifTheSpireLib","Glutton Mod","Halation","Hermit","Highlight Path","Hubris","Infinite Spire","Mimic Mod","Minty Spire (QoL Compilation)","Quick Restart","Random Character Button","Rare Cards Sparkle","Reliquary","Replay The Spire","Retaliation","Ruina","Spicy Shops","StSLib","Stuff the Spire","The Blue Laboratory","The Construct","The Jungle"],"gold_per_floor":[116,116,116,116,28,57,72,72,72,103,103,135,160,179,179,280,280,294,294,311,311,311,311,371,383,383,19,19,19],"floor_reached":28,"language":"ENG","playtime":1358,"items_purged":[],"score":362,"play_id":"532ae7bc-0448-4f22-84ba-9210b12896ef","local_time":"20210217112842","is_ascension_mode":true,"campfire_choices":[{"data":"Glutton:Slam","floor":8,"key":"SMITH"},{"floor":15,"key":"REST"},{"data":"Glutton:PainMeditation","floor":23,"key":"SMITH"}],"circlet_count":0,"master_deck":["Glutton:Strike","Glutton:Strike","Glutton:Strike","Glutton:Strike","Glutton:Strike","Glutton:Strike","Glutton:Defend","Glutton:Defend","Glutton:Defend","Glutton:Flail","Glutton:Slam+1","Injury","Regret","Glutton:Borborygmi+1","Glutton:Misery","Glutton:Tumor","Glutton:GnawingHunger+1","Glutton:ShedFat","Adrenaline+1","Glutton:PainMeditation+1","Glutton:KneeJerk+1","Glutton:Thrombosis","Glutton:Inversion","Glutton:Loot+1","Glutton:Tantrum+1","Glutton:Rest","Glutton:Yearn+1","Glutton:Treat","Glutton:KneeJerk+1","Specialist"],"relics":["Glutton:EternalHunger","NeowsBlessing","The Courier","Molten Egg 2","StuffTheSpire:RedRose","StuffTheSpire:MayFlowers","Bronze Scales","halation:PrussianBluePaint","BranchBurnRelic","conspire:RunicOctahedron","reliquary:RosewoodLute","halation:BottledLove","reliquary:PrincelyHelmet","reliquary:BallBearing","hubris:MysteriousPyramids","BargainBundle"],"acts_visited":["Exordium","TheCity"],"potions_floor_usage":[12,12,20,24,25],"damage_taken":[{"damage":1,"enemies":"2 Louse","floor":1,"turns":1},{"damage":3,"enemies":"3 Sentries","floor":6,"turns":1},{"damage":1,"enemies":"Jaw Worm","floor":7,"turns":1},{"damage":58,"enemies":"Lagavulin","floor":10,"turns":5},{"damage":36,"enemies":"3 Sentries","floor":12,"turns":4},{"damage":7,"enemies":"Small Slimes","floor":13,"turns":2},{"damage":6,"enemies":"2 Fungi Beasts","floor":14,"turns":2},{"damage":35,"enemies":"Slime Boss","floor":16,"turns":5},{"damage":7,"enemies":"3 Byrds","floor":18,"turns":2},{"damage":32,"enemies":"Spheric Guardian","floor":20,"turns":3},{"damage":68,"enemies":"Book of Stabbing","floor":24,"turns":4},{"damage":50,"enemies":"Snake Plant","floor":25,"turns":2},{"damage":38,"enemies":"conspire:HollyBat","floor":28,"turns":4}],"seed_played":"-7740161022997242280","potions_obtained":[{"floor":1,"key":"blueLaboratory:Moonshine"},{"floor":10,"key":"FearPotion"},{"floor":12,"key":"Energy Potion"},{"floor":16,"key":"blueLaboratory:LouseDecoction"},{"floor":18,"key":"blueLaboratory:FruitPreserves"}],"is_trial":false,"path_per_floor":["M","?","?","?","$","E","M","R","T","E","?","E","M","M","R","B",null,"M","?","M","?","T","R","E","M","T","$","M"],"character_chosen":"GLUTTON","items_purchased":["Glutton:Borborygmi+1","Glutton:Misery","hubris:MysteriousPyramids","BargainBundle","Glutton:Treat","Glutton:KneeJerk+1","Specialist"],"campfire_rested":1,"item_purchase_floors":[5,5,27,27,27,27,27],"current_hp_per_floor":[119,119,119,119,119,116,115,115,115,57,57,21,30,24,60,48,120,113,113,84,87,87,87,37,28,28,28,0,0],"gold":19,"neow_bonus":"THREE_ENEMY_KILL","is_daily":false,"chose_seed":false,"campfire_upgraded":2,"win_rate":0.0,"timestamp":1613582922,"path_taken":["M","?","?","?","$","E","M","R","T","E","?","E","M","M","R","BOSS","M","?","M","?","?","R","E","M","T","$","?"],"items_purchased_type":["Card","Card","Relic","Relic","Card","Card","Card"],"build_version":"2020-12-22","purchased_purges":0,"victory":false,"max_hp_per_floor":[120,120,120,120,120,120,120,120,120,120,120,120,120,120,120,120,120,120,120,120,123,123,123,123,123,123,123,123,123],"card_choices":[{"not_picked":["Glutton:Salivate","Glutton:Borborygmi"],"picked":"Glutton:Slam","floor":1},{"not_picked":["Glutton:Profligacy+1","Glutton:Salivate"],"picked":"Glutton:Tumor","floor":6},{"not_picked":["Glutton:GnawingHunger+1","Glutton:PainMeditation","Glutton:Rest"],"picked":"SKIP","floor":7},{"not_picked":["Glutton:PainMeditation","Glutton:Rest"],"picked":"Glutton:GnawingHunger+1","floor":7},{"not_picked":["Glutton:FragileMight+1","Glutton:BloodyKnuckle+1"],"picked":"Glutton:ShedFat","floor":10},{"not_picked":["Glutton:GoldenArmor","Glutton:Borborygmi+1"],"picked":"Glutton:PainMeditation","floor":12},{"not_picked":["Glutton:Strain+1","Glutton:Slam+1"],"picked":"Glutton:KneeJerk+1","floor":13},{"not_picked":["Glutton:Masochism","Glutton:KneeJerk+1"],"picked":"Glutton:Thrombosis","floor":14},{"not_picked":["Glutton:Excrescence+1","Glutton:Hemophilia"],"picked":"Glutton:Inversion","floor":16},{"not_picked":["Glutton:GnawingHunger+1","Glutton:Tantrum+1"],"picked":"Glutton:Loot+1","floor":18},{"not_picked":["Glutton:Salivate","Glutton:Mug+1"],"picked":"Glutton:Tantrum+1","floor":20},{"not_picked":["Glutton:Malignancy","Glutton:LashOut+1"],"picked":"Glutton:Rest","floor":24},{"not_picked":["Glutton:Salivate","Glutton:Chomp+1"],"picked":"Glutton:Yearn+1","floor":25}],"player_experience":865693,"relics_obtained":[{"floor":2,"key":"The Courier"},{"floor":6,"key":"StuffTheSpire:MayFlowers"},{"floor":9,"key":"Bronze Scales"},{"floor":10,"key":"halation:PrussianBluePaint"},{"floor":12,"key":"Dead Branch"},{"floor":22,"key":"halation:BottledLove"},{"floor":24,"key":"reliquary:PrincelyHelmet"},{"floor":26,"key":"reliquary:BallBearing"}],"event_choices":[{"damage_healed":0,"gold_gain":1,"player_choice":"4","damage_taken":0,"max_hp_gain":0,"max_hp_loss":0,"event_name":"betterStone:BetterStone","floor":11,"gold_loss":0,"cards_obtained":["Adrenaline"]}],"is_beta":false,"boss_relics":[{"not_picked":["SlaversCollar","StuffTheSpire:Kangaroo"],"picked":"conspire:RunicOctahedron"}],"items_purged_floors":[],"is_endless":false,"potions_floor_spawned":[1,10,12,16,18],"killed_by":"conspire:HollyBat","ascension_level":2}}