{"host":"2hea6pl5vmah38iy","time":1613525196,"event":{"mods":["AchievementEnabler","BaseMod","Colored Map","DeckTracker","Keyboard Shortcuts","Minty Spire (QoL Compilation)","Rare Cards Sparkle","StSLib","SuperFastMode","everything is the same but u backflip on backflip"],"gold_per_floor":[13,25,25,39,39,39,49,84,84,148,148,148,160,190,190,266,266,266,266,266,266,266,266,266,266,266,266,266,105,105,105,105,105,105,105,105,105,105,30,30,30,30,30],"floor_reached":42,"language":"KOR","playtime":1746,"items_purged":["Strike_R"],"score":1099,"play_id":"5f244e4c-3f63-4bde-a3d2-19583828de6a","local_time":"20210217102636","is_ascension_mode":true,"campfire_choices":[{"data":"Barricade","floor":6.0,"key":"SMITH"},{"data":"Feed","floor":12.0,"key":"SMITH"},{"floor":15.0,"key":"REST"},{"floor":24.0,"key":"REST"},{"data":"Demon Form","floor":27.0,"key":"SMITH"},{"data":"Whirlwind","floor":30.0,"key":"SMITH"},{"data":"Bloodletting","floor":32.0,"key":"SMITH"}],"circlet_count":0,"master_deck":["AscendersBane","Strike_R","Strike_R","Defend_R","Defend_R","Defend_R","Bash","Offering","Rage+1","Inflame","Twin Strike","Barricade+1","Whirlwind+1","Feed+1","Spot Weakness","Offering","Demon Form+1","Heavy Blade+1","Seeing Red","Bloodletting+1","Shrug It Off","Reaper","Battle Trance+1","Pain","Pommel Strike+1","Parasite"],"relics":["Burning Blood","Mercury Hourglass","Eternal Feather","Kunai","Regal Pillow","Ectoplasm","Enchiridion","Pantograph","Oddly Smooth Stone","Sundial","Medical Kit","Runic Cube","WarpedTongs","Potion Belt"],"acts_visited":["Exordium","TheCity","TheBeyond"],"potions_floor_usage":[42,42],"damage_taken":[{"damage":7.0,"enemies":"Jaw Worm","floor":1.0,"turns":3.0},{"damage":6.0,"enemies":"2 Louse","floor":2.0,"turns":4.0},{"damage":6.0,"enemies":"Cultist","floor":4.0,"turns":3.0},{"damage":6.0,"enemies":"3 Louse","floor":7.0,"turns":2.0},{"damage":43.0,"enemies":"Gremlin Nob","floor":8.0,"turns":4.0},{"damage":26.0,"enemies":"Lagavulin Event","floor":10.0,"turns":5.0},{"damage":11.0,"enemies":"Gremlin Gang","floor":13.0,"turns":3.0},{"damage":26.0,"enemies":"Lagavulin","floor":14.0,"turns":5.0},{"damage":59.0,"enemies":"The Guardian","floor":16.0,"turns":9.0},{"damage":13.0,"enemies":"Spheric Guardian","floor":18.0,"turns":3.0},{"damage":28.0,"enemies":"Shell Parasite","floor":20.0,"turns":3.0},{"damage":0.0,"enemies":"Centurion and Healer","floor":22.0,"turns":1.0},{"damage":14.0,"enemies":"Gremlin Leader","floor":23.0,"turns":3.0},{"damage":54.0,"enemies":"Book of Stabbing","floor":25.0,"turns":4.0},{"damage":34.0,"enemies":"Cultist and Chosen","floor":28.0,"turns":5.0},{"damage":12.0,"enemies":"3 Cultists","floor":31.0,"turns":2.0},{"damage":44.0,"enemies":"Champ","floor":33.0,"turns":8.0},{"damage":16.0,"enemies":"Orb Walker","floor":35.0,"turns":3.0},{"damage":53.0,"enemies":"3 Darklings","floor":37.0,"turns":3.0},{"damage":39.0,"enemies":"Giant Head","floor":40.0,"turns":4.0},{"damage":44.0,"enemies":"Writhing Mass","floor":41.0,"turns":4.0},{"damage":16,"enemies":"Reptomancer","floor":42,"turns":2}],"seed_played":"8909560065701984121","potions_obtained":[{"floor":2.0,"key":"GamblersBrew"},{"floor":10.0,"key":"DuplicationPotion"},{"floor":11.0,"key":"BloodPotion"},{"floor":11.0,"key":"SkillPotion"},{"floor":13.0,"key":"SneckoOil"},{"floor":16.0,"key":"SmokeBomb"},{"floor":18.0,"key":"BlessingOfTheForge"},{"floor":23.0,"key":"Swift Potion"},{"floor":25.0,"key":"Weak Potion"},{"floor":35.0,"key":"Dexterity Potion"},{"floor":41.0,"key":"Dexterity Potion"}],"is_trial":false,"path_per_floor":["M","M","?","M","?","R","M","E","T","?","?","R","M","E","R","B",null,"M","?","M","?","M","E","R","E","T","R","M","$","R","M","R","B",null,"M","?","M","$","$","E","M","E"],"character_chosen":"IRONCLAD","items_purchased":["Medical Kit"],"campfire_rested":2,"item_purchase_floors":[29],"current_hp_per_floor":[67,67,67,67,67,67,67,30,30,10,25,34,33,17,65,12,65,58,58,40,19,25,21,75,31,31,43,19,19,31,25,37,24,80,79,79,52,52,52,53,15,0,0],"gold":30,"neow_bonus":"TRANSFORM_TWO_CARDS","is_daily":false,"chose_seed":false,"campfire_upgraded":5,"win_rate":0.0,"timestamp":1613525196,"path_taken":["M","M","?","M","?","R","?","E","T","?","?","R","?","E","R","BOSS","M","?","M","?","M","E","R","E","T","R","?","?","R","?","R","BOSS","M","?","M","?","$","E","M","E"],"items_purchased_type":["Relic"],"build_version":"2020-12-22","purchased_purges":1,"victory":false,"max_hp_per_floor":[75,75,75,75,75,75,75,75,75,75,75,75,79,83,83,83,83,83,83,87,87,87,91,91,95,95,95,99,99,99,99,99,99,99,99,99,99,99,99,99,99,99,99],"card_choices":[{"not_picked":["Flex","Perfected Strike","Warcry"],"picked":"SKIP","floor":1.0},{"not_picked":["Ghostly Armor","Metallicize"],"picked":"Inflame","floor":2.0},{"not_picked":["True Grit","Anger"],"picked":"Twin Strike","floor":4.0},{"not_picked":["Warcry","Shockwave"],"picked":"Feed","floor":7.0},{"not_picked":["Metallicize","Uppercut"],"picked":"Spot Weakness","floor":8.0},{"not_picked":["Clothesline","Rage","Dropkick"],"picked":"SKIP","floor":13.0},{"not_picked":["Clothesline","Rage","Dropkick"],"picked":"SKIP","floor":13.0},{"not_picked":["Headbutt","Pommel Strike"],"picked":"Offering","floor":14.0},{"not_picked":["Juggernaut","Berserk"],"picked":"Demon Form","floor":16.0},{"not_picked":["Infernal Blade","Rampage"],"picked":"Heavy Blade+1","floor":18.0},{"not_picked":["Wild Strike","Warcry","Carnage"],"picked":"SKIP","floor":20.0},{"not_picked":["Thunderclap","Bloodletting"],"picked":"Seeing Red","floor":23.0},{"not_picked":["Ghostly Armor","Twin Strike"],"picked":"Bloodletting","floor":25.0},{"not_picked":["Inflame","Perfected Strike","Intimidate"],"picked":"SKIP","floor":28.0},{"not_picked":["Iron Wave","Corruption"],"picked":"Shrug It Off","floor":31.0},{"not_picked":["Offering","Demon Form"],"picked":"Reaper","floor":33.0},{"not_picked":["Pommel Strike","Flex"],"picked":"Battle Trance+1","floor":35.0},{"not_picked":["Iron Wave","Heavy Blade+1","Wild Strike+1"],"picked":"SKIP","floor":37.0},{"not_picked":["Body Slam","Heavy Blade"],"picked":"Pommel Strike+1","floor":40.0},{"not_picked":["Corruption","Clash","Body Slam"],"picked":"SKIP","floor":41.0}],"player_experience":579132,"relics_obtained":[{"floor":8.0,"key":"Mercury Hourglass"},{"floor":9.0,"key":"Eternal Feather"},{"floor":14.0,"key":"Regal Pillow"},{"floor":21.0,"key":"Enchiridion"},{"floor":23.0,"key":"Pantograph"},{"floor":25.0,"key":"Oddly Smooth Stone"},{"floor":26.0,"key":"Sundial"},{"floor":40.0,"key":"Potion Belt"}],"event_choices":[{"damage_healed":0.0,"max_hp_gain":0.0,"max_hp_loss":0.0,"gold_gain":0.0,"event_name":"Living Wall","player_choice":"Grow","floor":3.0,"gold_loss":0.0,"damage_taken":0.0,"cards_upgraded":["Rage"]},{"damage_healed":0.0,"max_hp_gain":0.0,"max_hp_loss":0.0,"gold_gain":0.0,"event_name":"Match and Keep!","player_choice":"2 cards matched","floor":5.0,"gold_loss":0.0,"damage_taken":0.0,"cards_obtained":["Barricade","Whirlwind"]},{"damage_healed":0.0,"max_hp_gain":0.0,"max_hp_loss":0.0,"gold_gain":30.0,"event_name":"Dead Adventurer","player_choice":"Searched \u00273\u0027 times","floor":10.0,"gold_loss":0.0,"damage_taken":0.0,"relics_obtained":["Kunai"]},{"damage_healed":0.0,"max_hp_gain":0.0,"max_hp_loss":0.0,"gold_gain":0.0,"event_name":"Lab","player_choice":"Got Potions","floor":11.0,"gold_loss":0.0,"damage_taken":0.0},{"cards_removed":["Strike_R"],"damage_healed":0.0,"max_hp_gain":0.0,"max_hp_loss":0.0,"gold_gain":0.0,"event_name":"Back to Basics","player_choice":"Elegance","floor":19.0,"gold_loss":0.0,"damage_taken":0.0},{"damage_healed":0.0,"max_hp_gain":0.0,"max_hp_loss":0.0,"gold_gain":0.0,"event_name":"Cursed Tome","player_choice":"Obtained Book","floor":21.0,"gold_loss":0.0,"damage_taken":21.0},{"damage_healed":0.0,"max_hp_gain":0.0,"max_hp_loss":0.0,"gold_gain":0.0,"event_name":"Accursed Blacksmith","player_choice":"Rummage","floor":36.0,"gold_loss":0.0,"damage_taken":0.0,"relics_obtained":["WarpedTongs"],"cards_obtained":["Pain"]}],"is_beta":false,"boss_relics":[{"not_picked":["Tiny House","Cursed Key"],"picked":"Ectoplasm"},{"not_picked":["Runic Pyramid","Philosopher\u0027s Stone"],"picked":"Runic Cube"}],"items_purged_floors":[39],"is_endless":false,"potions_floor_spawned":[2,10,13,16,18,22,23,25,35,41],"killed_by":"Reptomancer","ascension_level":19}}