{"host":"v4nyfngrgywi7zc6","time":1613543675,"event":{"mods":["2.2 Compatiblity","Act Like it!","BaseMod","Custom Start","Gensokyo","Minty Spire (QoL Compilation)","Reliquary","Shop Mod","StSLib","The Cursed","The Hierophant","The Judge","The Jungle","The Servant 0.9.4"],"gold_per_floor":[113,13,32,51,67,95,95,114,140,151,151,151,169,169,169,169,169],"floor_reached":16,"language":"ENG","playtime":1073,"items_purged":[],"score":104,"play_id":"e4ce91b6-1585-4437-b9b0-6e4f1418b141","local_time":"20210217003435","is_ascension_mode":false,"campfire_choices":[{"data":"Revamp","floor":7,"key":"SMITH"},{"floor":12,"key":"RECALL"},{"floor":15,"key":"REST"}],"circlet_count":0,"master_deck":["Strike_S","Strike_S","Strike_S","Strike_S","Defend_S","Defend_S","Defend_S","Defend_S","KidneyShot","Exchange","Rearm","Rewind","Revamp+1","Manipulate","InstantArmor","TimeWarp","Comet","Clumsy","BottledTime"],"relics":["Uniform","NeowsBlessing","KneeBrace","Darkstone Periapt","Gensokyo:NagashiBinaDoll"],"acts_visited":["Exordium"],"potions_floor_usage":[16],"damage_taken":[{"damage":0,"enemies":"Gensokyo:Python","floor":1,"turns":1},{"damage":0,"enemies":"Gensokyo:3_Fairies","floor":3,"turns":2},{"damage":0,"enemies":"Gensokyo:2_Kodama","floor":4,"turns":1},{"damage":0,"enemies":"Gensokyo:Kitsune","floor":5,"turns":5},{"damage":21,"enemies":"Gensokyo:Mamizou","floor":6,"turns":16},{"damage":3,"enemies":"Gensokyo:Python_and_Kodama","floor":8,"turns":6},{"damage":0,"enemies":"Gensokyo:3_Kodama","floor":10,"turns":6},{"damage":0,"enemies":"Gensokyo:LivingMonolith","floor":13,"turns":3},{"damage":2,"enemies":"Gensokyo:Yukari","floor":16,"turns":9}],"seed_played":"-6628817952296498769","potions_obtained":[{"floor":1,"key":"Dexterity Potion"},{"floor":3,"key":"BlessingOfTheForge"},{"floor":8,"key":"SpeedPotion"},{"floor":10,"key":"FairyPotion"}],"is_trial":false,"path_per_floor":["M","?","M","M","M","E","R","M","T","M","?","R","M","$","R","B"],"character_chosen":"THE_SERVANT","items_purchased":[],"campfire_rested":1,"item_purchase_floors":[],"current_hp_per_floor":[65,65,65,65,65,44,44,41,41,41,47,47,47,47,68,66,66],"gold":169,"neow_bonus":"THREE_ENEMY_KILL","is_daily":false,"chose_seed":false,"campfire_upgraded":1,"win_rate":0.0,"timestamp":1613543675,"path_taken":["M","?","M","M","M","E","R","M","T","M","?","R","M","$","R","BOSS"],"items_purchased_type":[],"build_version":"2020-12-22","purchased_purges":0,"victory":false,"max_hp_per_floor":[65,65,65,65,65,65,65,65,65,65,71,71,71,71,71,71,71],"card_choices":[{"not_picked":["SpecialFormula","Barrier"],"picked":"Rearm","floor":1},{"not_picked":["Sabotage","Shuttle"],"picked":"Rewind","floor":3},{"not_picked":["Spin","ReturningBlade"],"picked":"Revamp","floor":4},{"not_picked":["ShatteredReality","Collapse"],"picked":"Manipulate","floor":5},{"not_picked":["FanOfKnives","Replace"],"picked":"InstantArmor","floor":6},{"not_picked":["Replace","Desolation"],"picked":"TimeWarp","floor":8},{"not_picked":["Shuttle","Desolation"],"picked":"Comet","floor":10},{"not_picked":["KillingDoll","Shuttle"],"picked":"BottledTime","floor":13}],"player_experience":238737,"relics_obtained":[{"floor":6,"key":"Darkstone Periapt"}],"event_choices":[],"is_beta":false,"boss_relics":[],"items_purged_floors":[],"is_endless":false,"potions_floor_spawned":[1,3,8,10],"killed_by":"Gensokyo:Yukari","ascension_level":0}}