{"host":"6vtgmkkqqeew181q","time":1613523577,"event":{"mods":["AYAYA","BaseMod","Better Skull","Better Third Choice","BetterRewards","Colored Powertips","Downfall","Faster Ascension Climbing","Highlight Path","Minty Spire (QoL Compilation)","Reliquary","Spicy Shops","Spire Birthday Party","StSLib","The Bug Knight","The Jungle"],"gold_per_floor":[118,128,128,128,140,165,175,191,191,191,191,224,224,69,69,69,69],"floor_reached":16,"language":"ENG","playtime":872,"items_purged":[],"score":110,"play_id":"be1e5e2d-beee-4b6f-9092-9fd865dbfe0f","local_time":"20210216165937","is_ascension_mode":false,"campfire_choices":[{"data":"HollowMod:GreatSlash","floor":10,"key":"SMITH"},{"data":"HollowMod:SoulSplash","floor":13,"key":"SMITH"},{"data":"HollowMod:InfectedAttack","floor":15,"key":"SMITH"}],"circlet_count":0,"master_deck":["HollowMod:NailStrikeStart","HollowMod:NailStrikeStart","HollowMod:NailStrikeStart","HollowMod:NailStrikeStart","HollowMod:QuickDashStart","HollowMod:QuickDashStart","HollowMod:QuickDashStart","HollowMod:QuickDashStart","HollowMod:FocusHealStart","HollowMod:PogoStrike+1","HollowMod:GreatSlash+1","HollowMod:SoulSplash+1","HollowMod:InfectionAssault","HollowMod:InfectedAttack+1","HollowMod:HeavyBlow","HollowMod:MothsMistake"],"relics":["HollowMod:VesselMask","StrikeDummy","reliquary:Boomerang","Slimebound:StickyStick","reliquary:IridiumChain","Omamori"],"acts_visited":["Exordium"],"potions_floor_usage":[12,16,16],"damage_taken":[{"damage":1,"enemies":"Cultist","floor":1,"turns":3},{"damage":0,"enemies":"2 Louse","floor":2,"turns":1},{"damage":3,"enemies":"Jaw Worm","floor":5,"turns":4},{"damage":36,"enemies":"Lagavulin","floor":6,"turns":6},{"damage":2,"enemies":"Blue Slaver","floor":7,"turns":2},{"damage":8,"enemies":"2 Fungi Beasts","floor":8,"turns":5},{"damage":27,"enemies":"3 Sentries","floor":12,"turns":5},{"damage":29,"enemies":"HollowMod:FalseKnight","floor":16,"turns":5}],"seed_played":"6129156408293717462","potions_obtained":[{"floor":1,"key":"Regen Potion"},{"floor":6,"key":"Weak Potion"},{"floor":12,"key":"Fire Potion"}],"is_trial":false,"path_per_floor":["M","M","$","?","M","E","M","M","T","R","?","E","R","$","R","B"],"character_chosen":"THE_BUGKNIGHT","items_purchased":["Omamori"],"campfire_rested":0,"item_purchase_floors":[14],"current_hp_per_floor":[75,75,75,75,75,45,43,41,41,41,23,20,20,20,20,0,0],"gold":69,"neow_bonus":"UPGRADE_CARD","is_daily":false,"chose_seed":false,"campfire_upgraded":3,"win_rate":0.0,"timestamp":1613523577,"path_taken":["M","M","?","?","?","E","M","M","T","R","?","E","R","$","R","BOSS"],"items_purchased_type":["Relic"],"build_version":"2020-12-22","purchased_purges":0,"victory":false,"max_hp_per_floor":[75,75,75,75,75,75,75,75,75,75,75,75,75,75,75,75,75],"card_choices":[{"not_picked":["HollowMod:AbyssShriek","HollowMod:CornifersMapStart"],"picked":"HollowMod:GreatSlash","floor":1},{"not_picked":["HollowMod:NewJinnsSoul","HollowMod:ChannelNail"],"picked":"HollowMod:SoulSplash","floor":2},{"not_picked":["HollowMod:CornifersMapStart","HollowMod:ShadowDash"],"picked":"HollowMod:InfectionAssault","floor":5},{"not_picked":["HollowMod:ChannelNail","HollowMod:GrimmsGift"],"picked":"HollowMod:InfectedAttack","floor":6},{"not_picked":["HollowMod:FallenFury","HollowMod:SharpenedShadows"],"picked":"HollowMod:HeavyBlow","floor":7},{"not_picked":["HollowMod:GoodIntentions","HollowMod:BlackTendrils"],"picked":"HollowMod:MothsMistake","floor":8},{"not_picked":["HollowMod:MidwifesHunger","HollowMod:VengefulVoid","HollowMod:ChannelNail"],"picked":"SKIP","floor":12}],"player_experience":641757,"relics_obtained":[{"floor":6,"key":"StrikeDummy"},{"floor":9,"key":"reliquary:Boomerang"},{"floor":12,"key":"reliquary:IridiumChain"}],"event_choices":[{"damage_healed":0,"gold_gain":0,"player_choice":"Relic ","damage_taken":18,"max_hp_gain":0,"max_hp_loss":0,"event_name":"betterThird:BetterScrap","floor":11,"gold_loss":0,"cards_obtained":["Whirlwind"]}],"is_beta":false,"boss_relics":[],"items_purged_floors":[],"is_endless":false,"potions_floor_spawned":[1,6,12],"killed_by":"HollowMod:FalseKnight","ascension_level":0}}