{"host":"2se5dq1do2gp0x9k","time":1613535748,"event":{"mods":["AchievementEnabler","BaseMod","Block Reminder","Colored Map","Colored Powertips","Minty Spire (QoL Compilation)","Relic Stats","StSLib","SuperFastMode"],"gold_per_floor":[114,39,56,56,76,76,105,105,105,105,117,142,155,169,169,243,243,243,243],"floor_reached":18,"language":"ENG","playtime":513,"items_purged":[],"score":374,"play_id":"584219f0-b242-40ce-8658-88698e282e2c","local_time":"20210216202228","is_ascension_mode":true,"campfire_choices":[{"data":"Eruption","floor":6.0,"key":"SMITH"},{"data":"SashWhip","floor":8.0,"key":"SMITH"},{"data":"BattleHymn","floor":15.0,"key":"SMITH"}],"circlet_count":0,"master_deck":["AscendersBane","Strike_P","Strike_P","Strike_P","Defend_P","Defend_P","Defend_P","Defend_P","Eruption+1","Vigilance","Conclude+1","EmptyFist+1","SashWhip+1","CutThroughFate","BattleHymn+1"],"relics":["PureWater","NeowsBlessing","Mummified Hand","Whetstone","Toy Ornithopter","Philosopher\u0027s Stone"],"acts_visited":["Exordium","TheCity"],"potions_floor_usage":[16,18],"damage_taken":[{"damage":0.0,"enemies":"Small Slimes","floor":1.0,"turns":1.0},{"damage":0.0,"enemies":"Jaw Worm","floor":3.0,"turns":1.0},{"damage":0.0,"enemies":"2 Louse","floor":5.0,"turns":1.0},{"damage":25.0,"enemies":"3 Sentries","floor":7.0,"turns":4.0},{"damage":1.0,"enemies":"Blue Slaver","floor":11.0,"turns":3.0},{"damage":0.0,"enemies":"Lagavulin","floor":12.0,"turns":5.0},{"damage":0.0,"enemies":"Large Slime","floor":13.0,"turns":4.0},{"damage":12.0,"enemies":"Exordium Thugs","floor":14.0,"turns":4.0},{"damage":24,"enemies":"Hexaghost","floor":16,"turns":8},{"damage":63,"enemies":"3 Byrds","floor":18,"turns":5}],"seed_played":"-4858411874763600960","potions_obtained":[{"floor":1.0,"key":"Weak Potion"},{"floor":3.0,"key":"SkillPotion"},{"floor":13.0,"key":"Strength Potion"}],"is_trial":false,"path_per_floor":["M","?","M","?","M","R","E","R","T","?","M","E","M","M","R","B",null,"M"],"character_chosen":"WATCHER","items_purchased":[],"campfire_rested":0,"item_purchase_floors":[],"current_hp_per_floor":[61,61,61,66,66,66,41,41,41,41,40,40,40,28,28,9,57,0,0],"gold":243,"neow_bonus":"THREE_ENEMY_KILL","is_daily":false,"chose_seed":false,"campfire_upgraded":3,"win_rate":0.0,"timestamp":1613535748,"path_taken":["M","?","M","?","M","R","E","R","T","?","M","E","M","M","R","BOSS","M"],"items_purchased_type":[],"build_version":"2020-12-22","purchased_purges":0,"victory":false,"max_hp_per_floor":[68,68,68,73,73,73,73,73,73,73,73,73,73,73,73,73,73,73,73],"relic_stats":{"counters":[10,36],"Mummified Hand":[2],"Whetstone":["Conclude","EmptyFist"],"obtain_stats":[{"NeowsBlessing":0,"Mummified Hand":7,"Philosopher\u0027s Stone":17,"Whetstone":9,"PureWater":0,"Toy Ornithopter":12},{"NeowsBlessing":0,"Mummified Hand":4,"Philosopher\u0027s Stone":9,"Whetstone":4,"PureWater":0,"Toy Ornithopter":6},{"NeowsBlessing":0,"Mummified Hand":7,"Philosopher\u0027s Stone":31,"Whetstone":7,"PureWater":0,"Toy Ornithopter":15}],"Toy Ornithopter":10},"card_choices":[{"not_picked":["PathToVictory","Protect"],"picked":"Conclude","floor":1.0},{"not_picked":["WreathOfFlame","BowlingBash"],"picked":"EmptyFist","floor":3.0},{"not_picked":["FollowUp","EmptyFist","Conclude"],"picked":"SKIP","floor":5.0},{"not_picked":["EmptyFist","ClearTheMind"],"picked":"SashWhip","floor":7.0},{"not_picked":["Prostrate","Judgement","Halt"],"picked":"SKIP","floor":11.0},{"not_picked":["ReachHeaven","FearNoEvil"],"picked":"CutThroughFate","floor":12.0},{"not_picked":["FlyingSleeves","Worship","CrushJoints"],"picked":"SKIP","floor":13.0},{"not_picked":["EmptyFist","SashWhip"],"picked":"BattleHymn","floor":14.0}],"player_experience":4073836,"relics_obtained":[{"floor":7.0,"key":"Mummified Hand"},{"floor":9.0,"key":"Whetstone"},{"floor":12.0,"key":"Toy Ornithopter"}],"event_choices":[{"cards_removed":["Strike_P"],"damage_healed":0.0,"max_hp_gain":0.0,"max_hp_loss":0.0,"gold_gain":0.0,"event_name":"The Cleric","player_choice":"Card Removal","floor":2.0,"gold_loss":75.0,"damage_taken":0.0},{"damage_healed":0.0,"max_hp_gain":5.0,"max_hp_loss":0.0,"gold_gain":0.0,"event_name":"Big Fish","player_choice":"Donut","floor":4.0,"gold_loss":0.0,"damage_taken":0.0},{"damage_healed":0.0,"max_hp_gain":0.0,"max_hp_loss":0.0,"gold_gain":0.0,"event_name":"Liars Game","player_choice":"Ignored","floor":10.0,"gold_loss":0.0,"damage_taken":0.0}],"is_beta":false,"boss_relics":[{"not_picked":["Empty Cage","Sozu"],"picked":"Philosopher\u0027s Stone"}],"items_purged_floors":[],"is_endless":false,"potions_floor_spawned":[1,3,13],"killed_by":"3 Byrds","ascension_level":18}}