{"host":"27wa8ufp4ryspt1p","time":1613545219,"event":{"mods":["2.2 Compatiblity","A Penny For Your Troubles","Abigail Mod","Act Like it!","Aspiration","BaseMod","Better Altar","Better Match","Better Note","Better Skull","Better Third Choice","Colored Map","Conspire","Curses Come First","Dota2Spire","Downfall-Rebalance","Elementarium","Energized Spire","Fox Events","Friendly Minions","Gensokyo","GifTheSpireLib","Gold Saver","Halation","Hallownest","HololiveMod","Hubris","Humility","Infinite Spire","Keyboard Shortcuts","Menagerie","Mimic Mod","Minty Spire (QoL Compilation)","Pale of the Ancients","Poor People Problems","Quarter Circle Forward PUNCH!","Reimu??????","Relic Filter Mod","Relic Sorter","Relic Stats","Reliquary","Replay The Spire","Reworked Bosses","Shop Mod","Spicy Shops","Spikes Relics","Spire Arcade","StSLib","Stuff the Spire","SuperFastMode","The Cursed","The Exalted","The Judge","The Necromancer","Trackpad","Waifu the Spire","Wandering Minibosses","[IsaacMod]????","??????REMEMod","????"],"gold_per_floor":[2619,2619,2010,2023,2023,2023,2041,2070,2107,2107,2122,2152,1639,1676,1676,1747,1764,1779,1779,1779,1827,1855,1855,1875,1875,1906,1938,2019,2050,2050,2065,1966,2043,2060,2110,2385,2385,1626,1637,1637,1660,1660,1690,1690,1729,1604,1680,1719,1719,1733,1778,1859,1928,1928,1349,1349,1400,1400,814,814,854],"floor_reached":62,"language":"SPA","playtime":4113,"items_purged":["Delirium","Vampiric_Strike","Regret"],"score":3351,"play_id":"ad308dd0-41c7-4130-b174-b6a8b75bf798","local_time":"20210217010019","daily_mods":["SealedDeck","Colorless Cards","Heirloom","Elite Swarm","Lethality"],"is_ascension_mode":true,"campfire_choices":[{"data":"Menagerie:BeastSpirit","floor":6.0,"key":"SMITH"},{"data":"Summon_Vampire_Lady","floor":10.0,"key":"SMITH"},{"data":"Summon_Undead_Army","floor":15.0,"key":"SMITH"},{"floor":23.0,"key":"RECALL"},{"data":"infinitespire:NeuralNetwork","floor":25.0,"key":"SMITH"},{"data":"EpicFetus","floor":30.0,"key":"SMITH"},{"data":"Summon_Undead_Army+1","floor":40.0,"key":"SMITH"},{"data":"Menagerie:BeastSpirit+1","floor":42.0,"key":"SMITH"},{"data":"Summon_Undead_Army+2","floor":44.0,"key":"SMITH"},{"data":"Summon_Undead_Army+3","floor":49.0,"key":"SMITH"},{"data":"Bone_Armory","floor":56,"key":"SMITH"},{"data":"REME_MawOfCthun","floor":58,"key":"SMITH"}],"circlet_count":0,"master_deck":["AscendersBane","EpicFetus+1","Good Instincts+1","Bones_to_Steel","Negative_Energy_Sphere","Bone_Armor","Blood_Curse","Spectral_Walk+1","Blood_Curse+1","Blood_Curse+1","Bone_Armor+1","expansioncontent:DefensiveStance+1","REME_EyeOfCthun","Summon_Vampire_Lady+1","Death_March_Dance+1","Menagerie:BeastSpirit+2","BettingIsNotGood","Grasp_Heart","Replay:Bootleg Shield Generator","Reforge","Summon_Undead_Army+4","expansioncontent:DefensiveStance+1","Skeleton_Dragon","REME_BodyOfCthun","Replay:Bootleg Shield Generator+1","REME_MawOfCthun+1","Consume_Illness","infinitespire:NeuralNetwork+1","Blood_Is_Power+1","REME_HeartOfCthun+1","expansioncontent:CaCaw+1","Bones_to_Steel+1","Cloudkill","Bone_Armory+1","Summon_Lich","REME_MawOfCthun+1","expansioncontent:SuperHexaguard+1","ReplayTheSpireMod:Private Reserves","ReplayTheSpireMod:Brewmster","Dark Shackles+1","Bone_Armory+1","expansioncontent:DashGenerateEvil","Parasite","StuffTheSpire:Rapture","Jack Of All Trades","REME_BodyOfCthun","Summon_Lich","Writhe","StuffTheSpire:BrainWave","StuffTheSpire:Ambrosia","StuffTheSpire:Innocence","StuffTheSpire:Brawn"],"relics":["HushsDoor","Nunchaku","Dota2Spire:Satanic","halation:HeavySnake","StuffTheSpire:Saxophone","SatanicBible","Dota2Spire:ArcaneBoots","REME_ComplimentaryCards","StuffTheSpire:Nightcore","D6","hubris:Icosahedron","SteamSale","MerchantsRug","MiniBlackHole","Bag of Marbles","HandDrill","Vampire_Amulet","hubris:TenFootPole","Art of War","Lantern","qcfpunch:Chain_With_Nametags","Tiny Chest","Guardian:BottledAnomaly","hubris:Backtick","Ice Cream","CosmicIsotope","Mirror","aspiration:FetidBarrel","Thread and Needle","conspire:InfiniteJournal","SalivaCoin","Elementarium:ElementariumTrophy","Ring of Misfortune","trackpad:WritersBlock","Replay:M_StaffOfTheSnake","CosmicIsotope","Dota2Spire:MonkeyKingBar","reliquary:BallBearing","paleoftheancients:Timepiece","paleoftheancients:KeyRelic","CultistMask","halation:IllGainedPizza","Replay:Rubber Ducky","HornCleat","paleoftheancients:SoulOfTheVixen","Dota2Spire:BattleFury","Pet Ghost","SpikesRelics:SneckoPlush","Quantum Egg","TheAbacus","hexamod:BolsterEngine"],"acts_visited":["Menagerie:Menagerie","Elementarium:Elementarium","TheBeyond","paleoftheancients:PaleOfTheAncients"],"potions_floor_usage":[51,51,51,51,57,57,61,61],"damage_taken":[{"damage":0.0,"enemies":"Menagerie:2_RABBITS","floor":4.0,"turns":4.0},{"damage":8.0,"enemies":"Menagerie:WhisperingWraith","floor":7.0,"turns":8.0},{"damage":39.0,"enemies":"Menagerie:MaskedSummoner","floor":8.0,"turns":6.0},{"damage":11.0,"enemies":"Menagerie:MonstrousExperiment","floor":9.0,"turns":5.0},{"damage":12.0,"enemies":"Menagerie:MonstrousExperiment","floor":11.0,"turns":4.0},{"damage":0.0,"enemies":"Menagerie:Hydra","floor":12.0,"turns":2.0},{"damage":0.0,"enemies":"Menagerie:KEEPER_AND_YOUNG_SUNEATER","floor":14.0,"turns":5.0},{"damage":0.0,"enemies":"Menagerie:Chimera","floor":16.0,"turns":5.0},{"damage":0.0,"enemies":"Elementarium:VoidCorruption","floor":18.0,"turns":2.0},{"damage":3.0,"enemies":"conspire:MimicChest","floor":21.0,"turns":5.0},{"damage":0.0,"enemies":"Elementarium:2_ELEMENTALS","floor":22.0,"turns":5.0},{"damage":24.0,"enemies":"Elementarium:RubyGolem","floor":24.0,"turns":3.0},{"damage":12.0,"enemies":"Elementarium:CYCLONE_AND_LIVING_STORMCLOUD","floor":26.0,"turns":5.0},{"damage":18.0,"enemies":"Elementarium:ElementalPortal","floor":27.0,"turns":7.0},{"damage":11.0,"enemies":"Nightmare","floor":29.0,"turns":7.0},{"damage":0.0,"enemies":"Elementarium:CYCLONE_AND_LIVING_STORMCLOUD","floor":31.0,"turns":3.0},{"damage":0.0,"enemies":"Elementarium:PHOENIXES","floor":33.0,"turns":7.0},{"damage":8.0,"enemies":"3 Shapes","floor":35.0,"turns":4.0},{"damage":0.0,"enemies":"Orb Walker","floor":39.0,"turns":3.0},{"damage":11.0,"enemies":"Jaw Worm Horde","floor":41.0,"turns":2.0},{"damage":0.0,"enemies":"Spire Growth","floor":43.0,"turns":4.0},{"damage":18.0,"enemies":"Reptomancer","floor":45.0,"turns":5.0},{"damage":2.0,"enemies":"Nightmare","floor":48.0,"turns":6.0},{"damage":10.0,"enemies":"infinitespire:MassOfShapes","floor":50.0,"turns":6.0},{"damage":39,"enemies":"conspire:OrnateMirror","floor":51,"turns":7},{"damage":48,"enemies":"conspire:OrnateMirror","floor":52,"turns":5},{"damage":29,"enemies":"conspire:OrnateMirror","floor":53,"turns":5},{"damage":4,"enemies":"conspire:OrnateMirror","floor":57,"turns":6},{"damage":0,"enemies":"paleoftheancients:N","floor":61,"turns":11}],"seed_played":"-1502054322742414781","potions_obtained":[{"floor":4.0,"key":"Ancient Potion"},{"floor":7.0,"key":"GrandPatriotsElixir:ReiMu"},{"floor":8.0,"key":"Energy Potion"},{"floor":27.0,"key":"ColorlessPotion"},{"floor":29.0,"key":"Explosive Potion"},{"floor":33.0,"key":"Strength Potion"}],"is_trial":true,"path_per_floor":["?","?","$","M","?","R","M","E","MIM","R","M","E","$","M","R","B",null,"M","AVR","?","?","M","R","M","R","MIM","E","T","NM","R","M","R_BF","B",null,"M","?","?","$","M","R","M","R","MIM","R","E","$","T","NM","R","B","B","M","M","?","$","R","M","R","$","?","B",null],"character_chosen":"NECROMANCER","items_purchased":["SteamSale","Summon_Vampire_Lady","MerchantsRug","MiniBlackHole","Bag of Marbles","Death_March_Dance+1","HandDrill","Summon_Undead_Army","Lantern","qcfpunch:Chain_With_Nametags","Tiny Chest","Guardian:BottledAnomaly","Orrery","Bomb","SalivaCoin","Bones_to_Steel+1","Bone_Armory","Summon_Lich","Diplopia","REME_MawOfCthun","SatanicBible","Dota2Spire:ArcaneBoots","StuffTheSpire:Saxophone","reliquary:Buckler","ReplayTheSpireMod:Brewmster","aspiration:Nostalgia","Bone_Armory","halation:IllGainedPizza","Replay:Rubber Ducky","expansioncontent:DashGenerateEvil","HornCleat","halation:Sosunser","Block Potion","Jack Of All Trades","Dota2Spire:BattleFury","REME_BodyOfCthun","Summon_Lich","Pet Ghost","SpikesRelics:SneckoPlush","Quantum Egg","TheAbacus","hexamod:BolsterEngine"],"campfire_rested":0,"item_purchase_floors":[3,3,3,3,3,3,3,13,13,13,13,13,13,32,32,32,34,38,38,38,38,38,38,38,46,46,55,55,55,55,55,55,55,55,59,59,59,59,59,59,59,59],"current_hp_per_floor":[64,64,64,68,66,66,66,39,30,30,29,31,31,52,52,60,65,66,66,66,66,66,66,44,44,50,66,66,66,66,66,66,66,64,64,64,64,64,64,64,59,59,61,61,61,61,61,64,64,64,55,43,43,44,44,44,59,59,59,59,65],"gold":854,"neow_bonus":"","is_daily":false,"chose_seed":false,"campfire_upgraded":11,"win_rate":0.0,"timestamp":1613545219,"path_taken":["?","?","$","M","?","R","M","E","MIM","R","M","E","$","?","R","BOSS","M","AVR","?","?","M","R","M","R","MIM","E","?","NM","R","?","R_BF","BOSS","M","?","?","$","M","R","M","R","MIM","R","E","$","?","NM","R","BOSS","BOSS","M","M","?","$","R","M","R","$","?","BOSS"],"items_purchased_type":["Relic","Card","Relic","Relic","Relic","Card","Relic","Card","Relic","Relic","Relic","Relic","Relic","Card","Relic","Card","Card","Card","Relic","Card","Relic","Relic","Relic","Relic","Card","Relic","Card","Relic","Relic","Card","Relic","Relic","Potion","Card","Relic","Card","Card","Relic","Relic","Relic","Relic","Relic"],"build_version":"2020-12-22","purchased_purges":3,"victory":true,"max_hp_per_floor":[71,71,71,71,66,66,66,66,66,66,66,66,66,66,66,66,66,66,66,66,66,66,66,66,66,66,66,66,66,66,66,66,66,64,64,64,64,64,64,64,64,64,64,64,64,64,64,64,64,64,64,64,64,64,64,64,64,64,64,64,65],"relic_stats":{"Nunchaku":[18],"TheAbacus":[12],"counters":[29,147],"Tiny Chest":2,"HandDrill":[182],"Art of War":[21],"obtain_stats":[{"Ice Cream":17,"halation:HeavySnake":34,"SatanicBible":38,"Dota2Spire:Satanic":43,"HornCleat":55,"trackpad:WritersBlock":45,"Vampire_Amulet":0,"Diplopia":38,"HandDrill":3,"qcfpunch:Chain_With_Nametags":13,"KeepersGift":0,"MerchantsRug":3,"paleoftheancients:KeyRelic":51,"aspiration:Nostalgia":46,"SpikesRelics:SneckoPlush":59,"SteamSale":3,"paleoftheancients:Timepiece":51,"Elementarium:ElementariumTrophy":33,"reliquary:BallBearing":48,"CultistMask":51,"hubris:TenFootPole":9,"CosmicIsotope":19,"HushsDoor":0,"Mirror":19,"Dota2Spire:MonkeyKingBar":47,"Lantern":13,"halation:Sosunser":55,"GnawedLeaf":28,"Pet Ghost":59,"conspire:InfiniteJournal":29,"Replay:Rubber Ducky":55,"Nunchaku":8,"hubris:Icosahedron":2,"hubris:Backtick":17,"TheAbacus":59,"MiniBlackHole":3,"Tiny Chest":13,"reliquary:Buckler":38,"StuffTheSpire:Nightcore":0,"Dota2Spire:ArcaneBoots":38,"Guardian:BottledAnomaly":13,"Replay:M_StaffOfTheSnake":46,"aspiration:FetidBarrel":21,"Quantum Egg":59,"StuffTheSpire:Saxophone":38,"halation:IllGainedPizza":55,"Thread and Needle":27,"Dota2Spire:BattleFury":59,"paleoftheancients:SoulOfTheVixen":57,"D6":0,"Ring of Misfortune":37,"Orrery":13,"Bag of Marbles":3,"Art of War":12,"SalivaCoin":32,"hexamod:BolsterEngine":59,"REME_ComplimentaryCards":0},{"Ice Cream":8,"halation:HeavySnake":17,"SatanicBible":18,"Dota2Spire:Satanic":21,"HornCleat":27,"trackpad:WritersBlock":22,"Vampire_Amulet":0,"Diplopia":18,"HandDrill":0,"qcfpunch:Chain_With_Nametags":6,"KeepersGift":0,"MerchantsRug":0,"paleoftheancients:KeyRelic":25,"aspiration:Nostalgia":22,"SpikesRelics:SneckoPlush":28,"SteamSale":0,"paleoftheancients:Timepiece":25,"Elementarium:ElementariumTrophy":17,"reliquary:BallBearing":23,"CultistMask":25,"hubris:TenFootPole":4,"CosmicIsotope":9,"HushsDoor":0,"Mirror":9,"Dota2Spire:MonkeyKingBar":22,"Lantern":6,"halation:Sosunser":27,"GnawedLeaf":14,"Pet Ghost":28,"conspire:InfiniteJournal":15,"Replay:Rubber Ducky":27,"Nunchaku":3,"hubris:Icosahedron":0,"hubris:Backtick":8,"TheAbacus":28,"MiniBlackHole":0,"Tiny Chest":6,"reliquary:Buckler":18,"StuffTheSpire:Nightcore":0,"Dota2Spire:ArcaneBoots":18,"Guardian:BottledAnomaly":6,"Replay:M_StaffOfTheSnake":22,"aspiration:FetidBarrel":10,"Quantum Egg":28,"StuffTheSpire:Saxophone":18,"halation:IllGainedPizza":27,"Thread and Needle":14,"Dota2Spire:BattleFury":28,"paleoftheancients:SoulOfTheVixen":28,"D6":0,"Ring of Misfortune":18,"Orrery":6,"Bag of Marbles":0,"Art of War":6,"SalivaCoin":16,"hexamod:BolsterEngine":28,"REME_ComplimentaryCards":0},{"Ice Cream":39,"halation:HeavySnake":83,"SatanicBible":87,"Dota2Spire:Satanic":96,"HornCleat":130,"trackpad:WritersBlock":101,"Vampire_Amulet":0,"Diplopia":87,"HandDrill":0,"qcfpunch:Chain_With_Nametags":29,"KeepersGift":0,"MerchantsRug":0,"paleoftheancients:KeyRelic":120,"aspiration:Nostalgia":101,"SpikesRelics:SneckoPlush":136,"SteamSale":0,"paleoftheancients:Timepiece":120,"Elementarium:ElementariumTrophy":83,"reliquary:BallBearing":107,"CultistMask":120,"hubris:TenFootPole":23,"CosmicIsotope":41,"HushsDoor":0,"Mirror":41,"Dota2Spire:MonkeyKingBar":101,"Lantern":29,"halation:Sosunser":130,"GnawedLeaf":66,"Pet Ghost":136,"conspire:InfiniteJournal":73,"Replay:Rubber Ducky":130,"Nunchaku":18,"hubris:Icosahedron":0,"hubris:Backtick":39,"TheAbacus":136,"MiniBlackHole":0,"Tiny Chest":29,"reliquary:Buckler":87,"StuffTheSpire:Nightcore":0,"Dota2Spire:ArcaneBoots":87,"Guardian:BottledAnomaly":29,"Replay:M_StaffOfTheSnake":101,"aspiration:FetidBarrel":46,"Quantum Egg":136,"StuffTheSpire:Saxophone":87,"halation:IllGainedPizza":130,"Thread and Needle":66,"Dota2Spire:BattleFury":136,"paleoftheancients:SoulOfTheVixen":136,"D6":0,"Ring of Misfortune":87,"Orrery":29,"Bag of Marbles":0,"Art of War":29,"SalivaCoin":76,"hexamod:BolsterEngine":136,"REME_ComplimentaryCards":0}]},"card_choices":[{"not_picked":[],"picked":"EpicFetus","floor":0.0},{"not_picked":["expansioncontent:ChargeUp","Trip","Bone_Shift"],"picked":"SKIP","floor":4.0},{"not_picked":["Blood_Whip","Consume_Illness"],"picked":"BettingIsNotGood","floor":7.0},{"not_picked":["Magnetism","BloodyBrimstone"],"picked":"Grasp_Heart","floor":8.0},{"not_picked":["Bones_to_Steel","Negative_Energy_Mist"],"picked":"Vampiric_Strike","floor":9.0},{"not_picked":["Negative_Energy_Javelin","Bone_Spikes"],"picked":"Replay:Bootleg Shield Generator","floor":11.0},{"not_picked":["Secret Technique","REME_BuildACard"],"picked":"Reforge","floor":12.0},{"not_picked":["Degenerate","expansioncontent:Hexaburn"],"picked":"expansioncontent:DefensiveStance","floor":13.0},{"not_picked":["Death_March_Dance","Chill_Blood"],"picked":"Skeleton_Dragon","floor":13.0},{"not_picked":["Consume_Illness","Bones_to_Steel"],"picked":"REME_BodyOfCthun","floor":13.0},{"not_picked":["Bones_to_Steel","expansioncontent:PolyBeam"],"picked":"Replay:Bootleg Shield Generator","floor":14.0},{"not_picked":["Apotheosis","Master of Strategy"],"picked":"REME_MawOfCthun","floor":16.0},{"not_picked":["Degenerate","Blood_Curse"],"picked":"Consume_Illness","floor":18.0},{"not_picked":["Finger_Of_Death","Shackles_Of_Pain"],"picked":"Blood_Is_Power","floor":22.0},{"not_picked":["Chill_Blood","expansioncontent:YouAreMine","StuffTheSpire:PlasmaPulse"],"picked":"SKIP","floor":24.0},{"not_picked":["expansioncontent:Corrupt","Skeleton_Dragon"],"picked":"REME_HeartOfCthun","floor":27.0},{"not_picked":["REME_AllRoundStrike","ReplayTheSpireMod:Necrogeddon","expansioncontent:QuickStudy"],"picked":"SKIP","floor":29.0},{"not_picked":["Bone_Prison","Bones_to_Steel"],"picked":"expansioncontent:CaCaw","floor":31.0},{"not_picked":["REME_PuzzleBox","Master of Strategy"],"picked":"Cloudkill","floor":33.0},{"not_picked":["BettingIsNotGood","Negative_Energy_Javelin","Finger_Of_Death"],"picked":"SKIP","floor":35.0},{"not_picked":["expansioncontent:FaceSlap","PlatinumSkin+1","Bones_to_Steel"],"picked":"SKIP","floor":39.0},{"not_picked":["Deaths_Shadow","Negative_Energy_Sphere"],"picked":"expansioncontent:SuperHexaguard+1","floor":41.0},{"not_picked":["Bomb","Death_Coil"],"picked":"ReplayTheSpireMod:Private Reserves","floor":43.0},{"not_picked":["StuffTheSpire:Recharge","Metamorphosis"],"picked":"ChaosCard","floor":45.0},{"not_picked":["ReplayTheSpireMod:Brewmster","The Bomb","Requiem"],"picked":"SKIP","floor":48.0},{"not_picked":["Negative_Energy_Mist","Consume_Illness"],"picked":"Dark Shackles+1","floor":52},{"not_picked":["Vampiric_Strike+1","Chill_Blood","Bones_to_Steel+1"],"picked":"SKIP","floor":53},{"not_picked":["Blood_Curse","Bone_Shift","Plague_Bolt"],"picked":"SKIP","floor":57}],"player_experience":4021369,"relics_obtained":[{"floor":7.0,"key":"Vampire_Amulet"},{"floor":8.0,"key":"Nunchaku"},{"floor":9.0,"key":"hubris:TenFootPole"},{"floor":12.0,"key":"Art of War"},{"floor":21.0,"key":"aspiration:FetidBarrel"},{"floor":27.0,"key":"Thread and Needle"},{"floor":28.0,"key":"GnawedLeaf"},{"floor":29.0,"key":"conspire:InfiniteJournal"},{"floor":37.0,"key":"Ring of Misfortune"},{"floor":43.0,"key":"Dota2Spire:Satanic"},{"floor":45.0,"key":"trackpad:WritersBlock"},{"floor":47.0,"key":"Dota2Spire:MonkeyKingBar"},{"floor":48.0,"key":"reliquary:BallBearing"},{"floor":57,"key":"paleoftheancients:SoulOfTheVixen"}],"event_choices":[{"damage_healed":0.0,"max_hp_gain":0.0,"max_hp_loss":5.0,"gold_gain":0.0,"event_name":"Menagerie:BeastSpiritShrine","player_choice":"Knelt","floor":5.0,"gold_loss":0.0,"damage_taken":0.0,"cards_obtained":["Menagerie:BeastSpirit"]},{"damage_healed":0.0,"max_hp_gain":0.0,"max_hp_loss":0.0,"gold_gain":0.0,"event_name":"Elementarium:ElementalBlades","player_choice":"Ignored","floor":20.0,"gold_loss":0.0,"damage_taken":0.0},{"damage_healed":0.0,"max_hp_gain":0.0,"max_hp_loss":0.0,"gold_gain":275.0,"event_name":"Golden Shrine","player_choice":"Desecrate","floor":36.0,"gold_loss":0.0,"damage_taken":0.0,"cards_obtained":["Regret"]},{"damage_healed":1,"gold_gain":0,"player_choice":"LEAVE ","damage_taken":0,"relics_obtained":[],"max_hp_gain":0,"max_hp_loss":0,"event_name":"betterSkull:BetterSkull","floor":54,"gold_loss":0,"cards_upgraded":[]}],"is_beta":false,"boss_relics":[{"not_picked":["Replay:Ancient Bell","Bromod:ArcaneGrace"],"picked":"hubris:Backtick"},{"not_picked":[]},{"not_picked":["Sozu","Snecko Eye"],"picked":"halation:HeavySnake"},{"not_picked":[]}],"items_purged_floors":[3,32,38],"is_endless":false,"potions_floor_spawned":[4,7,8,27,29,31,33,48,57],"ascension_level":20,"is_humility":true}}