{"host":"gvmmh8a4dbuurnvz","time":1613527150,"event":{"mods":["100% Spire Juice","AchievementEnabler","Aspiration","BaseMod","Better Vampires","BetterRewards","Colored Powertips","Highlight Path","Marisa£®ÏF”Í°°ƒß¿Ì…≥£©","Minty Spire (QoL Compilation)","MostiFishMod","Remilia£®¿Ÿ√◊¿Ú—«£©","Spicy Shops","StSLib","The Cursed","The Runesmith","The Servant 0.9.4","Youmu£®ªÍ∆«—˝√Œ£©","°æ“≈ŒÔø®≈∆°øREMEMod"],"gold_per_floor":[114,129,129,129,144,144,159,159,159,59,59,89,39,39,39,139,139,154,154,74,89,89,119,119,134,209,224,76,76,91,91,91,191,191,206,206,221,236,251,281,296,326,326,341,341,341,356,86,86,86],"floor_reached":51,"language":"ZHS","playtime":1639,"items_purged":["Injury","Strike_G","Defend_P"],"score":1052,"play_id":"25747318-9dc1-4ee8-b418-2502ec805248","local_time":"20210217095910","daily_mods":["Chimera","Colorless Cards","Terminal"],"is_ascension_mode":false,"campfire_choices":[{"data":"REME_HeartOfCthun","floor":6.0,"key":"SMITH"},{"data":"TheCursedMod:CircleOfCorruption","floor":11.0,"key":"SMITH"},{"data":"Eruption","floor":15.0,"key":"SMITH"},{"data":"Mayhem","floor":24.0,"key":"SMITH"},{"data":"Terror","floor":32,"key":"SMITH"},{"data":"REME_EyeOfCthun","floor":46,"key":"SMITH"},{"data":"TheCursedMod:Wield","floor":49,"key":"SMITH"}],"circlet_count":0,"master_deck":["Survivor","Eruption+1","Defend_R+1","REME_HeartOfCthun+1","Terror+1","Quick Slash","TheCursedMod:Wield+1","TheCursedMod:CircleOfCorruption+1","TheCursedMod:CircleOfCorruption+1","Master of Strategy+1","Mayhem+1","TheCursedMod:CircleOfFlame+1","REME_EyeOfCthun+1","Master of Strategy+1","Madness+1"],"relics":["TheCursedMod:BlackMagic101","DaveBox","REME_ComplimentaryCards","OneHitWonderSystem","SynthV:TestCard","Toxic Egg 2","The Courier","Pocketwatch","PatriotShield","ThornShield","MutagenicStrength","ChiXiaoBlade","aspiration:HummingbirdHeart","Singing Bowl","Toy Ornithopter"],"acts_visited":["Exordium","TheCity","TheBeyond"],"potions_floor_usage":[50,50],"damage_taken":[{"damage":0.0,"enemies":"2 Louse","floor":1.0,"turns":1.0},{"damage":0.0,"enemies":"Small Slimes","floor":2.0,"turns":2.0},{"damage":0.0,"enemies":"Cultist","floor":5.0,"turns":2.0},{"damage":0.0,"enemies":"Looter","floor":7.0,"turns":2.0},{"damage":0.0,"enemies":"3 Sentries","floor":12.0,"turns":2.0},{"damage":0.0,"enemies":"Hexaghost","floor":16.0,"turns":4.0},{"damage":0.0,"enemies":"Spheric Guardian","floor":18.0,"turns":1.0},{"damage":0.0,"enemies":"2 Thieves","floor":21.0,"turns":1.0},{"damage":0.0,"enemies":"REME_1_Revenger","floor":23.0,"turns":2.0},{"damage":0.0,"enemies":"Cultist and Chosen","floor":25.0,"turns":2.0},{"damage":0.0,"enemies":"Snake Plant","floor":27.0,"turns":2.0},{"damage":0,"enemies":"Shelled Parasite and Fungi","floor":30,"turns":2},{"damage":0,"enemies":"Automaton","floor":33,"turns":4},{"damage":0,"enemies":"3 Darklings","floor":35,"turns":1},{"damage":0,"enemies":"Orb Walker","floor":37,"turns":1},{"damage":0,"enemies":"3 Darklings","floor":38,"turns":2},{"damage":0,"enemies":"Maw","floor":39,"turns":1},{"damage":0,"enemies":"Reptomancer","floor":40,"turns":1},{"damage":0,"enemies":"Sphere and 2 Shapes","floor":41,"turns":1},{"damage":0,"enemies":"Giant Head","floor":42,"turns":2},{"damage":0,"enemies":"Jaw Worm Horde","floor":44,"turns":2},{"damage":0,"enemies":"Transient","floor":47,"turns":3},{"damage":0,"enemies":"Donu and Deca","floor":50,"turns":2}],"seed_played":"6706742764168558924","potions_obtained":[{"floor":1.0,"key":"EssenceOfSteel"},{"floor":2.0,"key":"FearPotion"},{"floor":12.0,"key":"SpeedPotion"},{"floor":21.0,"key":"CultistPotion"},{"floor":27.0,"key":"DistilledChaos"},{"floor":35,"key":"BlessingOfTheForge"}],"is_trial":false,"path_per_floor":["M","M","?","?","M","R","M","?","T","$","R","E","?","$","R","B",null,"M","?","$","M","$","E","R","M","T","M","$","?","M","?","R","B",null,"M","?","M","M","M","E","M","E","T","M","?","R","M","$","R","B",null],"character_chosen":"THE_CURSED","items_purchased":["TheCursedMod:CircleOfCorruption+1","REME_EyeOfCthun","Toy Ornithopter","Madness+1"],"campfire_rested":0,"item_purchase_floors":[10,28,48,48],"current_hp_per_floor":[1,1,1,1,1,1,1,1,1,1,1,1,1,1,1,1,1,1,1,1,1,1,1,1,1,1,1,1,1,1,1,1,1,1,1,1,1,1,1,1,1,1,1,2,1,1,1,1,1,1],"gold":86,"neow_bonus":"","is_daily":true,"chose_seed":false,"campfire_upgraded":7,"win_rate":0.0,"timestamp":1613527150,"path_taken":["M","M","?","?","M","R","?","?","T","$","R","E","?","?","R","BOSS","M","?","$","?","$","E","R","M","T","M","$","?","M","?","R","BOSS","M","?","M","M","M","E","M","E","T","M","?","R","M","$","R","BOSS"],"items_purchased_type":["Card","Card","Relic","Card"],"build_version":"2020-12-22","purchased_purges":3,"victory":true,"max_hp_per_floor":[1,1,1,1,1,1,1,1,1,1,1,1,1,1,1,1,1,1,1,1,1,1,1,1,1,1,1,1,1,1,1,1,1,1,1,1,1,1,1,1,1,1,1,2,1,1,1,1,1,1],"card_choices":[{"not_picked":["TheCursedMod:RavingStaff","TheCursedMod:SpitefulStrike","TheCursedMod:AshesToAshes"],"picked":"SKIP","floor":1.0},{"not_picked":["TheCursedMod:Torture","Jack Of All Trades","TheCursedMod:Wield","TheCursedMod:TacticalStrike","REME_MagicPocketWatch"],"picked":"SKIP","floor":2.0},{"not_picked":["Forethought","TheCursedMod:Hemoplague","TheCursedMod:CircleOfCorruption","TheCursedMod:Torture"],"picked":"TheCursedMod:Wield","floor":5.0},{"not_picked":["TheCursedMod:SurpriseAttack","TheCursedMod:SpreadPlague","TheCursedMod:Torture","REME_MagicPocketWatch"],"picked":"TheCursedMod:CircleOfCorruption","floor":7.0},{"not_picked":["TheCursedMod:Stigma","REME_TheoryOfElimination+1","TheCursedMod:BlessingInDisguise+1","REME_ShortnessOfBreath+1"],"picked":"Master of Strategy+1","floor":12.0},{"not_picked":["TheCursedMod:TacticalStrike","Jack Of All Trades+1","TheCursedMod:Mangle","TheCursedMod:ManaBullet","TheCursedMod:TroublousMinions+1"],"picked":"SKIP","floor":18.0},{"not_picked":["TheCursedMod:Stigma+1","TheCursedMod:CursedMace+1","TheCursedMod:CursedStaff","TheCursedMod:Wield","TheCursedMod:CursedBlade"],"picked":"SKIP","floor":21.0},{"not_picked":["TheCursedMod:CursedMace","TheCursedMod:Torture+1","TheCursedMod:Wield","TheCursedMod:SmokeScreen+1","TheCursedMod:CursedBlade"],"picked":"SKIP","floor":23.0},{"not_picked":["REME_Flogging","Swift Strike+1","TheCursedMod:CursedAmulet+1","TheCursedMod:CircleOfAmplification+1","TheCursedMod:TacticalStrike"],"picked":"SKIP","floor":25.0},{"not_picked":["TheCursedMod:CursedMace","Deep Breath+1","TheCursedMod:SpitefulStrike+1","REME_TheoryOfElimination+1"],"picked":"TheCursedMod:CircleOfFlame+1","floor":27.0},{"not_picked":["TheCursedMod:BloodBarrier+1","TheCursedMod:VitalStrike","TheCursedMod:SpitefulStrike","TheCursedMod:Wield+1","TheCursedMod:SmokeScreen+1"],"picked":"SKIP","floor":30},{"not_picked":["REME_BattleFury","TheCursedMod:UltimatePain+1","Sadistic Nature","TheCursedMod:ParallelWorld+1"],"picked":"Master of Strategy+1","floor":33},{"not_picked":["REME_MagicPocketWatch+1","TheCursedMod:CircleOfCorruption+1","TheCursedMod:WearCloak+1","TheCursedMod:TacticalStrike+1","Bandage Up+1"],"picked":"SKIP","floor":35},{"not_picked":["TheCursedMod:Stretching+1","TheCursedMod:CircleOfAmplification+1","TheCursedMod:HellsGateOpen","TheCursedMod:Torture+1","TheCursedMod:CursedBlade"],"picked":"SKIP","floor":37},{"not_picked":["TheCursedMod:RavingStaff+1","MostiFishMod:ButterFly+1","TheCursedMod:WearCloak+1","TheCursedMod:VitalStrike+1","TheCursedMod:ReleasedKnowledge+1"],"picked":"SKIP","floor":38},{"not_picked":["TheCursedMod:ReleasedStrength+1","TheCursedMod:CircleOfCorruption+1","TheCursedMod:CursedShiv+1","TheCursedMod:AshesToAshes+1","TheCursedMod:CursedMace"],"picked":"SKIP","floor":39},{"not_picked":["The Bomb+1","MostiFishMod:SupremeArchaeology+1","MostiFishMod:ButterFly","TheCursedMod:CursedAmulet+1","TheCursedMod:VitalStrike+1"],"picked":"SKIP","floor":40},{"not_picked":["TheCursedMod:Wield","TheCursedMod:TacticalStrike+1","TheCursedMod:Stretching+1","TheCursedMod:Grudge+1","TheCursedMod:Torture+1"],"picked":"SKIP","floor":41},{"not_picked":["TheCursedMod:FleshFromBone+1","TheCursedMod:SmokeScreen+1","TheCursedMod:CursedBlade+1","TheCursedMod:SurpriseAttack+1","REME_WheelOfFate+1"],"picked":"SKIP","floor":42},{"not_picked":["TheCursedMod:Torture+1","TheCursedMod:CursedShiv","TheCursedMod:RavingStaff","TheCursedMod:RapidMovement+1","TheCursedMod:TacticalStrike"],"picked":"Singing Bowl","floor":44},{"not_picked":["TheCursedMod:RapidMovement+1","TheCursedMod:Wield","MostiFishMod:OneDayCity+1","TheCursedMod:CursedAmulet+1","TheCursedMod:CursedStaff+1"],"picked":"SKIP","floor":47}],"player_experience":351119,"relics_obtained":[{"floor":1.0,"key":"SynthV:TestCard"},{"floor":9.0,"key":"The Courier"},{"floor":12.0,"key":"Pocketwatch"},{"floor":23.0,"key":"ThornShield"},{"floor":40,"key":"aspiration:HummingbirdHeart"},{"floor":43,"key":"Singing Bowl"}],"event_choices":[{"damage_healed":0.0,"max_hp_gain":0.0,"max_hp_loss":0.0,"gold_gain":0.0,"event_name":"Shining Light","player_choice":"Entered Light","floor":3.0,"gold_loss":0.0,"damage_taken":0.0,"cards_upgraded":["Defend_R","Strike_R"]},{"cards_removed":["Zap"],"damage_healed":0.0,"max_hp_gain":0.0,"max_hp_loss":0.0,"gold_gain":0.0,"event_name":"The Cleric","player_choice":"Card Removal","floor":13.0,"gold_loss":50.0,"damage_taken":0.0},{"damage_healed":0.0,"max_hp_gain":0.0,"max_hp_loss":0.0,"gold_gain":0.0,"cards_transformed":["Riddle With Holes"],"event_name":"Transmorgrifier","player_choice":"Transformed","floor":19.0,"gold_loss":0.0,"damage_taken":0.0,"cards_obtained":["Mayhem"]},{"damage_healed":0,"gold_gain":0,"player_choice":"Inject Mutagens","damage_taken":0,"relics_obtained":["MutagenicStrength"],"max_hp_gain":0,"max_hp_loss":0,"event_name":"Drug Dealer","floor":29,"gold_loss":0},{"cards_removed":["Strike_R"],"damage_healed":0,"gold_gain":0,"player_choice":"Elegance","damage_taken":0,"max_hp_gain":0,"max_hp_loss":0,"event_name":"Back to Basics","floor":31,"gold_loss":0},{"damage_healed":0,"gold_gain":0,"player_choice":"Max HP","damage_taken":0,"max_hp_gain":0,"max_hp_loss":0,"event_name":"Winding Halls","floor":36,"gold_loss":0},{"damage_healed":0,"gold_gain":0,"player_choice":"Bought 0 Potions","damage_taken":0,"max_hp_gain":0,"max_hp_loss":0,"event_name":"The Woman in Blue","floor":45,"gold_loss":0}],"is_beta":false,"boss_relics":[{"not_picked":["REME_DuelDisc","JellyFishMachine"],"picked":"PatriotShield"},{"not_picked":["Philosopher\u0027s Stone","TheCursedMod:FourLeafCloverCharm"],"picked":"ChiXiaoBlade"}],"items_purged_floors":[10,20,48],"is_endless":false,"potions_floor_spawned":[1,2,12,21,27,30,35,40,44,47],"ascension_level":0}}