{"host":"rolltorest","time":1613528207,"event":{"mods":["BaseMod","Minty Spire (QoL Compilation)","Relic Stats","Slay the Relics Exporter","StSLib"],"gold_per_floor":[130,130,73,112,156,189,189,245,269,269,318,369,369,395,395,518,518,568,65,109,154,192,251,251,320,320,368,387,453,453,526,526,649,649,688,688,336,336,382,382,428,489,489,98,137,203,228,266,266,316,316,316,316,57,142,142,142],"floor_reached":56,"language":"ENG","playtime":2511,"items_purged":["Strike_P","Strike_P","Strike_P","Parasite"],"score":2383,"play_id":"99b2e862-3bb4-4941-9517-55f020b788e6","local_time":"20210216181647","is_ascension_mode":true,"campfire_choices":[{"data":"HandOfGreed","floor":10,"key":"SMITH"},{"data":"Eruption","floor":13,"key":"SMITH"},{"data":"Vigilance","floor":15,"key":"SMITH"},{"floor":30,"key":"REST"},{"data":"TalkToTheHand","floor":32,"key":"SMITH"},{"data":"Apotheosis","floor":40,"key":"SMITH"},{"floor":49,"key":"RECALL"},{"data":"Nirvana","floor":53,"key":"SMITH"}],"circlet_count":0,"master_deck":["AscendersBane","Strike_P","Defend_P+1","Defend_P","Defend_P","Defend_P+1","Eruption+1","Vigilance+1","HandOfGreed+1","EmptyFist","Consecrate","CutThroughFate","FlurryOfBlows","CarveReality","MentalFortress","CutThroughFate","Blasphemy+1","Nirvana+1","Adaptation","DeusExMachina","EmptyMind","TalkToTheHand+1","WaveOfTheHand","ClearTheMind","CutThroughFate","CutThroughFate","ThirdEye","CutThroughFate","Trip","Apotheosis+1","Wireheading+1","TalkToTheHand","Scrawl","Adaptation+1","TalkToTheHand+1","CutThroughFate","WheelKick","FearNoEvil","Protect+1","CutThroughFate"],"relics":["PureWater","Golden Idol","Orichalcum","War Paint","Odd Mushroom","Akabeko","Cursed Key","Bag of Preparation","Sling","MealTicket","Art of War","Frozen Egg 2","Potion Belt","VioletLotus","Pen Nib","DollysMirror","GoldenEye","Yang"],"acts_visited":["Exordium","TheCity","TheBeyond","TheEnding"],"potions_floor_usage":[8,16,20,22,28,31,33,33,46,50,51,55,55,56,56],"damage_taken":[{"damage":0,"enemies":"2 Louse","floor":1,"turns":2},{"damage":0,"enemies":"Small Slimes","floor":4,"turns":2},{"damage":0,"enemies":"Cultist","floor":5,"turns":3},{"damage":17,"enemies":"Lagavulin","floor":6,"turns":6},{"damage":0,"enemies":"Gremlin Nob","floor":8,"turns":2},{"damage":0,"enemies":"Blue Slaver","floor":11,"turns":1},{"damage":6,"enemies":"The Mushroom Lair","floor":12,"turns":3},{"damage":4,"enemies":"Hexaghost","floor":16,"turns":6},{"damage":0,"enemies":"2 Thieves","floor":18,"turns":1},{"damage":0,"enemies":"Shell Parasite","floor":20,"turns":2},{"damage":23,"enemies":"Shelled Parasite and Fungi","floor":21,"turns":6},{"damage":6,"enemies":"Cultist and Chosen","floor":22,"turns":3},{"damage":0,"enemies":"Gremlin Leader","floor":23,"turns":5},{"damage":0,"enemies":"Book of Stabbing","floor":25,"turns":3},{"damage":6,"enemies":"3 Cultists","floor":27,"turns":4},{"damage":0,"enemies":"Snake Plant","floor":28,"turns":3},{"damage":15,"enemies":"Gremlin Leader","floor":29,"turns":5},{"damage":0,"enemies":"Centurion and Healer","floor":31,"turns":8},{"damage":1,"enemies":"Champ","floor":33,"turns":12},{"damage":0,"enemies":"Orb Walker","floor":35,"turns":2},{"damage":2,"enemies":"3 Shapes","floor":39,"turns":5},{"damage":9,"enemies":"Sphere and 2 Shapes","floor":41,"turns":7},{"damage":0,"enemies":"Giant Head","floor":42,"turns":5},{"damage":21,"enemies":"4 Shapes","floor":45,"turns":8},{"damage":0,"enemies":"Nemesis","floor":46,"turns":3},{"damage":0,"enemies":"Spire Growth","floor":47,"turns":2},{"damage":0,"enemies":"Sphere and 2 Shapes","floor":48,"turns":4},{"damage":0,"enemies":"Donu and Deca","floor":50,"turns":9},{"damage":9,"enemies":"Time Eater","floor":51,"turns":8},{"damage":41,"enemies":"Shield and Spear","floor":55,"turns":8},{"damage":34,"enemies":"The Heart","floor":56,"turns":3}],"seed_played":"-6560170486127041206","potions_obtained":[{"floor":6,"key":"Energy Potion"},{"floor":8,"key":"Strength Potion"},{"floor":11,"key":"Fire Potion"},{"floor":20,"key":"PowerPotion"},{"floor":23,"key":"SmokeBomb"},{"floor":25,"key":"Block Potion"},{"floor":29,"key":"Block Potion"},{"floor":31,"key":"Strength Potion"},{"floor":33,"key":"SteroidPotion"},{"floor":47,"key":"PowerPotion"},{"floor":55,"key":"DuplicationPotion"}],"is_trial":false,"path_per_floor":["M","?","$","M","M","E","?","E","T","R","M","?","R","T","R","B",null,"M","$","M","M","M","E","?","E","T","M","M","E","R","M","R","B",null,"M","?","$","?","M","R","M","E","T","$","M","E","M","M","R","B","B",null,"R","$","E","B"],"character_chosen":"WATCHER","items_purchased":["Consecrate","Bag of Preparation","Nirvana","Sling","Fire Potion","Wireheading+1","PowerPotion","BottledMiracle","Strength Potion","Adaptation+1","DollysMirror","CutThroughFate","PowerPotion","SkillPotion"],"campfire_rested":1,"item_purchase_floors":[3,19,19,19,19,37,37,37,37,44,44,44,54,54],"current_hp_per_floor":[61,56,56,56,56,39,44,44,44,44,44,38,38,38,38,34,54,54,54,54,31,25,25,25,25,25,19,19,4,22,22,22,21,51,51,41,56,56,54,54,45,45,45,60,39,39,39,39,39,39,30,53,53,58,17,0,0],"gold":142,"neow_bonus":"RANDOM_COLORLESS_2","is_daily":false,"chose_seed":false,"campfire_upgraded":6,"win_rate":0.0,"timestamp":1613528207,"path_taken":["M","?","$","M","M","E","?","E","T","R","M","?","R","?","R","BOSS","M","?","M","M","M","E","?","E","T","?","M","E","R","M","R","BOSS","M","?","$","?","M","R","M","E","T","?","M","E","?","M","R","BOSS","BOSS","R","$","E","BOSS"],"items_purchased_type":["Card","Relic","Card","Relic","Potion","Card","Potion","Potion","Potion","Card","Relic","Card","Potion","Potion"],"build_version":"2020-12-18","purchased_purges":4,"victory":false,"max_hp_per_floor":[62,56,56,56,56,56,61,61,61,61,61,61,61,61,61,61,61,61,61,61,61,61,61,61,61,61,61,61,61,61,61,61,61,61,61,61,61,61,61,61,61,61,61,61,61,61,61,61,61,61,61,61,61,58,58,58,58],"relic_stats":{"counters":[31,141],"Golden Idol":209,"Yang":[9],"Pen Nib":[14],"Bag of Preparation":[44],"Orichalcum":[66],"War Paint":["Defend_P","Defend_P"],"Cursed Key":1,"GoldenEye":[100],"MealTicket":38,"VioletLotus":[21],"Art of War":[7],"obtain_stats":[{"Potion Belt":29,"Golden Idol":2,"Yang":55,"Pen Nib":42,"Bag of Preparation":19,"Orichalcum":6,"War Paint":8,"Odd Mushroom":12,"Frozen Egg 2":26,"Cursed Key":17,"Sling":19,"GoldenEye":46,"Akabeko":14,"DollysMirror":44,"MealTicket":23,"VioletLotus":34,"Art of War":25,"PureWater":0},{"Potion Belt":17,"Golden Idol":1,"Yang":30,"Pen Nib":23,"Bag of Preparation":9,"Orichalcum":4,"War Paint":5,"Odd Mushroom":7,"Frozen Egg 2":14,"Cursed Key":8,"Sling":9,"GoldenEye":25,"Akabeko":7,"DollysMirror":23,"MealTicket":13,"VioletLotus":19,"Art of War":14,"PureWater":0},{"Potion Belt":57,"Golden Idol":2,"Yang":138,"Pen Nib":96,"Bag of Preparation":26,"Orichalcum":13,"War Paint":15,"Odd Mushroom":19,"Frozen Egg 2":45,"Cursed Key":25,"Sling":26,"GoldenEye":107,"Akabeko":19,"DollysMirror":96,"MealTicket":42,"VioletLotus":77,"Art of War":45,"PureWater":0}]},"card_choices":[{"not_picked":["Sadistic Nature","Violence"],"picked":"HandOfGreed","floor":0},{"not_picked":["Evaluate","SashWhip"],"picked":"EmptyFist","floor":1},{"not_picked":["Worship","WindmillStrike","SignatureMove"],"picked":"SKIP","floor":4},{"not_picked":["ClearTheMind","Evaluate"],"picked":"CutThroughFate","floor":5},{"not_picked":["Vengeance","ThirdEye"],"picked":"FlurryOfBlows","floor":6},{"not_picked":["Evaluate","MasterReality"],"picked":"CarveReality","floor":8},{"not_picked":["ClearTheMind","Worship"],"picked":"MentalFortress","floor":11},{"not_picked":["FollowUp","Consecrate"],"picked":"CutThroughFate","floor":12},{"not_picked":["Establishment","Judgement"],"picked":"Blasphemy","floor":16},{"not_picked":["Protect","PathToVictory+1","Swivel"],"picked":"SKIP","floor":18},{"not_picked":["CrushJoints","Protect"],"picked":"Adaptation","floor":20},{"not_picked":["ThirdEye","JustLucky"],"picked":"DeusExMachina","floor":21},{"not_picked":["Prostrate","Swivel"],"picked":"EmptyMind","floor":22},{"not_picked":["Devotion","Collect"],"picked":"TalkToTheHand","floor":23},{"not_picked":["ClearTheMind","Vengeance"],"picked":"WaveOfTheHand","floor":25},{"not_picked":["ForeignInfluence","FollowUp"],"picked":"ClearTheMind","floor":27},{"not_picked":["Consecrate","PathToVictory"],"picked":"CutThroughFate","floor":28},{"not_picked":["WreathOfFlame","Fasting2+1"],"picked":"CutThroughFate","floor":29},{"not_picked":["ClearTheMind+1","JustLucky"],"picked":"ThirdEye","floor":31},{"not_picked":["Judgement","Devotion+1"],"picked":"Ragnarok","floor":33},{"not_picked":["ThirdEye+1","JustLucky"],"picked":"CutThroughFate","floor":35},{"not_picked":["PanicButton","Mind Blast"],"picked":"Trip","floor":36},{"not_picked":["Dramatic Entrance","PanicButton"],"picked":"Apotheosis","floor":36},{"not_picked":["BowlingBash","SashWhip"],"picked":"TalkToTheHand","floor":39},{"not_picked":["Indignation+1","FlurryOfBlows","WreathOfFlame+1"],"picked":"SKIP","floor":41},{"not_picked":["Protect+1","WheelKick"],"picked":"Scrawl","floor":42},{"not_picked":["BattleHymn+1","EmptyFist+1"],"picked":"WheelKick","floor":45},{"not_picked":["PathToVictory+1","FlyingSleeves"],"picked":"FearNoEvil","floor":46},{"not_picked":["Collect","Adaptation+1"],"picked":"Protect+1","floor":47},{"not_picked":["Prostrate","WheelKick","EmptyFist"],"picked":"SKIP","floor":48},{"not_picked":["FlyingSleeves+1","MasterReality+1"],"picked":"CutThroughFate","floor":55}],"player_experience":2000016,"relics_obtained":[{"floor":6,"key":"Orichalcum"},{"floor":8,"key":"War Paint"},{"floor":12,"key":"Odd Mushroom"},{"floor":14,"key":"Akabeko"},{"floor":23,"key":"MealTicket"},{"floor":25,"key":"Art of War"},{"floor":26,"key":"Frozen Egg 2"},{"floor":29,"key":"Potion Belt"},{"floor":42,"key":"Pen Nib"},{"floor":46,"key":"GoldenEye"},{"floor":55,"key":"Yang"}],"event_choices":[{"damage_healed":0,"gold_gain":0,"player_choice":"Lose Max HP","damage_taken":0,"relics_obtained":["Golden Idol"],"max_hp_gain":0,"max_hp_loss":6,"event_name":"Golden Idol","floor":2,"gold_loss":0},{"damage_healed":0,"gold_gain":0,"player_choice":"Donut","damage_taken":0,"max_hp_gain":5,"max_hp_loss":0,"event_name":"Big Fish","floor":7,"gold_loss":0},{"damage_healed":0,"gold_gain":0,"player_choice":"Fought Mushrooms","damage_taken":0,"max_hp_gain":0,"max_hp_loss":0,"event_name":"Mushrooms","floor":12,"gold_loss":0},{"damage_healed":0,"gold_gain":0,"player_choice":"Upgraded","damage_taken":0,"max_hp_gain":0,"max_hp_loss":0,"event_name":"Upgrade Shrine","floor":24,"gold_loss":0,"cards_upgraded":["Blasphemy"]},{"damage_healed":0,"gold_gain":0,"player_choice":"Memory 3","damage_taken":10,"max_hp_gain":0,"max_hp_loss":0,"event_name":"SensoryStone","floor":36,"gold_loss":0},{"cards_removed":["Ragnarok"],"damage_healed":0,"gold_gain":0,"player_choice":"Removed Attack","damage_taken":0,"max_hp_gain":0,"max_hp_loss":0,"event_name":"Falling","floor":38,"gold_loss":0}],"is_beta":true,"boss_relics":[{"not_picked":["Sozu","Busted Crown"],"picked":"Cursed Key"},{"not_picked":["Velvet Choker","Runic Dome"],"picked":"VioletLotus"}],"items_purged_floors":[19,37,44,54],"is_endless":false,"potions_floor_spawned":[6,8,11,12,20,23,25,29,31,33,39,42,45,47,55],"killed_by":"The Heart","ascension_level":20}}