{"host":"sygfylmorsvdndbx","time":1613534788,"event":{"mods":["AchievementEnabler","BaseMod","Bestiary","Highlight Path","Minty Spire (QoL Compilation)","Permanent Neow","Quick Restart","Relic Stats"],"gold_per_floor":[112,132,132,41,52,80,80,112,112,126,126,140,203,218,218,313,313,332,332,257,276,289,323,323,356,356,367,385,417,433,433,433,530,530,543,543,555,183,183,211,225,250,250,284,298,317,350,364,364,364,364,364,41,72,72,72],"floor_reached":55,"language":"ENG","playtime":9782,"items_purged":["Recycle","Pain"],"score":1262,"play_id":"e7ef9b4b-5a2e-410b-941b-ef9e910d608f","local_time":"20210216230628","is_ascension_mode":true,"campfire_choices":[{"data":"Redo","floor":7,"key":"SMITH"},{"data":"Coolheaded","floor":11,"key":"SMITH"},{"data":"Zap","floor":15,"key":"SMITH"},{"data":"RitualDagger","floor":24,"key":"SMITH"},{"data":"All For One","floor":32,"key":"SMITH"},{"floor":49,"key":"RECALL"},{"floor":52,"key":"REST"}],"circlet_count":0,"master_deck":["AscendersBane","Zap+1","Undo","Rainbow","Redo+1","Coolheaded+1","Meteor Strike+1","BootSequence","Turbo","Purity","FTL+1","Self Repair","Glacier+1","Electrodynamics","Fission+1","Hologram+1","RitualDagger+1","Go for the Eyes+1","Chill+1","All For One+1","Turbo+1","Genetic Algorithm+1","Hologram+1","Loop+1","Hologram+1","Compile Driver+1","Steam+1","Tempest+1","Skim+1"],"relics":["Pandora\u0027s Box","Orichalcum","Toxic Egg 2","Whetstone","White Beast Statue","Empty Cage","Incense Burner","Centennial Puzzle","Letter Opener","Red Mask","Symbiotic Virus","Fusion Hammer","Thread and Needle","WarpedTongs","Smiling Mask","StrikeDummy","FossilizedHelix","Bottled Tornado","Frozen Eye","Lantern"],"acts_visited":["Exordium","TheCity","TheBeyond","TheEnding"],"potions_floor_usage":[8,13,16,18,23,27,30,33,40,41,42,47,50,54,55,55,55],"damage_taken":[{"damage":5.0,"enemies":"2 Louse","floor":1.0,"turns":3.0},{"damage":0.0,"enemies":"Small Slimes","floor":2.0,"turns":4.0},{"damage":7.0,"enemies":"Jaw Worm","floor":5.0,"turns":4.0},{"damage":2,"enemies":"Lagavulin","floor":6,"turns":6},{"damage":10,"enemies":"3 Sentries","floor":8,"turns":9},{"damage":10,"enemies":"Blue Slaver","floor":10,"turns":4},{"damage":2,"enemies":"Looter","floor":12,"turns":4},{"damage":35,"enemies":"Gremlin Nob","floor":13,"turns":4},{"damage":1,"enemies":"3 Louse","floor":14,"turns":3},{"damage":20,"enemies":"The Guardian","floor":16,"turns":10},{"damage":7,"enemies":"2 Thieves","floor":18,"turns":3},{"damage":0,"enemies":"Chosen","floor":21,"turns":4},{"damage":1,"enemies":"Sentry and Sphere","floor":22,"turns":5},{"damage":0,"enemies":"Book of Stabbing","floor":23,"turns":7},{"damage":15,"enemies":"Gremlin Leader","floor":25,"turns":7},{"damage":4,"enemies":"Centurion and Healer","floor":27,"turns":4},{"damage":0,"enemies":"Snake Plant","floor":28,"turns":3},{"damage":0,"enemies":"Masked Bandits","floor":29,"turns":3},{"damage":3,"enemies":"Cultist and Chosen","floor":30,"turns":6},{"damage":20,"enemies":"Champ","floor":33,"turns":9},{"damage":0,"enemies":"3 Darklings","floor":35,"turns":5},{"damage":0,"enemies":"3 Shapes","floor":37,"turns":4},{"damage":3,"enemies":"Reptomancer","floor":40,"turns":6},{"damage":12,"enemies":"Writhing Mass","floor":41,"turns":4},{"damage":37,"enemies":"Giant Head","floor":42,"turns":7},{"damage":11,"enemies":"Nemesis","floor":44,"turns":5},{"damage":10,"enemies":"Spire Growth","floor":45,"turns":5},{"damage":1,"enemies":"Maw","floor":46,"turns":9},{"damage":14,"enemies":"Reptomancer","floor":47,"turns":5},{"damage":0,"enemies":"3 Darklings","floor":48,"turns":3},{"damage":29,"enemies":"Time Eater","floor":50,"turns":13},{"damage":54,"enemies":"Shield and Spear","floor":54,"turns":8},{"damage":33,"enemies":"The Heart","floor":55,"turns":5}],"seed_played":"6900420476031793088","potions_obtained":[{"floor":2.0,"key":"ColorlessPotion"},{"floor":6,"key":"Strength Potion"},{"floor":8,"key":"Strength Potion"},{"floor":13,"key":"Weak Potion"},{"floor":14,"key":"Block Potion"},{"floor":16,"key":"Energy Potion"},{"floor":18,"key":"Explosive Potion"},{"floor":21,"key":"Block Potion"},{"floor":23,"key":"Strength Potion"},{"floor":25,"key":"Fruit Juice"},{"floor":27,"key":"LiquidMemories"},{"floor":28,"key":"LiquidMemories"},{"floor":30,"key":"DistilledChaos"},{"floor":33,"key":"Energy Potion"},{"floor":35,"key":"FocusPotion"},{"floor":40,"key":"SteroidPotion"},{"floor":41,"key":"PotionOfCapacity"},{"floor":42,"key":"BlessingOfTheForge"},{"floor":44,"key":"PotionOfCapacity"},{"floor":45,"key":"FocusPotion"},{"floor":47,"key":"Block Potion"},{"floor":48,"key":"FocusPotion"},{"floor":54,"key":"SpeedPotion"}],"is_trial":false,"path_per_floor":["M","M","?","$","M","E","R","E","T","M","R","M","?","M","R","B",null,"M","?","?","M","M","E","R","E","T","M","M","?","M","T","R","B",null,"M","?","M","$","?","E","M","E","T","E","M","M","E","M","R","B",null,"R","$","E","B"],"character_chosen":"DEFECT","items_purchased":["Purity","Thread and Needle","Frozen Eye","Tempest+1","PowerPotion"],"campfire_rested":1,"item_purchase_floors":[4,38,53,53,53],"current_hp_per_floor":[63,63,63,63,56,54,54,51,51,48,48,53,25,31,31,18,61,61,55,55,62,68,75,75,67,67,75,75,75,79,79,79,66,77,80,80,80,80,80,80,75,48,48,47,44,50,43,50,50,28,67,80,80,33,0,0],"gold":72,"neow_bonus":"BOSS_RELIC","is_daily":false,"chose_seed":false,"campfire_upgraded":5,"win_rate":0.0,"timestamp":1613534788,"path_taken":["M","M","?","$","M","E","R","E","T","M","R","M","?","M","R","BOSS","M","?","?","M","M","E","R","E","T","M","M","?","M","?","R","BOSS","M","?","M","$","?","E","M","E","T","E","?","M","E","M","R","BOSS","R","$","E","BOSS"],"items_purchased_type":["Card","Relic","Relic","Card","Potion"],"build_version":"2020-12-22","purchased_purges":2,"victory":false,"max_hp_per_floor":[75,75,75,75,75,75,75,75,75,75,75,75,75,75,75,75,75,75,75,75,75,75,75,75,75,75,80,80,80,80,80,80,80,80,80,80,80,80,80,80,80,80,80,80,80,80,80,80,80,80,80,80,80,80,80,80],"relic_stats":{"Centennial Puzzle":[38],"counters":[33,180],"Pandora\u0027s Box":["Undo","Aggregate","Rainbow","Redo","Coolheaded","Meteor Strike","Heatsinks","BootSequence"],"Whetstone":["Meteor Strike","FTL"],"Letter Opener":[462],"Orichalcum":[90],"Smiling Mask":50,"obtain_stats":[{"Lantern":54,"Thread and Needle":38,"Incense Burner":23,"Whetstone":9,"Letter Opener":26,"Orichalcum":6,"Bottled Tornado":47,"Empty Cage":17,"Smiling Mask":40,"White Beast Statue":13,"WarpedTongs":39,"Frozen Eye":53,"Centennial Puzzle":25,"Pandora\u0027s Box":0,"Fusion Hammer":34,"Red Mask":29,"Toxic Egg 2":8,"Cracked Core":0,"Symbiotic Virus":31,"StrikeDummy":42,"FossilizedHelix":44},{"Lantern":32,"Thread and Needle":22,"Incense Burner":14,"Whetstone":5,"Letter Opener":15,"Orichalcum":4,"Bottled Tornado":29,"Empty Cage":10,"Smiling Mask":23,"White Beast Statue":8,"WarpedTongs":22,"Frozen Eye":31,"Centennial Puzzle":15,"Pandora\u0027s Box":0,"Fusion Hammer":20,"Red Mask":18,"Toxic Egg 2":5,"Cracked Core":0,"Symbiotic Virus":19,"StrikeDummy":25,"FossilizedHelix":26},{"Lantern":175,"Thread and Needle":111,"Incense Burner":70,"Whetstone":26,"Letter Opener":77,"Orichalcum":17,"Bottled Tornado":152,"Empty Cage":51,"Smiling Mask":117,"White Beast Statue":38,"WarpedTongs":111,"Frozen Eye":168,"Centennial Puzzle":77,"Pandora\u0027s Box":0,"Fusion Hammer":102,"Red Mask":87,"Toxic Egg 2":26,"Cracked Core":0,"Symbiotic Virus":93,"StrikeDummy":128,"FossilizedHelix":133}],"WarpedTongs":[43]},"card_choices":[{"not_picked":["Cold Snap","Redo"],"picked":"Turbo","floor":1.0},{"not_picked":["Beam Cell","Steam"],"picked":"Go for the Eyes","floor":2.0},{"not_picked":["Steam","Rebound"],"picked":"FTL","floor":5.0},{"not_picked":["Heatsinks","Barrage"],"picked":"Self Repair","floor":6},{"not_picked":["Melter","Gash","Storm"],"picked":"SKIP","floor":8},{"not_picked":["Aggregate+1","Streamline"],"picked":"Glacier+1","floor":10},{"not_picked":["Consume+1","BootSequence+1"],"picked":"Steam+1","floor":12},{"not_picked":["Melter","Leap+1"],"picked":"Electrodynamics","floor":13},{"not_picked":["Recycle+1","Rebound","Leap+1"],"picked":"SKIP","floor":14},{"not_picked":["All For One","Amplify+1"],"picked":"Fission+1","floor":16},{"not_picked":["Chaos+1","Go for the Eyes"],"picked":"Hologram+1","floor":18},{"not_picked":["Doom and Gloom","Leap+1"],"picked":"Go for the Eyes+1","floor":21},{"not_picked":["Stack+1","Doom and Gloom"],"picked":"Chill+1","floor":22},{"not_picked":["Reprogram+1","Static Discharge+1"],"picked":"All For One","floor":23},{"not_picked":["Streamline+1","Scrape"],"picked":"Turbo+1","floor":25},{"not_picked":["Redo+1","Stack+1"],"picked":"Genetic Algorithm+1","floor":27},{"not_picked":["Turbo+1","Rebound","Scrape"],"picked":"SKIP","floor":28},{"not_picked":["Conserve Battery+1","Rebound","Hello World"],"picked":"SKIP","floor":30},{"not_picked":["Gash+1","Consume+1","Storm"],"picked":"SKIP","floor":35},{"not_picked":["Self Repair","Redo+1"],"picked":"Hologram+1","floor":37},{"not_picked":["Sunder+1","Conserve Battery+1"],"picked":"Loop+1","floor":40},{"not_picked":["Gash+1","Aggregate+1"],"picked":"Hologram+1","floor":41},{"not_picked":["Genetic Algorithm+1","Streamline+1"],"picked":"Compile Driver+1","floor":42},{"not_picked":["Sunder+1","Conserve Battery+1"],"picked":"Steam+1","floor":44},{"not_picked":["Coolheaded+1","Recycle+1","Cold Snap+1"],"picked":"SKIP","floor":45},{"not_picked":["Heatsinks","Sweeping Beam+1","Coolheaded+1"],"picked":"SKIP","floor":46},{"not_picked":["Sunder","Rainbow+1","Streamline+1"],"picked":"SKIP","floor":47},{"not_picked":["Ball Lightning+1","Steam+1","Barrage+1"],"picked":"SKIP","floor":48},{"not_picked":["Thunder Strike","Gash"],"picked":"Skim+1","floor":54}],"player_experience":547244,"relics_obtained":[{"floor":6,"key":"Orichalcum"},{"floor":8,"key":"Toxic Egg 2"},{"floor":9,"key":"Whetstone"},{"floor":13,"key":"White Beast Statue"},{"floor":23,"key":"Incense Burner"},{"floor":25,"key":"Centennial Puzzle"},{"floor":26,"key":"Letter Opener"},{"floor":29,"key":"Red Mask"},{"floor":31,"key":"Symbiotic Virus"},{"floor":40,"key":"Smiling Mask"},{"floor":42,"key":"StrikeDummy"},{"floor":44,"key":"FossilizedHelix"},{"floor":47,"key":"Bottled Tornado"},{"floor":54,"key":"Lantern"}],"event_choices":[{"damage_healed":0.0,"max_hp_gain":0.0,"max_hp_loss":0.0,"gold_gain":0.0,"cards_transformed":["Heatsinks"],"event_name":"Living Wall","player_choice":"Change","floor":3.0,"gold_loss":0.0,"damage_taken":0.0,"cards_obtained":["Recycle"]},{"damage_healed":0,"gold_gain":0,"player_choice":"Searched \u00272\u0027 times","damage_taken":0,"max_hp_gain":0,"max_hp_loss":0,"event_name":"Dead Adventurer","floor":13,"gold_loss":0},{"damage_healed":0,"gold_gain":0,"player_choice":"Joined the Cult","damage_taken":6,"max_hp_gain":0,"max_hp_loss":0,"event_name":"Nest","floor":19,"gold_loss":0,"cards_obtained":["RitualDagger"]},{"cards_removed":["Go for the Eyes"],"damage_healed":0,"gold_gain":0,"player_choice":"Gave Gold","damage_taken":0,"max_hp_gain":0,"max_hp_loss":0,"event_name":"Beggar","floor":20,"gold_loss":75},{"damage_healed":0,"gold_gain":0,"player_choice":"Fought Bandits","damage_taken":0,"max_hp_gain":0,"max_hp_loss":0,"event_name":"Masked Bandits","floor":29,"gold_loss":0},{"cards_removed":["Steam"],"damage_healed":0,"gold_gain":0,"player_choice":"Removed Skill","damage_taken":0,"max_hp_gain":0,"max_hp_loss":0,"event_name":"Falling","floor":36,"gold_loss":0},{"damage_healed":0,"gold_gain":0,"player_choice":"Rummage","damage_taken":0,"relics_obtained":["WarpedTongs"],"max_hp_gain":0,"max_hp_loss":0,"event_name":"Accursed Blacksmith","floor":39,"gold_loss":0,"cards_obtained":["Pain"]}],"is_beta":false,"boss_relics":[{"not_picked":["Philosopher\u0027s Stone","Ectoplasm"],"picked":"Empty Cage"},{"not_picked":["Tiny House","Nuclear Battery"],"picked":"Fusion Hammer"}],"items_purged_floors":[38,53],"is_endless":false,"potions_floor_spawned":[2,6,8,13,14,16,18,21,22,23,25,27,28,29,30,33,35,37,40,41,42,44,45,46,47,48,54],"killed_by":"The Heart","ascension_level":10}}