{"host":"nea7n2z8ef69uk76","time":1613541435,"event":{"mods":["Act Like it!","Arknights","BaseMod","Better Altar","Colored Powertips","Curses Come First","Emptier Cage","Minty Spire (QoL Compilation)","Permanent Neow","Quick Restart","Reliquary","Ruina","SacredBarkPlus","Spicy Shops","StSLib"],"gold_per_floor":[112,126,126,145,165,165,165,179,179,179,202,202,227,245,245,368,368,386,386,336,29,29,29],"floor_reached":22,"language":"ENG","playtime":1070,"items_purged":["Clumsy"],"score":178,"play_id":"bce9d961-8fda-459b-9816-b2bd0bde0c7e","local_time":"20210217005715","is_ascension_mode":false,"campfire_choices":[{"data":"ats:Blood Oath","floor":6,"key":"SMITH"},{"data":"ats:Explosion Area Strengthen","floor":10,"key":"SMITH"},{"data":"ats:Consecutive Shot Auto","floor":12,"key":"SMITH"},{"data":"ats:Blood Oath","floor":15,"key":"SMITH"}],"circlet_count":0,"master_deck":["ats:Strike C","ats:Strike G","ats:Strike S","ats:Strike V","ats:Armor Crushing Shot+1","ats:Defend","ats:Defend","ats:Defend","ats:Defend","ats:Emotion Absorption","ats:Hammer On","ats:Blood Oath+1","ats:Explosion Area Strengthen+1","ats:Absolute Focus","ats:Guard Mode","ats:Consecutive Shot Auto+1","ats:Chain Hook+1","ats:Blood Oath+1","ats:Ambush","ats:Cat Scratch+1","ats:Chain Hook+1","ats:Mental Burst"],"relics":["ats:Sanity Plus","Nunchaku","Golden Idol","Gambling Chip","ruina:FalsePresent","HandDrill"],"acts_visited":["Exordium","Exordium"],"potions_floor_usage":[5,16,16],"damage_taken":[{"damage":11,"enemies":"ats:Genji","floor":1,"turns":4},{"damage":1,"enemies":"Cultist","floor":2,"turns":3},{"damage":1,"enemies":"Jaw Worm","floor":4,"turns":3},{"damage":1,"enemies":"2 Fungi Beasts","floor":5,"turns":3},{"damage":5,"enemies":"Looter","floor":8,"turns":3},{"damage":0,"enemies":"3 Louse","floor":11,"turns":1},{"damage":4,"enemies":"Red Slaver","floor":13,"turns":3},{"damage":18,"enemies":"Exordium Thugs","floor":14,"turns":4},{"damage":24,"enemies":"Slime Boss","floor":16,"turns":7},{"damage":28,"enemies":"ruina:2_Scarecrows","floor":18,"turns":4},{"damage":44,"enemies":"ruina:3_Bats","floor":22,"turns":3}],"seed_played":"1498214939705031306","potions_obtained":[{"floor":1,"key":"Energy Potion"},{"floor":2,"key":"Energy Potion"},{"floor":13,"key":"Fire Potion"},{"floor":16,"key":"Explosive Potion"},{"floor":20,"key":"Dexterity Potion"}],"is_trial":false,"path_per_floor":["M","M","?","M","M","R","?","M","T","R","M","R","M","M","R","B",null,"M","?","?","$","M"],"character_chosen":"DOCTOR_CLASS","items_purchased":["ats:Mental Burst","HandDrill"],"campfire_rested":0,"item_purchase_floors":[21,21],"current_hp_per_floor":[61,60,60,62,64,64,64,64,64,64,64,64,65,52,52,38,72,59,38,34,34,0,0],"gold":29,"neow_bonus":"RANDOM_COMMON_RELIC","is_daily":false,"chose_seed":false,"campfire_upgraded":4,"win_rate":0.0,"timestamp":1613541435,"path_taken":["M","M","?","M","M","R","?","M","T","R","?","R","M","M","R","BOSS","M","?","?","$","M"],"items_purchased_type":["Card","Relic"],"build_version":"2020-12-22","purchased_purges":1,"victory":false,"max_hp_per_floor":[72,72,72,72,72,72,72,72,72,72,72,72,72,72,72,72,72,72,72,67,67,67,67],"card_choices":[{"not_picked":["ats:Shadow Raid","ats:Defend Order"],"picked":"ats:Hammer On","floor":1},{"not_picked":["ats:Powerful Strike","ats:Revitalization"],"picked":"ats:Blood Oath","floor":2},{"not_picked":["ats:Spore Proliferation","ats:Hook Shot"],"picked":"ats:Explosion Area Strengthen","floor":4},{"not_picked":["ats:Revitalization","ats:Rapid Magazine"],"picked":"ats:Absolute Focus","floor":5},{"not_picked":["ats:Defend Order","ats:Spore Proliferation"],"picked":"ats:Guard Mode","floor":8},{"not_picked":["ats:Disruption Kick","ats:Revitalization"],"picked":"ats:Consecutive Shot Auto","floor":11},{"not_picked":["ats:Cat Scratch","ats:Very Hot Blade"],"picked":"ats:Chain Hook","floor":13},{"not_picked":["ats:Very Hot Blade","ats:Powerful Strike"],"picked":"ats:Blood Oath","floor":14},{"not_picked":["ats:Roar Of Ursus","ats:Soul Rend"],"picked":"ats:Ambush","floor":16},{"not_picked":["ats:Apocalypse+1","ats:Blood Oath"],"picked":"ats:Cat Scratch+1","floor":18}],"player_experience":399115,"relics_obtained":[{"floor":9,"key":"Gambling Chip"}],"event_choices":[{"damage_healed":0,"gold_gain":0,"player_choice":"Take Wound","damage_taken":0,"relics_obtained":["Golden Idol"],"max_hp_gain":0,"max_hp_loss":0,"event_name":"Golden Idol","floor":3,"gold_loss":0,"cards_obtained":["Injury"]},{"damage_healed":0,"gold_gain":0,"player_choice":"Upgraded","damage_taken":0,"max_hp_gain":0,"max_hp_loss":0,"event_name":"Upgrade Shrine","floor":7,"gold_loss":0,"cards_upgraded":["ats:Armor Crushing Shot"]}],"is_beta":false,"boss_relics":[{"not_picked":["Calling Bell","reliquary:Craggleroot"],"picked":"ats:Sanity Plus"}],"items_purged_floors":[21],"is_endless":false,"potions_floor_spawned":[1,2,13,16],"killed_by":"ruina:3_Bats","ascension_level":0}}