{"host":"phniwng9zo19jwdb","time":1613589293,"event":{"mods":["AchievementEnabler","BaseMod","Colored Powertips","Dark Map","Faster Ascension Climbing","GifTheSpireLib","Minty Spire (QoL Compilation)","Permanent Neow","Rare Cards Sparkle","Relic Filter Mod","StSLib","Weighted Paths"],"gold_per_floor":[119,169,189,204,204,233,233,233,233],"floor_reached":8,"language":"ENG","playtime":244,"items_purged":[],"score":112,"play_id":"7a734bd7-df73-4c1d-9dcd-a32158637d89","local_time":"20210217201453","is_ascension_mode":true,"campfire_choices":[{"data":"Envenom","floor":7,"key":"SMITH"}],"circlet_count":0,"master_deck":["AscendersBane","Survivor","Neutralize","Glass Knife","Leg Sweep","Die Die Die+1","Catalyst","Eviscerate","Footwork","Backstab","Wraith Form v2","A Thousand Cuts","Leg Sweep+1","Cloak And Dagger","Backflip","Blade Dance","Envenom+1"],"relics":["Pandora\u0027s Box","WingedGreaves"],"acts_visited":["Exordium"],"potions_floor_usage":[6],"damage_taken":[{"damage":0.0,"enemies":"Jaw Worm","floor":1.0,"turns":4.0},{"damage":0,"enemies":"Cultist","floor":3,"turns":2},{"damage":0,"enemies":"2 Louse","floor":4,"turns":1},{"damage":4,"enemies":"Lagavulin","floor":6,"turns":10},{"damage":13,"enemies":"Gremlin Nob","floor":8,"turns":4}],"seed_played":"3134606251586152347","potions_obtained":[{"floor":1.0,"key":"Energy Potion"}],"is_trial":false,"path_per_floor":["M","?","M","M","?","E","R","E"],"character_chosen":"THE_SILENT","items_purchased":[],"campfire_rested":0,"item_purchase_floors":[],"current_hp_per_floor":[59,53,53,53,33,29,29,16,16],"gold":233,"neow_bonus":"BOSS_RELIC","is_daily":false,"chose_seed":false,"campfire_upgraded":1,"win_rate":0.0,"timestamp":1613589293,"path_taken":["M","?","M","?","?","E","R","E"],"items_purchased_type":[],"build_version":"2020-12-22","purchased_purges":0,"victory":false,"max_hp_per_floor":[66,66,66,66,66,66,66,66,66],"card_choices":[{"not_picked":["Dagger Throw","Acrobatics"],"picked":"Cloak And Dagger","floor":1.0},{"not_picked":["Underhanded Strike","Acrobatics"],"picked":"Backflip","floor":3},{"not_picked":["Riddle With Holes","Poisoned Stab"],"picked":"Blade Dance","floor":4},{"not_picked":["Reflex","Sucker Punch"],"picked":"Envenom","floor":6}],"player_experience":154933,"relics_obtained":[{"floor":6,"key":"WingedGreaves"}],"event_choices":[{"damage_healed":0,"gold_gain":50,"player_choice":"Touch","damage_taken":6,"max_hp_gain":0,"max_hp_loss":0,"event_name":"FaceTrader","floor":2,"gold_loss":0},{"damage_healed":0,"gold_gain":0,"player_choice":"Entered Light","damage_taken":20,"max_hp_gain":0,"max_hp_loss":0,"event_name":"Shining Light","floor":5,"gold_loss":0,"cards_upgraded":["Leg Sweep","Die Die Die"]}],"is_beta":false,"boss_relics":[],"items_purged_floors":[],"is_endless":false,"potions_floor_spawned":[1],"killed_by":"Gremlin Nob","ascension_level":20}}