{"host":"acw864156wjp8gcv","time":1613535416,"event":{"mods":["2.2 Compatiblity","AchievementEnabler","Ascension Reborn","Aspiration","BaseMod","Beaked The Cultist","Better Altar","Better Match","Better Note","Better Sensory Stone","Better Silent Start","Better Skull","Better Third Choice","Better Vampires","BetterRewards","Challenge The Spire","Colored Map","Colored Powertips","Conspire","Curses Come First","Downfall","Energized Spire","GifTheSpireLib","Halation","Hubris","Infinite Spire","Ironclad Rager","Jedi Mod","Mimic Mod","Minty Spire (QoL Compilation)","Permanent Neow","Relic Sorter","Replay The Spire","Robot Space Explorer","Shop Mod","Spicy Shops","Spikes Relics","StSLib","Stuff the Spire","The Blue Laboratory","The Construct","The Jungle","The Marked","Wandering Minibosses","everything is the same but u backflip on backflip"],"gold_per_floor":[99,99,99,99,99,99,99,99,99,99,99,99,99,99,99,99,99,99,99],"floor_reached":20,"language":"ENG","playtime":119,"items_purged":[],"score":751,"play_id":"9d55474e-b793-4d23-9951-15270093ce87","local_time":"20210216221656","is_ascension_mode":false,"campfire_choices":[{"floor":8,"key":"RECALL"},{"floor":13,"key":"REST"},{"floor":16,"key":"REST"}],"circlet_count":0,"master_deck":["theMarked:Strike+1","theMarked:Strike+1","theMarked:Strike+1","theMarked:Strike+1","theMarked:Strike+1","theMarked:Defend+1","theMarked:Defend+1","theMarked:Defend+1","theMarked:Defend+1","theMarked:SoldierOfQuellstein+1"],"relics":["theMarked:ArtifactOfAir"],"acts_visited":["Exordium","TheEnding","TheEnding"],"potions_floor_usage":[],"damage_taken":[{"damage":0,"enemies":"Jaw Worm","floor":1,"turns":1},{"damage":0,"enemies":"Cultist","floor":3,"turns":1},{"damage":0,"enemies":"2 Louse","floor":4,"turns":1},{"damage":0,"enemies":"Large Slime","floor":5,"turns":1},{"damage":0,"enemies":"Gremlin Nob","floor":6,"turns":1},{"damage":0,"enemies":"Exordium Wildlife","floor":7,"turns":1},{"damage":0,"enemies":"Exordium Thugs","floor":10,"turns":1},{"damage":0,"enemies":"3 Louse","floor":11,"turns":1},{"damage":0,"enemies":"Gremlin Gang","floor":12,"turns":1},{"damage":0,"enemies":"Shield and Spear","floor":18,"turns":1},{"damage":0,"enemies":"The Heart","floor":19,"turns":2}],"seed_played":"5956223985086521680","potions_obtained":[{"floor":0,"key":"Adrenaline Potion"},{"floor":0,"key":"Reflective Coating"},{"floor":0,"key":"Guardian:BlockOnCardUsePotion"}],"is_trial":false,"path_per_floor":["M","?","M","M","M","E","M","R","T","M","M","M","R","$","E","R","$","E","B",null],"character_chosen":"THE_DEFAULT","items_purchased":[],"campfire_rested":2,"item_purchase_floors":[],"current_hp_per_floor":[70,70,70,70,70,70,70,70,70,70,70,70,70,70,70,70,70,70,70],"gold":99,"neow_bonus":"THREE_SMALL_POTIONS","is_daily":false,"chose_seed":false,"campfire_upgraded":0,"win_rate":0.0,"timestamp":1613535416,"path_taken":["M","?","?","M","M","E","M","R","T","M","M","M","R","$","E","R","$","E","BOSS"],"items_purchased_type":[],"build_version":"2020-12-22","purchased_purges":0,"victory":true,"max_hp_per_floor":[70,70,70,70,70,70,70,70,70,70,70,70,70,70,70,70,70,70,70],"card_choices":[{"not_picked":["theMarked:ParalyzingBlade","theMarked:ComboAttacks","theMarked:Overcharge"],"picked":"SKIP","floor":1},{"not_picked":["theMarked:TakeCover","theMarked:PowerFlow","theMarked:Improvise"],"picked":"SKIP","floor":3},{"not_picked":["theMarked:RogueSparks","theMarked:Static","theMarked:EmpowerWeapon"],"picked":"SKIP","floor":4},{"not_picked":["theMarked:ElectricStrings","theMarked:RepellingDischarge","theMarked:EmpowerWeapon"],"picked":"SKIP","floor":5},{"not_picked":["theMarked:EmpowerWeapon","theMarked:Indomitable","theMarked:BanishingStrike"],"picked":"SKIP","floor":6},{"not_picked":["theMarked:Memento","theMarked:Frustration","theMarked:BanishingWave"],"picked":"SKIP","floor":7},{"not_picked":["theMarked:TakeCover","theMarked:PowerFlow","theMarked:Parkour"],"picked":"SKIP","floor":10},{"not_picked":["theMarked:MysticalArsenal","theMarked:Seal","theMarked:ChainLightning"],"picked":"SKIP","floor":11},{"not_picked":["theMarked:Parkour","theMarked:Levitate","theMarked:OneWithTheBlade"],"picked":"SKIP","floor":12},{"not_picked":["theMarked:HeightenedSenses+1","theMarked:Seal","theMarked:ChainLightning"],"picked":"SKIP","floor":18}],"player_experience":165455,"relics_obtained":[],"event_choices":[{"damage_healed":0,"gold_gain":0,"player_choice":"Ignored","damage_taken":0,"max_hp_gain":0,"max_hp_loss":0,"event_name":"Golden Shrine","floor":2,"gold_loss":0}],"is_beta":false,"boss_relics":[],"items_purged_floors":[],"is_endless":false,"potions_floor_spawned":[3,6,7,11,12],"ascension_level":0}}