{"host":"72n3jwtrlpjobydj","time":1613603560,"event":{"mods":["AchievementEnabler","BaseMod","CapriCore","DeckTracker","Hermit","Koishi","KomeijiMod","Lobotomy","Marisa£¨Ùöéë¡¡Øª×âÞÞ£©","Minty Spire (QoL Compilation)","Permanent Neow","StSLib","SuperFastMode","The Cursed","The Hierophant","The Immortal"],"gold_per_floor":[113,113,126,51,151,167,167,186,186,199,209,221,7,18,18,18,18],"floor_reached":16,"language":"KOR","playtime":362,"items_purged":["Strike_B","Strike_B"],"score":96,"play_id":"3f8b084d-0a57-48ef-be21-738f7a4b0713","local_time":"20210218081240","is_ascension_mode":false,"campfire_choices":[{"data":"Dualcast","floor":7,"key":"SMITH"},{"floor":15,"key":"REST"}],"circlet_count":0,"master_deck":["Strike_B","Strike_B","Defend_B","Defend_B","Defend_B","Defend_B","Zap+1","Dualcast+1","Storm","Redo","Ball Lightning","Leap","Redo","Ball Lightning","Static Discharge","Consume"],"relics":["Cracked Core","NeowsBlessing","Sundial"],"acts_visited":["Exordium"],"potions_floor_usage":[16,16,16],"damage_taken":[{"damage":0,"enemies":"2 Louse","floor":1,"turns":1},{"damage":0,"enemies":"Cultist","floor":3,"turns":1},{"damage":0,"enemies":"Jaw Worm","floor":6,"turns":1},{"damage":2,"enemies":"Blue Slaver","floor":8,"turns":3},{"damage":0,"enemies":"Large Slime","floor":10,"turns":3},{"damage":12,"enemies":"Exordium Thugs","floor":11,"turns":3},{"damage":1,"enemies":"3 Louse","floor":12,"turns":3},{"damage":15,"enemies":"Large Slime","floor":14,"turns":4},{"damage":38,"enemies":"The Guardian","floor":16,"turns":6}],"seed_played":"-2197144781043842590","potions_obtained":[{"floor":8,"key":"SneckoOil"},{"floor":10,"key":"SpeedPotion"},{"floor":12,"key":"DistilledChaos"}],"is_trial":false,"path_per_floor":["M","?","M","$","?","M","R","M","T","M","M","M","$","M","R","B"],"character_chosen":"DEFECT","items_purchased":["Ball Lightning","Static Discharge"],"campfire_rested":1,"item_purchase_floors":[13,13],"current_hp_per_floor":[75,75,75,75,75,75,75,73,73,73,61,60,60,45,67,29,29],"gold":18,"neow_bonus":"THREE_ENEMY_KILL","is_daily":false,"chose_seed":false,"campfire_upgraded":1,"win_rate":0.0,"timestamp":1613603560,"path_taken":["M","?","M","$","?","M","R","M","T","M","M","?","?","M","R","BOSS"],"items_purchased_type":["Card","Card"],"build_version":"2020-12-22","purchased_purges":2,"victory":false,"max_hp_per_floor":[75,75,75,75,75,75,75,75,75,75,75,75,75,75,75,75,75],"card_choices":[{"not_picked":["Redo","Turbo"],"picked":"Storm","floor":1},{"not_picked":["Conserve Battery","Streamline"],"picked":"Redo","floor":3},{"not_picked":["Streamline","Sweeping Beam","Undo"],"picked":"SKIP","floor":6},{"not_picked":["White Noise","Stack"],"picked":"Ball Lightning","floor":8},{"not_picked":["Gash","Streamline"],"picked":"Leap","floor":10},{"not_picked":["Hologram","Echo Form"],"picked":"Redo","floor":11},{"not_picked":["Turbo","Double Energy","Gash"],"picked":"SKIP","floor":12},{"not_picked":["Glacier","Stack"],"picked":"Consume","floor":14}],"player_experience":67837,"relics_obtained":[{"floor":9,"key":"Sundial"}],"event_choices":[{"damage_healed":0,"gold_gain":0,"player_choice":"Grow","damage_taken":0,"max_hp_gain":0,"max_hp_loss":0,"event_name":"Living Wall","floor":2,"gold_loss":0,"cards_upgraded":["Zap"]},{"damage_healed":0,"gold_gain":100,"player_choice":"Pray","damage_taken":0,"max_hp_gain":0,"max_hp_loss":0,"event_name":"Golden Shrine","floor":5,"gold_loss":0}],"is_beta":false,"boss_relics":[],"items_purged_floors":[4,13],"is_endless":false,"potions_floor_spawned":[8,10,12],"killed_by":"The Guardian","ascension_level":0}}