{"host":"kmd7yw11mgzs6kox","time":1613530732,"event":{"mods":["ATMod(阿瑾Mod)","BaseMod","Decade(王小明)","Downfall","GungeonMod","Lobotomy","LobotomyExtend","Marisa（F雨　魔理沙）","Minty Spire (QoL Compilation)","Remilia（蕾米莉亚）","Replay The Spire","Shop Mod","StSLib","The Bladedancer","The Bug Knight","The Poker Player","The Servant 0.9.4","Waifu the Spire","WarShipGirlsR/战舰少女R mod","Youmu（魂魄妖梦）","Yuri Mod"],"gold_per_floor":[118,118,129,140,152,184,184,209,209,209,252,32,32,56,56,166,166,192,192,215,262,272,272],"floor_reached":22,"language":"ZHS","playtime":2374,"items_purged":[],"score":246,"play_id":"8188d94e-7742-4cca-9ede-935be3b5e70c","local_time":"20210217105852","is_ascension_mode":false,"campfire_choices":[{"floor":7,"key":"REST"},{"data":"KamenRideKabuto","floor":15,"key":"SMITH"}],"circlet_count":0,"master_deck":["Decade_Attack+1","Decade_Attack+1","Decade_Attack+1","Decade_Attack+1","KamenRide","Decade_SpecialSkill","Decade_Defend+1","Decade_Defend+1","Decade_Defend+1","Decade_Defend+1","AT_OneInchPunch","SpiderBud","FormRideDragon","UnarmedAttack9","Scarecrow","PhotonAcceleration","PrometheusPower","CherryBlossoms","RideBooker_Skill_2","RideBooker_Skill_3","WallGazer","RideBooker","Blade_Metal","Scorched","Blade_Beat","GreedKing","FormRide","FormRideStorm+3","UnarmedAttack3","DespairKnight","KamenRideDecade","KamenRideKabuto+1","SnowQueen","Kiva_Swallow","DecadeViolentEmotion","MHz","DragClaw","Decade_Illusion+1","PunishingBird","NMDAZYYGL","Decade_Dash1+1","FormRideTitan+1"],"relics":["Decadriver","TOEIDeficitBill","AT_ATBox","CogitoBucket","LetterFromLob","ReplayTheSpireMod:Ring of Collecting","Ring of Fangs","Mercury Hourglass","Replay:Bandana","Ring of Fury","AT_RedNoBalance","LuminousBracelet","DemoMod:GnawedKey","Ring of Hypnosis","Meat on the Bone","Painkiller Herb","DemoMod:WhiteGuonStone"],"acts_visited":["Exordium","TheCity"],"potions_floor_usage":[11,11],"damage_taken":[{"damage":12,"enemies":"2 Louse","floor":1,"turns":3},{"damage":13,"enemies":"Jaw Worm","floor":3,"turns":3},{"damage":0,"enemies":"Cultist","floor":4,"turns":4},{"damage":21,"enemies":"3 Louse","floor":5,"turns":5},{"damage":22,"enemies":"Lagavulin","floor":6,"turns":7},{"damage":61,"enemies":"Gremlin Nob","floor":8,"turns":6},{"damage":26,"enemies":"Exordium Thugs","floor":11,"turns":4},{"damage":3,"enemies":"Blue Slaver","floor":14,"turns":3},{"damage":12,"enemies":"Slime Boss","floor":16,"turns":5},{"damage":15,"enemies":"Chosen","floor":18,"turns":6},{"damage":1,"enemies":"Shell Parasite","floor":20,"turns":2},{"damage":170,"enemies":"Sentry and Sphere","floor":22,"turns":5}],"seed_played":"-2209879633546299362","potions_obtained":[{"floor":3,"key":"SteroidPotion"},{"floor":6,"key":"EssenceOfSteel"},{"floor":14,"key":"Reflective Coating"},{"floor":16,"key":"Energy Potion"},{"floor":18,"key":"Swift Potion"},{"floor":21,"key":"LifebloodPotion"}],"is_trial":false,"path_per_floor":["M","?","M","M","M","E","R","E","T","?","M","$","T","M","R","B",null,"?","?","?","?","?"],"character_chosen":"Decade","items_purchased":["DemoMod:GnawedKey","Dragreder","UnarmedAttack3"],"campfire_rested":1,"item_purchase_floors":[12,12,12],"current_hp_per_floor":[58,58,45,49,46,53,70,22,22,22,33,33,33,53,53,52,85,46,46,49,49,0,0],"gold":272,"neow_bonus":"","is_daily":false,"chose_seed":false,"campfire_upgraded":1,"win_rate":0.0,"timestamp":1613530732,"path_taken":["M","?","M","M","M","E","R","E","T","?","?","?","?","M","R","BOSS","?","?","?","?","?"],"items_purchased_type":["Relic","Card","Card"],"build_version":"2020-12-22","purchased_purges":0,"victory":false,"max_hp_per_floor":[70,70,70,70,70,70,70,70,70,70,85,85,85,85,85,85,85,85,85,85,85,85,85],"card_choices":[{"not_picked":["MeatLantern","UniverseFragment"],"picked":"SpiderBud","floor":1},{"not_picked":["Decade_Defend3","Decade_Dash2"],"picked":"FormRideDragon","floor":1},{"not_picked":["Hibiki_Attack2","FormRideBasshaa"],"picked":"UnarmedAttack9","floor":1},{"not_picked":["Wellcheers","LaLuna"],"picked":"Scarecrow","floor":3},{"not_picked":["UnarmedAttack7","KamenRideKabuto"],"picked":"PhotonAcceleration","floor":3},{"not_picked":["UnarmedAttack1","DenO_Rod"],"picked":"PrometheusPower","floor":3},{"not_picked":["CrumblingArmor","OldLady"],"picked":"CherryBlossoms","floor":4},{"not_picked":["Hibiki_Attack2","FormRidePegasus"],"picked":"RideBooker_Skill_2","floor":4},{"not_picked":["Decade_Invisible","Decade_Dash1"],"picked":"RideBooker_Skill_3","floor":4},{"not_picked":["QueenBee","MHz"],"picked":"WallGazer","floor":5},{"not_picked":["Blade_Mach","AutoVajin"],"picked":"RideBooker","floor":5},{"not_picked":["UnarmedAttack1","UnarmedAttack4"],"picked":"Blade_Metal","floor":5},{"not_picked":["PunishingBird","CrumblingArmor"],"picked":"Scorched","floor":6},{"not_picked":["UnarmedAttack1","Hibiki_Attack3"],"picked":"KamenRideKuuga","floor":6},{"not_picked":["Hibiki_Attack2","UnarmedAttack1"],"picked":"Blade_Beat","floor":6},{"not_picked":["UniverseFragment","PunishingBird"],"picked":"GreedKing","floor":8},{"not_picked":["UnarmedAttack6","DenO_Gun"],"picked":"FormRide","floor":8},{"not_picked":["CrumblingArmor","LaLuna"],"picked":"Funeral","floor":11},{"not_picked":["DragShield","Blade_Kick"],"picked":"FormRideStorm","floor":11},{"not_picked":["UniverseFragment","VoidDream"],"picked":"DespairKnight","floor":14},{"not_picked":["Decade_Invisible","Hibiki_Attack1"],"picked":"KamenRideDecade","floor":14},{"not_picked":["Decade_Invisible","UnarmedAttack4"],"picked":"KamenRideKabuto","floor":14},{"not_picked":["BeautyBeast","CrumblingArmor"],"picked":"SnowQueen","floor":16},{"not_picked":["FormRideAxel","Hibiki_FEVER"],"picked":"Kiva_Swallow","floor":16},{"not_picked":["TimeVent","UnarmedAttack9"],"picked":"DecadeViolentEmotion","floor":16},{"not_picked":["Funeral","BeautyBeast"],"picked":"MHz","floor":18},{"not_picked":["RideBooker_Skill_1","FormRideTitan"],"picked":"DragClaw","floor":18},{"not_picked":["Decade_Defend2","Blade_Kick+1"],"picked":"Decade_Illusion+1","floor":18},{"not_picked":["CrumblingArmor","Murderer"],"picked":"PunishingBird","floor":20},{"not_picked":["RideBooker","Hibiki_Attack1+1"],"picked":"NMDAZYYGL","floor":20},{"not_picked":["Blade_Metal","Hibiki_Attack2+1"],"picked":"Decade_Dash1+1","floor":20},{"not_picked":["UnarmedAttack7","KamenRideBlade"],"picked":"FormRideTitan+1","floor":21}],"player_experience":29340,"relics_obtained":[{"floor":1,"key":"LetterFromLob"},{"floor":2,"key":"ReplayTheSpireMod:Ring of Collecting"},{"floor":2,"key":"Ring of Fangs"},{"floor":6,"key":"Mercury Hourglass"},{"floor":8,"key":"Replay:Bandana"},{"floor":9,"key":"Ring of Fury"},{"floor":9,"key":"AT_SilverBalance"},{"floor":13,"key":"Ring of Hypnosis"},{"floor":13,"key":"Meat on the Bone"},{"floor":21,"key":"DemoMod:WhiteGuonStone"}],"event_choices":[{"cards_removed":["Languid"],"damage_healed":0,"gold_gain":0,"player_choice":"Removed Curses","damage_taken":0,"max_hp_gain":0,"max_hp_loss":0,"event_name":"Fountain of Cleansing","floor":10,"gold_loss":0},{"damage_healed":0,"gold_gain":0,"player_choice":"Simplicity","damage_taken":0,"max_hp_gain":0,"max_hp_loss":0,"event_name":"Back to Basics","floor":19,"gold_loss":0,"cards_upgraded":["Decade_Attack","Decade_Attack","Decade_Attack","Decade_Attack","Decade_Defend","Decade_Defend","Decade_Defend","Decade_Defend"]}],"is_beta":false,"boss_relics":[{"not_picked":["Replay:Wanted Poster","ReplayTheSpireMod:DimensionalGlitch"],"picked":"Painkiller Herb"}],"items_purged_floors":[],"is_endless":false,"potions_floor_spawned":[3,6,14,16,18],"killed_by":"Sentry and Sphere","ascension_level":0}}