{"host":"xe7vird6mhwsic73","time":1613601709,"event":{"mods":["BaseMod","Minty Spire (QoL Compilation)","Relic Stats","StSLib"],"gold_per_floor":[118,118,118,136,151,176,176,196,245,270,288,288,288],"floor_reached":12,"language":"ENG","playtime":681,"items_purged":[],"score":95,"play_id":"ada5c46e-137e-429f-af5b-bedf026a3cf3","local_time":"20210217174149","is_ascension_mode":true,"campfire_choices":[{"data":"Vigilance","floor":7,"key":"SMITH"}],"circlet_count":0,"master_deck":["Strike_P","Strike_P","Strike_P","Strike_P","Defend_P","Defend_P","Defend_P","Defend_P","Eruption","Vigilance+1","SandsOfTime","ForeignInfluence","ClearTheMind","ThirdEye","PathToVictory"],"relics":["PureWater","Pen Nib","Darkstone Periapt","Omamori","Art of War","Singing Bowl"],"acts_visited":["Exordium"],"potions_floor_usage":[10],"damage_taken":[{"damage":3,"enemies":"Small Slimes","floor":1,"turns":4},{"damage":1,"enemies":"Cultist","floor":4,"turns":3},{"damage":0,"enemies":"2 Louse","floor":5,"turns":2},{"damage":28,"enemies":"Lagavulin","floor":6,"turns":10},{"damage":0,"enemies":"2 Fungi Beasts","floor":8,"turns":2},{"damage":20,"enemies":"Gremlin Nob","floor":10,"turns":4},{"damage":5,"enemies":"Looter","floor":11,"turns":3},{"damage":18,"enemies":"Lagavulin","floor":12,"turns":5}],"seed_played":"7605185112516793098","potions_obtained":[{"floor":1,"key":"SteroidPotion"},{"floor":4,"key":"EssenceOfSteel"},{"floor":6,"key":"EntropicBrew"},{"floor":8,"key":"DistilledChaos"}],"is_trial":false,"path_per_floor":["M","?","$","M","M","E","R","M","T","E","M","E"],"character_chosen":"WATCHER","items_purchased":[],"campfire_rested":0,"item_purchase_floors":[],"current_hp_per_floor":[69,69,69,68,68,40,40,40,40,20,17,0,0],"gold":288,"neow_bonus":"RANDOM_COMMON_RELIC","is_daily":false,"chose_seed":false,"campfire_upgraded":1,"win_rate":0.0,"timestamp":1613601709,"path_taken":["M","?","?","M","M","E","R","M","T","E","M","E"],"items_purchased_type":[],"build_version":"2020-12-22","purchased_purges":0,"victory":false,"max_hp_per_floor":[72,72,72,72,72,72,72,72,72,72,74,74,74],"relic_stats":{"Darkstone Periapt":0,"Singing Bowl":2,"counters":[8,33],"Pen Nib":[5],"Art of War":[1],"obtain_stats":[{"Darkstone Periapt":2,"Singing Bowl":10,"Pen Nib":0,"Omamori":6,"Art of War":9,"PureWater":0},{"Darkstone Periapt":1,"Singing Bowl":6,"Pen Nib":0,"Omamori":4,"Art of War":5,"PureWater":0},{"Darkstone Periapt":4,"Singing Bowl":25,"Pen Nib":0,"Omamori":19,"Art of War":21,"PureWater":0}]},"card_choices":[{"not_picked":["ClearTheMind","Evaluate"],"picked":"SandsOfTime","floor":1},{"not_picked":["EmptyBody","Crescendo"],"picked":"ForeignInfluence","floor":4},{"not_picked":["FollowUp","BowlingBash"],"picked":"ClearTheMind","floor":5},{"not_picked":["Consecrate","EmptyFist","Halt"],"picked":"SKIP","floor":6},{"not_picked":["BowlingBash","SashWhip"],"picked":"ThirdEye","floor":8},{"not_picked":["Halt","WaveOfTheHand"],"picked":"PathToVictory","floor":10},{"not_picked":["Halt","BowlingBash","MasterReality"],"picked":"Singing Bowl","floor":11}],"player_experience":184934,"relics_obtained":[{"floor":6,"key":"Omamori"},{"floor":9,"key":"Art of War"},{"floor":10,"key":"Singing Bowl"}],"event_choices":[{"damage_healed":0,"gold_gain":0,"player_choice":"Gave Potion","damage_taken":0,"relics_obtained":["Darkstone Periapt"],"max_hp_gain":0,"max_hp_loss":0,"event_name":"WeMeetAgain","floor":2,"gold_loss":0}],"is_beta":false,"boss_relics":[],"items_purged_floors":[],"is_endless":false,"potions_floor_spawned":[1,4,6,8],"killed_by":"Lagavulin","ascension_level":1}}