{"host":"CottonTail234","time":1613522873,"event":{"mods":["BaseMod","Colored Map","Minty Spire (QoL Compilation)","StSLib"],"gold_per_floor":[368,48,66,77,93,93,113,113,113,148,113,113,142,158,158,230,230,245,279,33,51,63,63,77,77,77],"floor_reached":25,"language":"ENG","playtime":1015,"items_purged":["Normality","Strike_P"],"score":366,"play_id":"2a032c61-6687-4686-b675-0cd0d8e9dd7d","local_time":"20210216174753","is_ascension_mode":true,"campfire_choices":[{"data":"TalkToTheHand","floor":6,"key":"SMITH"},{"data":"Devotion","floor":8,"key":"SMITH"},{"data":"ForeignInfluence","floor":15,"key":"SMITH"},{"floor":23,"key":"REST"}],"circlet_count":0,"master_deck":["AscendersBane","Strike_P","Strike_P","Strike_P","Defend_P","Defend_P","Defend_P","Defend_P","Eruption","Vigilance","BowlingBash","Devotion+1","Protect","TalkToTheHand+1","FearNoEvil","FlurryOfBlows","Perseverance","Tantrum","ForeignInfluence+1","MasterReality+1","Consecrate+1","ReachHeaven+1","FlurryOfBlows","EmptyFist+1","ThirdEye"],"relics":["PureWater","Frozen Egg 2","Happy Flower","StoneCalendar","Runic Pyramid","Red Mask","Sling"],"acts_visited":["Exordium","TheCity"],"potions_floor_usage":[16,18,25],"damage_taken":[{"damage":9.0,"enemies":"Small Slimes","floor":1.0,"turns":7.0},{"damage":7.0,"enemies":"Jaw Worm","floor":3.0,"turns":4.0},{"damage":0.0,"enemies":"Cultist","floor":4.0,"turns":2.0},{"damage":8,"enemies":"3 Louse","floor":5,"turns":3},{"damage":0,"enemies":"Blue Slaver","floor":7,"turns":4},{"damage":11,"enemies":"Lagavulin","floor":10,"turns":6},{"damage":8,"enemies":"3 Sentries","floor":13,"turns":6},{"damage":12,"enemies":"Gremlin Gang","floor":14,"turns":4},{"damage":1,"enemies":"Hexaghost","floor":16,"turns":8},{"damage":3,"enemies":"Shell Parasite","floor":18,"turns":3},{"damage":18,"enemies":"Masked Bandits","floor":19,"turns":3},{"damage":8,"enemies":"2 Thieves","floor":21,"turns":4},{"damage":18,"enemies":"Snake Plant","floor":22,"turns":5},{"damage":2,"enemies":"Shelled Parasite and Fungi","floor":24,"turns":5},{"damage":40,"enemies":"Slavers","floor":25,"turns":2}],"seed_played":"-8312252863255844207","potions_obtained":[{"floor":1.0,"key":"EssenceOfSteel"},{"floor":10,"key":"DistilledChaos"},{"floor":13,"key":"Ambrosia"},{"floor":16,"key":"Dexterity Potion"},{"floor":22,"key":"Swift Potion"}],"is_trial":false,"path_per_floor":["M","$","M","M","M","R","M","R","T","E","?","?","E","M","R","B",null,"M","?","$","M","M","R","M","E"],"character_chosen":"WATCHER","items_purchased":["Devotion","Protect","SpeedPotion","Sling"],"campfire_rested":1,"item_purchase_floors":[2,2,2,20],"current_hp_per_floor":[52,52,45,45,37,37,37,37,37,26,43,43,35,23,23,22,57,54,36,36,28,10,30,28,0,0],"gold":77,"neow_bonus":"TWO_FIFTY_GOLD","is_daily":false,"chose_seed":false,"campfire_upgraded":3,"win_rate":0.0,"timestamp":1613522873,"path_taken":["M","$","M","M","M","R","M","R","T","E","?","?","E","M","R","BOSS","M","?","$","M","M","R","M","E"],"items_purchased_type":["Card","Card","Potion","Relic"],"build_version":"2020-12-18","purchased_purges":2,"victory":false,"max_hp_per_floor":[68,68,68,68,68,68,68,68,68,68,68,68,68,68,68,68,68,68,68,68,68,68,68,68,68,68],"card_choices":[{"not_picked":["SashWhip","Prostrate"],"picked":"BowlingBash","floor":1.0},{"not_picked":["ReachHeaven","Meditate"],"picked":"TalkToTheHand","floor":3.0},{"not_picked":["Swivel","ReachHeaven"],"picked":"FearNoEvil","floor":4.0},{"not_picked":["Pray","Swivel","BowlingBash"],"picked":"SKIP","floor":5},{"not_picked":["Halt","Study"],"picked":"FlurryOfBlows","floor":7},{"not_picked":["WheelKick","Wish"],"picked":"Perseverance","floor":10},{"not_picked":["CutThroughFate","Swivel"],"picked":"Tantrum","floor":13},{"not_picked":["EmptyBody","CrushJoints"],"picked":"ForeignInfluence","floor":14},{"not_picked":["DevaForm+1","LessonLearned"],"picked":"MasterReality+1","floor":16},{"not_picked":["CutThroughFate","EmptyFist"],"picked":"Consecrate+1","floor":18},{"not_picked":["Consecrate","Study+1"],"picked":"ReachHeaven+1","floor":19},{"not_picked":["PathToVictory","CrushJoints"],"picked":"FlurryOfBlows","floor":21},{"not_picked":["EmptyBody","Consecrate"],"picked":"EmptyFist+1","floor":22},{"not_picked":["SandsOfTime","FlurryOfBlows"],"picked":"ThirdEye","floor":24}],"player_experience":2192759,"relics_obtained":[{"floor":9,"key":"Frozen Egg 2"},{"floor":10,"key":"Happy Flower"},{"floor":13,"key":"StoneCalendar"},{"floor":19,"key":"Red Mask"}],"event_choices":[{"damage_healed":17,"gold_gain":0,"player_choice":"Healed","damage_taken":0,"max_hp_gain":0,"max_hp_loss":0,"event_name":"The Cleric","floor":11,"gold_loss":35},{"damage_healed":0,"gold_gain":0,"player_choice":"Ignored","damage_taken":0,"max_hp_gain":0,"max_hp_loss":0,"event_name":"Liars Game","floor":12,"gold_loss":0},{"damage_healed":0,"gold_gain":0,"player_choice":"Fought Bandits","damage_taken":0,"max_hp_gain":0,"max_hp_loss":0,"event_name":"Masked Bandits","floor":19,"gold_loss":0}],"is_beta":true,"boss_relics":[{"not_picked":["Pandora\u0027s Box","HolyWater"],"picked":"Runic Pyramid"}],"items_purged_floors":[2,20],"is_endless":false,"potions_floor_spawned":[1,7,10,13,16,22],"killed_by":"Slavers","ascension_level":14}}