{"host":"9bcwdp8h7kwcxx90","time":1613579275,"event":{"mods":["2.2 Compatiblity","BaseMod","Colored Map","Colored Powertips","Downfall","Infinite Spire","Minty Spire (QoL Compilation)","Permanent Neow","Quick Restart","Random Character Button","Relic Sorter","Relic Stats","Reliquary","Shop Mod","StSLib","Unknown Chances"],"gold_per_floor":[99,117,133,133,43,43,97,197,207,207,237,247,147,162,174,269,269,269,282,282,293,293,293,317,337,64,97,117,132,132,217,227,323,323,223,234,284,296,311,211,237,237,237,237],"floor_reached":42,"language":"ENG","playtime":3314,"items_purged":["bronze:Strike","bronze:Strike","bronze:Defend"],"score":600,"play_id":"3530d5c2-e0c2-46c6-b919-fbf3aae3b346","local_time":"20210217102755","is_ascension_mode":true,"campfire_choices":[{"data":"bronze:InfiniteLoop","floor":1.0,"key":"SMITH"},{"data":"bronze:FollowUp","floor":13.0,"key":"SMITH"},{"data":"bronze:Shell","floor":18.0,"key":"SMITH"},{"data":"bronze:Return","floor":30.0,"key":"SMITH"},{"floor":35.0,"key":"RECALL"},{"floor":40,"key":"DIG"}],"circlet_count":0,"master_deck":["bronze:Defend","bronze:Defend","bronze:Defend","bronze:Replicate+1","bronze:Goto+1","bronze:InfiniteLoop+1","bronze:Return+1","bronze:FollowUp+1","bronze:ClassDefault","bronze:Constructor","bronze:DelayedSlice","bronze:Shell+1","bronze:DelayedGuard","bronze:Boost","bronze:Backtrace","bronze:Repair","bronze:ThunderWave","bronze:MaxOutput","bronze:Refactor","bronze:WhirlingStrike+1","bronze:FineTuning+1","bronze:Shell+1","bronze:Invalidate+1","bronze:Frontload"],"relics":["bronze:BronzeCore","infinitespire:BottledMercury","downfall:HeartBlessingGreen","reliquary:WritOfMandamus","Empty Cage","Shovel","Shovel","Dream Catcher","Ice Cream","SlaversCollar","downfall:HeartBlessingBlue","Prayer Wheel","downfall:HeartBlessingRed","Bird Faced Urn","infinitespire:Beetle Shell"],"acts_visited":["Exordium","TheCity","TheBeyond"],"potions_floor_usage":[],"damage_taken":[{"damage":2.0,"enemies":"Jaw Worm","floor":2.0,"turns":3.0},{"damage":0.0,"enemies":"2 Louse","floor":3.0,"turns":2.0},{"damage":0.0,"enemies":"downfall:FleeingMerchant","floor":5.0,"turns":4.0},{"damage":0.0,"enemies":"Small Slimes","floor":9.0,"turns":3.0},{"damage":16.0,"enemies":"Gremlin Nob","floor":11.0,"turns":3.0},{"damage":3.0,"enemies":"2 Fungi Beasts","floor":12.0,"turns":2.0},{"damage":0.0,"enemies":"Red Slaver","floor":14.0,"turns":3.0},{"damage":0.0,"enemies":"Exordium Wildlife","floor":15.0,"turns":2.0},{"damage":0.0,"enemies":"DF_ARCHETYPE_STREAMLINE","floor":16.0,"turns":6.0},{"damage":2.0,"enemies":"Shell Parasite","floor":19.0,"turns":4.0},{"damage":0.0,"enemies":"3 Byrds","floor":21.0,"turns":1.0},{"damage":0.0,"enemies":"Sentry and Sphere","floor":25.0,"turns":3.0},{"damage":0.0,"enemies":"downfall:FleeingMerchant","floor":26.0,"turns":4.0},{"damage":0.0,"enemies":"Book of Stabbing","floor":27.0,"turns":4.0},{"damage":4.0,"enemies":"Snecko","floor":28.0,"turns":4.0},{"damage":6.0,"enemies":"3 Cultists","floor":29.0,"turns":4.0},{"damage":11.0,"enemies":"Shelled Parasite and Fungi","floor":32.0,"turns":4.0},{"damage":0.0,"enemies":"WA_ARCHETYPE_CALM","floor":33.0,"turns":5.0},{"damage":2.0,"enemies":"Orb Walker","floor":36.0,"turns":2.0},{"damage":0.0,"enemies":"Orb Walker","floor":37.0,"turns":5.0},{"damage":23.0,"enemies":"3 Shapes","floor":38.0,"turns":3.0},{"damage":17.0,"enemies":"Jaw Worm Horde","floor":39.0,"turns":5.0},{"damage":14,"enemies":"Spire Growth","floor":42,"turns":3}],"seed_played":"4391733444051701750","potions_obtained":[{"floor":2.0,"key":"SmokeBomb"},{"floor":11.0,"key":"sneckomod:MuddlingPotion"},{"floor":15.0,"key":"ColorlessPotion"},{"floor":16.0,"key":"Block Potion"},{"floor":27.0,"key":"Swift Potion"},{"floor":37.0,"key":"Energy Potion"},{"floor":39,"key":"Weak Potion"}],"is_trial":false,"path_per_floor":["R","M","M","?","$","?","T","?","M","?","E","M","R","M","M","B",null,"R","M","AVR","M","T","?","T","M","$","E","M","M","R","?","M","B",null,"R","M","?","M","M","R","T","M"],"character_chosen":"THE_AUTOMATON","items_purchased":["bronze:ThunderWave"],"campfire_rested":0,"item_purchase_floors":[26],"current_hp_per_floor":[63,61,61,66,66,66,66,66,66,66,50,47,47,47,47,47,68,68,66,66,66,66,66,66,66,66,68,64,65,65,51,47,54,68,78,76,78,62,52,52,52,45,45,45],"gold":237,"neow_bonus":"THREE_RARE_CARDS","is_daily":false,"chose_seed":false,"campfire_upgraded":4,"win_rate":0.0,"timestamp":1613579275,"path_taken":["R","M","M","?","$","?","T","?","?","?","E","M","R","M","M","BOSS","R","M","AVR","M","?","?","T","M","$","E","M","M","R","?","M","BOSS","R","M","?","M","M","R","T","M"],"items_purchased_type":["Card"],"build_version":"2020-12-22","purchased_purges":3,"victory":false,"max_hp_per_floor":[63,63,63,68,68,68,68,68,68,68,68,68,68,68,68,68,68,68,68,68,68,68,68,68,68,68,68,68,68,68,68,68,68,68,78,78,78,78,78,78,78,78,78,78],"relic_stats":{"Dream Catcher":0,"Shovel":1,"counters":[23,79],"Bird Faced Urn":[0],"Prayer Wheel":3,"obtain_stats":[{"Ice Cream":27,"infinitespire:BottledMercury":11,"bronze:BronzeCore":0,"downfall:HeartBlessingRed":40,"downfall:HeartBlessingGreen":13,"infinitespire:Beetle Shell":41,"Empty Cage":20,"SlaversCollar":34,"Dream Catcher":24,"downfall:BrokenWingStatue":6,"Shovel":20,"downfall:HeartBlessingBlue":35,"Bird Faced Urn":40,"Prayer Wheel":37,"reliquary:WritOfMandamus":17},{"Ice Cream":14,"infinitespire:BottledMercury":5,"bronze:BronzeCore":0,"downfall:HeartBlessingRed":22,"downfall:HeartBlessingGreen":6,"infinitespire:Beetle Shell":22,"Empty Cage":10,"SlaversCollar":18,"Dream Catcher":11,"downfall:BrokenWingStatue":3,"Shovel":10,"downfall:HeartBlessingBlue":18,"Bird Faced Urn":22,"Prayer Wheel":20,"reliquary:WritOfMandamus":9},{"Ice Cream":44,"infinitespire:BottledMercury":15,"bronze:BronzeCore":0,"downfall:HeartBlessingRed":76,"downfall:HeartBlessingGreen":17,"infinitespire:Beetle Shell":76,"Empty Cage":32,"SlaversCollar":61,"Dream Catcher":33,"downfall:BrokenWingStatue":9,"Shovel":32,"downfall:HeartBlessingBlue":61,"Bird Faced Urn":76,"Prayer Wheel":68,"reliquary:WritOfMandamus":28}]},"card_choices":[{"not_picked":["bronze:BurnOut","bronze:Verify"],"picked":"bronze:InfiniteLoop","floor":0.0},{"not_picked":["bronze:FineTuning","bronze:OilSpill"],"picked":"bronze:Return","floor":2.0},{"not_picked":["bronze:Branch","bronze:Flail"],"picked":"bronze:FollowUp","floor":3.0},{"not_picked":["bronze:Assembly","bronze:BitShift"],"picked":"bronze:ClassDefault","floor":5.0},{"not_picked":["bronze:CloningBeam","bronze:Separator","bronze:InfiniteBeams"],"picked":"SKIP","floor":9.0},{"not_picked":["bronze:CloningBeam","bronze:Repulsor","bronze:BugBarrage"],"picked":"SKIP","floor":11.0},{"not_picked":["bronze:NullPointer","bronze:Philosophize"],"picked":"bronze:Constructor","floor":12.0},{"not_picked":["bronze:BitShift","bronze:Iterate"],"picked":"bronze:DelayedSlice","floor":14.0},{"not_picked":["bronze:Separator","bronze:Turbo"],"picked":"bronze:Shell","floor":15.0},{"not_picked":["bronze:Constructor","bronze:CutThrough+1"],"picked":"bronze:DelayedGuard","floor":19.0},{"not_picked":["bronze:Overload","bronze:OilSpill"],"picked":"bronze:Boost","floor":21.0},{"not_picked":["bronze:Safeguard+1","bronze:Allocate"],"picked":"bronze:Backtrace","floor":25.0},{"not_picked":["bronze:NullPointer+1","bronze:CloningBeam"],"picked":"bronze:Repair","floor":26.0},{"not_picked":["bronze:Deprecate","bronze:Overload+1"],"picked":"bronze:MaxOutput","floor":27.0},{"not_picked":["bronze:BugBarrage","bronze:Fortify","bronze:ItsAFeature"],"picked":"SKIP","floor":28.0},{"not_picked":["bronze:BuggyMess+1","bronze:Turbo","bronze:Allocate"],"picked":"SKIP","floor":29.0},{"not_picked":["bronze:BuggyMess","bronze:CutThrough+1"],"picked":"bronze:Refactor","floor":32.0},{"not_picked":["bronze:Overload","bronze:Shield"],"picked":"bronze:WhirlingStrike+1","floor":36.0},{"not_picked":["bronze:Refactor+1","bronze:Optimize+1"],"picked":"bronze:FineTuning+1","floor":37.0},{"not_picked":["bronze:BitShift+1","bronze:Fortify"],"picked":"bronze:Shell+1","floor":38.0},{"not_picked":["bronze:Backtrace","bronze:Return","bronze:OilSpill+1"],"picked":"SKIP","floor":38.0},{"not_picked":["bronze:BronzeArmor","bronze:DelayedGuard+1"],"picked":"bronze:Invalidate+1","floor":39},{"not_picked":["bronze:Separator+1","bronze:ShipIt"],"picked":"bronze:Frontload","floor":39}],"player_experience":278154,"relics_obtained":[{"floor":11.0,"key":"infinitespire:BottledMercury"},{"floor":22.0,"key":"Shovel"},{"floor":24.0,"key":"Dream Catcher"},{"floor":27.0,"key":"Ice Cream"},{"floor":37.0,"key":"Prayer Wheel"},{"floor":40,"key":"Bird Faced Urn"},{"floor":41,"key":"infinitespire:Beetle Shell"}],"event_choices":[{"damage_healed":0.0,"max_hp_gain":5.0,"max_hp_loss":0.0,"gold_gain":0.0,"event_name":"Big Fish","player_choice":"Donut","floor":4.0,"gold_loss":0.0,"damage_taken":0.0}],"is_beta":false,"boss_relics":[{"not_picked":["Black Star","Pandora\u0027s Box"],"picked":"reliquary:WritOfMandamus"},{"not_picked":["expansioncontent:StudyCardRelic","Velvet Choker"],"picked":"SlaversCollar"}],"items_purged_floors":[5,20,26],"is_endless":false,"potions_floor_spawned":[2,11,15,16,27,29,32,37,39],"killed_by":"Spire Growth","ascension_level":2}}