{"host":"omio3a71jojnapwg","time":1613547608,"event":{"mods":["Act Like it!","BaseMod","BetterRewards","Colored Map","Colored Powertips","Hermit","Hubris","Infinite Spire","Mad Scientist","Magitek Elite","Minty Spire (QoL Compilation)","Railgun Mod","ReimuÅiîé??öÎÅj","Replay The Spire","Robot Space Explorer","Spikes Relics","StSLib","Td1madao Mod","The Alterego","The Gatherer","The Necromancer","The Runesmith","The Servant 0.9.4","TheBandit","TheVacant"],"gold_per_floor":[116,131,131,142,153,153,185,35,35,35,35,35,35,35,35,134,134,145,145,145,162,172,172,203,203,203,214,249,249,249,339,339,444,444,459,255,255,270,284,284,316,332,356,356,374,374,374,124,124,218,218,218],"floor_reached":51,"language":"ENG","playtime":1016,"items_purged":[],"score":936,"play_id":"83e6d388-f3d4-4855-baa7-94b44e01f964","local_time":"20210216234008","daily_mods":["Draft","Hoarder","Shiny","Specialized"],"is_ascension_mode":false,"campfire_choices":[{"data":"alterego_mod:TrickOrTreatment","floor":6,"key":"SMITH"},{"data":"alterego_mod:Weigh","floor":15,"key":"SMITH"},{"data":"alterego_mod:Palingenesis","floor":23,"key":"SMITH"},{"data":"alterego_mod:Bounce","floor":29,"key":"SMITH"},{"floor":32,"key":"REST"},{"floor":40,"key":"REST"}],"circlet_count":0,"master_deck":["alterego_mod:AlterEgo","alterego_mod:GIGAMILK","alterego_mod:InsideBaseball","alterego_mod:Weigh+1","alterego_mod:RingBreak","alterego_mod:IdEs","alterego_mod:Rake","alterego_mod:TrickOrTreatment+1","alterego_mod:SideboobHour","alterego_mod:Lift","alterego_mod:STier","alterego_mod:Palingenesis+1","alterego_mod:Tantrum","alterego_mod:ClassAdvantage","alterego_mod:PainIsPleasure","alterego_mod:Valkyrie","alterego_mod:Venus","alterego_mod:Antipathy","alterego_mod:BrynhildrRomantia","alterego_mod:VirginLaserPalladion+1","alterego_mod:Bounce+1","alterego_mod:Bounce","alterego_mod:Bounce","alterego_mod:Bounce","alterego_mod:Bounce","alterego_mod:Bounce","alterego_mod:Bounce","alterego_mod:Bounce","alterego_mod:Bounce","alterego_mod:Bounce","alterego_mod:Bounce","alterego_mod:Bounce","alterego_mod:Bounce","alterego_mod:Bounce","alterego_mod:Bounce","alterego_mod:Rip","alterego_mod:Rip","alterego_mod:Rip","alterego_mod:MaintainEyeContact","alterego_mod:MaintainEyeContact","alterego_mod:Clones","alterego_mod:Clones","alterego_mod:Clones","alterego_mod:Santa","alterego_mod:Santa+1","alterego_mod:TrashNCrash","alterego_mod:TrashNCrash","alterego_mod:TrashNCrash","alterego_mod:Birthday","alterego_mod:Birthday","alterego_mod:Birthday","alterego_mod:Skirt","alterego_mod:Skirt","alterego_mod:Skirt","alterego_mod:Mirror","alterego_mod:Mirror","alterego_mod:Mirror","alterego_mod:Skirt","alterego_mod:Skirt","alterego_mod:Skirt","alterego_mod:BreastValley","alterego_mod:BreastValley","alterego_mod:BreastValley","alterego_mod:SakuraFive","alterego_mod:SakuraFive","alterego_mod:SakuraFive","alterego_mod:Valentines","alterego_mod:Valentines","alterego_mod:Valentines","alterego_mod:DeftHands","alterego_mod:DeftHands","alterego_mod:DeftHands","alterego_mod:BiFurious","alterego_mod:BiFurious","alterego_mod:BiFurious","alterego_mod:Nekomimi","alterego_mod:Nekomimi","alterego_mod:Nekomimi","alterego_mod:Bounce","alterego_mod:Bounce","alterego_mod:Bounce+1","alterego_mod:Punishment","alterego_mod:Punishment","alterego_mod:Punishment","alterego_mod:Bounce","alterego_mod:Bounce","alterego_mod:Bounce","alterego_mod:Bounce","alterego_mod:Bounce","alterego_mod:Bounce","alterego_mod:Bounce","alterego_mod:Bounce","alterego_mod:Bounce","alterego_mod:Palingenesis","alterego_mod:Palingenesis","alterego_mod:Palingenesis","alterego_mod:Bounce","alterego_mod:Bounce","alterego_mod:Bounce","alterego_mod:Cushion","alterego_mod:Cushion","alterego_mod:Cushion","alterego_mod:Collar+1","alterego_mod:Collar+1","alterego_mod:Collar+1","alterego_mod:Birthday","alterego_mod:Birthday","alterego_mod:Birthday","alterego_mod:Birthday","alterego_mod:Birthday","alterego_mod:Birthday","alterego_mod:Rip","alterego_mod:Rip","alterego_mod:Rip","alterego_mod:Bounce","alterego_mod:Bounce","alterego_mod:Bounce","alterego_mod:STier","alterego_mod:STier","alterego_mod:STier"],"relics":["alterego_mod:MasochisticConstitution","replay:Trail_Library","Angel_Ring","alterego_mod:SistersRibbon","hubris:CrystalStatue","NeowsBlessing","NeowsBlessing","Runesmith:AutoHammer","Replay:Drink Me","hubris:Icosahedron","infinitespire:BottledMercury","Mummified Hand","NeowsBlessing","Busted Crown","ReplayTheSpireMod:Lightbulb","Boot","Whetstone","NeowsBlessing","hubris:BlackHole","Chemical X","Bottled Lightning","Gem_Box","replay:Trail_Library"],"acts_visited":["Exordium","TheCity","TheBeyond","Exordium"],"potions_floor_usage":[],"damage_taken":[{"damage":0,"enemies":"Small Slimes","floor":1,"turns":1},{"damage":11,"enemies":"Jaw Worm","floor":2,"turns":2},{"damage":0,"enemies":"Cultist","floor":4,"turns":1},{"damage":0,"enemies":"Gremlin Gang","floor":5,"turns":1},{"damage":0,"enemies":"Gremlin Nob","floor":7,"turns":2},{"damage":0,"enemies":"Slime Boss","floor":16,"turns":1},{"damage":0,"enemies":"3 Byrds","floor":18,"turns":1},{"damage":0,"enemies":"Chosen","floor":21,"turns":1},{"damage":0,"enemies":"Sentry and Sphere","floor":22,"turns":1},{"damage":0,"enemies":"Nightmare","floor":24,"turns":1},{"damage":0,"enemies":"Snecko","floor":27,"turns":1},{"damage":0,"enemies":"Slavers","floor":28,"turns":1},{"damage":0,"enemies":"hubris:MusketHawk","floor":33,"turns":1},{"damage":16,"enemies":"3 Shapes","floor":35,"turns":2},{"damage":0,"enemies":"Orb Walker","floor":38,"turns":1},{"damage":76,"enemies":"Transient","floor":39,"turns":5},{"damage":0,"enemies":"Nightmare","floor":41,"turns":1},{"damage":0,"enemies":"Jaw Worm Horde","floor":42,"turns":1},{"damage":0,"enemies":"Writhing Mass","floor":45,"turns":1},{"damage":1,"enemies":"infinitespire:MassOfShapes","floor":50,"turns":1}],"seed_played":"-3009883531795416137","potions_obtained":[{"floor":1,"key":"Weak Potion"},{"floor":4,"key":"BlessingOfTheForge"},{"floor":5,"key":"Swift Potion"},{"floor":21,"key":"LiquidBronze"},{"floor":39,"key":"PowerPotion"}],"is_trial":true,"path_per_floor":["M","M","$","M","M","R","E","$","T","WH","WH","WH","$","?","R","B",null,"M","WH","?","M","M","R","NM","$","T","M","E","R","WH","?","R","B",null,"M","$","?","M","M","R","NM","M","T","WH","M","AVR","WH","$","R_BF","B",null],"character_chosen":"The_Alterego","items_purchased":["alterego_mod:SistersRibbon","ReplayTheSpireMod:Lightbulb","Bottled Lightning"],"campfire_rested":2,"item_purchase_floors":[8,36,48],"current_hp_per_floor":[70,60,60,60,60,60,60,60,60,60,60,67,67,67,67,67,59,59,64,64,64,64,64,64,64,64,64,64,64,64,52,64,64,64,49,49,75,75,48,70,70,70,70,70,70,70,70,70,76,76,76,76],"gold":218,"neow_bonus":"THREE_ENEMY_KILL","is_daily":false,"chose_seed":false,"campfire_upgraded":4,"win_rate":0.0,"timestamp":1613547608,"path_taken":["M","M","$","M","M","R","E","$","T","WH","WH","WH","$","?","R","BOSS","M","WH","?","M","M","R","NM","$","T","M","E","R","WH","?","R","BOSS","M","$","?","M","M","R","NM","M","T","WH","M","AVR","WH","$","R_BF","BOSS"],"items_purchased_type":["Relic","Relic","Relic"],"build_version":"2020-12-22","purchased_purges":0,"victory":false,"max_hp_per_floor":[70,71,71,71,71,71,71,71,71,71,71,78,78,78,78,78,59,59,64,64,64,64,64,64,64,64,64,64,64,64,64,64,64,64,65,65,75,75,76,76,76,76,76,76,76,76,76,76,76,76,76,76],"card_choices":[{"not_picked":["alterego_mod:MagicResistance","alterego_mod:TrashNCrash"],"picked":"alterego_mod:Rip","floor":0},{"not_picked":["alterego_mod:1TonWallop","alterego_mod:Cycle"],"picked":"alterego_mod:MaintainEyeContact","floor":0},{"not_picked":["alterego_mod:Bloomers","alterego_mod:Pet"],"picked":"alterego_mod:Clones","floor":0},{"not_picked":["alterego_mod:PerceptionDisorder","alterego_mod:GoddessCore"],"picked":"alterego_mod:Santa","floor":0},{"not_picked":["alterego_mod:DeftHands","alterego_mod:Maid"],"picked":"alterego_mod:TrashNCrash","floor":0},{"not_picked":["alterego_mod:Clap","alterego_mod:DiscoLights"],"picked":"alterego_mod:Birthday","floor":0},{"not_picked":["alterego_mod:PerceptionDisorder","alterego_mod:MagicResistance"],"picked":"alterego_mod:Skirt","floor":0},{"not_picked":["alterego_mod:Maid","alterego_mod:TrashNCrash"],"picked":"alterego_mod:Mirror","floor":0},{"not_picked":["alterego_mod:Cycle","alterego_mod:GoddessCore"],"picked":"alterego_mod:Skirt","floor":0},{"not_picked":["alterego_mod:Cycle","alterego_mod:Swimsuit"],"picked":"alterego_mod:BreastValley","floor":0},{"not_picked":["alterego_mod:BiFurious","alterego_mod:Pet"],"picked":"alterego_mod:SakuraFive","floor":0},{"not_picked":["alterego_mod:TrashNCrash","alterego_mod:Belts"],"picked":"alterego_mod:Valentines","floor":0},{"not_picked":["alterego_mod:1TonWallop","alterego_mod:SakuraLabyrinth"],"picked":"alterego_mod:DeftHands","floor":0},{"not_picked":["alterego_mod:PerceptionDisorder","alterego_mod:Cycle"],"picked":"alterego_mod:BiFurious","floor":0},{"not_picked":["alterego_mod:Bloomers","alterego_mod:Skirt"],"picked":"alterego_mod:Nekomimi","floor":0},{"not_picked":["alterego_mod:Pet","alterego_mod:Clones"],"picked":"alterego_mod:Bounce","floor":1},{"not_picked":["alterego_mod:HighServant","alterego_mod:Rip"],"picked":"alterego_mod:Punishment","floor":2},{"not_picked":["alterego_mod:Nekomimi","alterego_mod:DeftHands","alterego_mod:GoddessCore"],"picked":"SKIP","floor":4},{"not_picked":["alterego_mod:MaintainEyeContact","alterego_mod:Complex"],"picked":"alterego_mod:Bounce","floor":5},{"not_picked":["alterego_mod:Santa","alterego_mod:GIGAMILK"],"picked":"alterego_mod:Bounce","floor":7},{"not_picked":["alterego_mod:PainIsPleasure","alterego_mod:AlterEgo"],"picked":"alterego_mod:Palingenesis","floor":16},{"not_picked":["alterego_mod:HighServant","alterego_mod:Maid"],"picked":"alterego_mod:Bounce","floor":18},{"not_picked":["alterego_mod:SakuraFive","alterego_mod:RocketPunch+1"],"picked":"alterego_mod:Cushion","floor":21},{"not_picked":["alterego_mod:RocketPunch","alterego_mod:BusterCard","alterego_mod:Rip"],"picked":"SKIP","floor":22},{"not_picked":["alterego_mod:Support","alterego_mod:Exercise"],"picked":"alterego_mod:Collar+1","floor":24},{"not_picked":["alterego_mod:Undulate+1","alterego_mod:GoddessCore","alterego_mod:Table+1"],"picked":"SKIP","floor":27},{"not_picked":["alterego_mod:PurpleHair+1","alterego_mod:DestructionOfProperty","alterego_mod:DiscoLights"],"picked":"SKIP","floor":28},{"not_picked":[],"picked":"alterego_mod:Birthday","floor":35},{"not_picked":[],"picked":"alterego_mod:Rip","floor":38},{"not_picked":["alterego_mod:Stockings+1"],"picked":"SKIP","floor":39},{"not_picked":["alterego_mod:ClassAdvantage"],"picked":"SKIP","floor":41},{"not_picked":["alterego_mod:RocketPunch+1"],"picked":"SKIP","floor":42},{"not_picked":["alterego_mod:Maid"],"picked":"SKIP","floor":45},{"not_picked":[],"picked":"alterego_mod:STier","floor":50}],"player_experience":280840,"relics_obtained":[{"floor":7,"key":"Angel_Ring"},{"floor":9,"key":"hubris:CrystalStatue"},{"floor":14,"key":"Runesmith:AutoHammer"},{"floor":24,"key":"infinitespire:BottledMercury"},{"floor":26,"key":"Mummified Hand"},{"floor":41,"key":"Boot"},{"floor":43,"key":"Whetstone"}],"event_choices":[{"damage_healed":0,"gold_gain":90,"player_choice":"GOLD ","damage_taken":12,"max_hp_gain":0,"max_hp_loss":0,"event_name":"Knowing Skull","floor":31,"potions_obtained":[],"gold_loss":0,"cards_obtained":[]},{"cards_removed":["alterego_mod:Vow"],"damage_healed":16,"gold_gain":0,"player_choice":"Offered Rare","damage_taken":0,"max_hp_gain":10,"max_hp_loss":0,"event_name":"Bonfire Elementals","floor":37,"gold_loss":0}],"is_beta":false,"boss_relics":[{"not_picked":["Velvet Choker","hubris:GrandSneckoEye"],"picked":"Replay:Drink Me"},{"not_picked":["Ring of Chaos","Tiny House"],"picked":"Busted Crown"},{"not_picked":["Philosopher\u0027s Stone","ChewingGum"],"picked":"Gem_Box"}],"items_purged_floors":[],"is_endless":true,"potions_floor_spawned":[1,4,5,7,21,27,33,38,39,42],"ascension_level":0}}