{"host":"2hea6pl5vmah38iy","time":1613522891,"event":{"mods":["AchievementEnabler","BaseMod","Colored Map","DeckTracker","Keyboard Shortcuts","Minty Spire (QoL Compilation)","Rare Cards Sparkle","StSLib","SuperFastMode","everything is the same but u backflip on backflip"],"gold_per_floor":[119,130,146,156,156,156,156,185,208,227,242,275,285,301,301,380,380,396,409,428,428,428,459,475,508,560,52,84,97,122,140,140,218,218,235,255,265,277,291,316,326,326,351,176,209,209,235,245,245,245,245],"floor_reached":50,"language":"KOR","playtime":1867,"items_purged":["Strike_R","Strike_R"],"score":1427,"play_id":"eb4d0607-e1c0-491b-a072-13e6e3c2111f","local_time":"20210217094810","is_ascension_mode":true,"campfire_choices":[{"data":"Immolate","floor":6.0,"key":"SMITH"},{"data":"Bludgeon","floor":15.0,"key":"SMITH"},{"data":"Double Tap","floor":32.0,"key":"SMITH"},{"floor":42,"key":"RECALL"},{"data":"Feel No Pain","floor":49,"key":"SMITH"}],"circlet_count":0,"master_deck":["AscendersBane","Strike_R","Defend_R+1","Defend_R","Defend_R","Defend_R","Bash","Immolate+1","Disarm","Burning Pact","Bludgeon+1","Double Tap+1","Shrug It Off","Pommel Strike","Second Wind+1","Feel No Pain+1"],"relics":["Burning Blood","MealTicket","Pen Nib","PreservedInsect","Coffee Dripper","Tiny Chest","Bag of Marbles","Vajra","Potion Belt","Medical Kit","Blood Vial","Omamori","Cursed Key","War Paint","Toy Ornithopter","CaptainsWheel","Centennial Puzzle"],"acts_visited":["Exordium","TheCity","TheBeyond"],"potions_floor_usage":[40,41,45,47,47,50],"damage_taken":[{"damage":0.0,"enemies":"Cultist","floor":1.0,"turns":2.0},{"damage":0.0,"enemies":"2 Louse","floor":2.0,"turns":1.0},{"damage":12.0,"enemies":"Small Slimes","floor":3.0,"turns":3.0},{"damage":26.0,"enemies":"Exordium Thugs","floor":4.0,"turns":2.0},{"damage":32.0,"enemies":"3 Sentries","floor":8.0,"turns":6.0},{"damage":8.0,"enemies":"Lots of Slimes","floor":10.0,"turns":2.0},{"damage":13.0,"enemies":"Blue Slaver","floor":11.0,"turns":2.0},{"damage":8.0,"enemies":"Gremlin Nob","floor":12.0,"turns":3.0},{"damage":6.0,"enemies":"Exordium Thugs","floor":13.0,"turns":3.0},{"damage":0.0,"enemies":"Lots of Slimes","floor":14.0,"turns":1.0},{"damage":23.0,"enemies":"Hexaghost","floor":16.0,"turns":8.0},{"damage":6.0,"enemies":"Spheric Guardian","floor":18.0,"turns":3.0},{"damage":0.0,"enemies":"Shell Parasite","floor":19.0,"turns":1.0},{"damage":24.0,"enemies":"Snake Plant","floor":20.0,"turns":2.0},{"damage":28.0,"enemies":"Slavers","floor":23.0,"turns":3.0},{"damage":0.0,"enemies":"Snecko","floor":24.0,"turns":2.0},{"damage":22.0,"enemies":"Book of Stabbing","floor":25.0,"turns":3.0},{"damage":0.0,"enemies":"Slavers","floor":28.0,"turns":1.0},{"damage":0.0,"enemies":"Shelled Parasite and Fungi","floor":29.0,"turns":1.0},{"damage":0.0,"enemies":"Gremlin Leader","floor":30.0,"turns":1.0},{"damage":0.0,"enemies":"Snake Plant","floor":31.0,"turns":1.0},{"damage":49.0,"enemies":"Collector","floor":33.0,"turns":8.0},{"damage":0.0,"enemies":"Orb Walker","floor":35.0,"turns":1.0},{"damage":23.0,"enemies":"3 Shapes","floor":36.0,"turns":1.0},{"damage":18.0,"enemies":"Jaw Worm Horde","floor":37.0,"turns":3.0},{"damage":14,"enemies":"3 Darklings","floor":38,"turns":3},{"damage":8,"enemies":"Transient","floor":39,"turns":6},{"damage":0,"enemies":"Nemesis","floor":40,"turns":3},{"damage":20,"enemies":"Spire Growth","floor":41,"turns":3},{"damage":7,"enemies":"Giant Head","floor":45,"turns":5},{"damage":38,"enemies":"Nemesis","floor":47,"turns":7},{"damage":0,"enemies":"Sphere and 2 Shapes","floor":48,"turns":2},{"damage":108,"enemies":"Awakened One","floor":50,"turns":9}],"seed_played":"7096118314390149187","potions_obtained":[{"floor":2.0,"key":"BloodPotion"},{"floor":4.0,"key":"Energy Potion"},{"floor":8.0,"key":"Explosive Potion"},{"floor":13.0,"key":"Weak Potion"},{"floor":16.0,"key":"FearPotion"},{"floor":23.0,"key":"Dexterity Potion"},{"floor":24.0,"key":"Swift Potion"},{"floor":25.0,"key":"FairyPotion"},{"floor":30.0,"key":"Regen Potion"},{"floor":35.0,"key":"SmokeBomb"},{"floor":38,"key":"Energy Potion"},{"floor":40,"key":"AttackPotion"},{"floor":45,"key":"SkillPotion"},{"floor":47,"key":"Block Potion"}],"is_trial":false,"path_per_floor":["M","M","M","M","?","R","?","E","T","M","M","E","M","M","R","B",null,"M","M","M","?","?","E","M","E","T","$","E","M","E","M","R","B",null,"M","M","M","M","M","E","M","R","T","$","E","T","E","M","R","B"],"character_chosen":"IRONCLAD","items_purchased":["Potion Belt","Medical Kit","EntropicBrew","Feel No Pain"],"campfire_rested":0,"item_purchase_floors":[27,27,27,44],"current_hp_per_floor":[56,62,56,36,29,29,85,76,76,74,67,65,65,71,71,54,77,77,83,65,65,65,43,49,33,33,48,54,62,70,78,78,37,73,81,66,56,50,50,67,55,55,55,70,71,71,51,59,59,0,0],"gold":245,"neow_bonus":"THREE_RARE_CARDS","is_daily":false,"chose_seed":false,"campfire_upgraded":4,"win_rate":0.0,"timestamp":1613522890,"path_taken":["M","M","M","?","?","R","?","E","T","M","M","E","M","M","R","BOSS","M","M","M","?","?","E","?","E","T","$","E","M","E","M","R","BOSS","M","M","M","?","?","E","M","R","T","$","E","?","E","M","R","BOSS"],"items_purchased_type":["Relic","Relic","Potion","Card"],"build_version":"2020-12-22","purchased_purges":2,"victory":false,"max_hp_per_floor":[75,75,75,75,75,75,85,85,85,85,85,85,85,85,85,85,85,85,85,85,85,85,85,85,85,85,85,85,85,85,85,85,85,85,85,85,85,85,85,85,85,85,85,85,85,85,85,85,85,85,85],"card_choices":[{"not_picked":["Brutality","Double Tap"],"picked":"Immolate","floor":0.0},{"not_picked":["Flex","Heavy Blade","Thunderclap"],"picked":"SKIP","floor":1.0},{"not_picked":["Intimidate","Thunderclap"],"picked":"Disarm","floor":2.0},{"not_picked":["Wild Strike","Dual Wield"],"picked":"Immolate","floor":3.0},{"not_picked":["Twin Strike","Rupture"],"picked":"Burning Pact","floor":4.0},{"not_picked":["Iron Wave","Sword Boomerang"],"picked":"Bludgeon","floor":8.0},{"not_picked":["Spot Weakness","Inflame","Whirlwind"],"picked":"SKIP","floor":10.0},{"not_picked":["Dual Wield","Perfected Strike","Sever Soul"],"picked":"SKIP","floor":11.0},{"not_picked":["Perfected Strike","Rampage","Dropkick"],"picked":"SKIP","floor":12.0},{"not_picked":["Cleave","Clothesline","Rupture"],"picked":"SKIP","floor":13.0},{"not_picked":["Armaments","Iron Wave","Twin Strike"],"picked":"SKIP","floor":14.0},{"not_picked":["Brutality","Corruption"],"picked":"Double Tap","floor":16.0},{"not_picked":["Thunderclap","Flex"],"picked":"Shrug It Off","floor":18.0},{"not_picked":["Uppercut","True Grit","Perfected Strike"],"picked":"SKIP","floor":19.0},{"not_picked":["Headbutt","Uppercut"],"picked":"Pommel Strike","floor":20.0},{"not_picked":["True Grit","Infernal Blade+1","Bloodletting"],"picked":"SKIP","floor":23.0},{"not_picked":["Anger+1","Flex","Feed"],"picked":"SKIP","floor":24.0},{"not_picked":["Wild Strike","Entrench+1","Heavy Blade"],"picked":"SKIP","floor":25.0},{"not_picked":["Searing Blow","Blood for Blood","Rupture+1"],"picked":"SKIP","floor":28.0},{"not_picked":["Armaments","Thunderclap","Heavy Blade"],"picked":"SKIP","floor":29.0},{"not_picked":["Armaments","Corruption","Anger"],"picked":"SKIP","floor":30.0},{"not_picked":["Clothesline","Dropkick","Ghostly Armor"],"picked":"SKIP","floor":31.0},{"not_picked":["Pommel Strike+1","Wild Strike+1","Headbutt"],"picked":"SKIP","floor":35.0},{"not_picked":["Inflame","Second Wind","Flex+1"],"picked":"SKIP","floor":36.0},{"not_picked":["Burning Pact","Intimidate","Clash"],"picked":"SKIP","floor":37.0},{"not_picked":["Hemokinesis+1","Wild Strike+1","Disarm"],"picked":"SKIP","floor":38},{"not_picked":["Twin Strike+1","Cleave","Clash+1"],"picked":"SKIP","floor":39},{"not_picked":["Armaments","Thunderclap","Seeing Red"],"picked":"SKIP","floor":40},{"not_picked":["Havoc","Bloodletting+1","Whirlwind"],"picked":"SKIP","floor":41},{"not_picked":["Thunderclap+1","Flex","Reckless Charge"],"picked":"SKIP","floor":45},{"not_picked":["Bloodletting","Heavy Blade","Pommel Strike"],"picked":"SKIP","floor":47},{"not_picked":["Rage+1","Iron Wave","Second Wind"],"picked":"SKIP","floor":48}],"player_experience":577265,"relics_obtained":[{"floor":8.0,"key":"MealTicket"},{"floor":9.0,"key":"Pen Nib"},{"floor":12.0,"key":"PreservedInsect"},{"floor":23.0,"key":"Tiny Chest"},{"floor":25.0,"key":"Bag of Marbles"},{"floor":26.0,"key":"Vajra"},{"floor":28.0,"key":"Blood Vial"},{"floor":30.0,"key":"Omamori"},{"floor":40,"key":"War Paint"},{"floor":45,"key":"Toy Ornithopter"},{"floor":46,"key":"CaptainsWheel"},{"floor":47,"key":"Centennial Puzzle"}],"event_choices":[{"cards_removed":["Strike_R"],"damage_healed":0.0,"max_hp_gain":0.0,"max_hp_loss":0.0,"gold_gain":0.0,"event_name":"Golden Wing","player_choice":"Card Removal","floor":5.0,"gold_loss":0.0,"damage_taken":7.0},{"cards_removed":["Immolate"],"damage_healed":46.0,"max_hp_gain":10.0,"max_hp_loss":0.0,"gold_gain":0.0,"event_name":"Bonfire Elementals","player_choice":"Offered Rare","floor":7.0,"gold_loss":0.0,"damage_taken":0.0},{"damage_healed":0.0,"max_hp_gain":0.0,"max_hp_loss":0.0,"gold_gain":0.0,"event_name":"The Library","player_choice":"Read","floor":21.0,"gold_loss":0.0,"damage_taken":0.0,"cards_obtained":["Second Wind"]},{"cards_removed":["Strike_R"],"damage_healed":0.0,"max_hp_gain":0.0,"max_hp_loss":0.0,"gold_gain":0.0,"event_name":"Purifier","player_choice":"Purged","floor":22.0,"gold_loss":0.0,"damage_taken":0.0}],"is_beta":false,"boss_relics":[{"not_picked":["Velvet Choker","Empty Cage"],"picked":"Coffee Dripper"},{"not_picked":["Astrolabe","Sozu"],"picked":"Cursed Key"}],"items_purged_floors":[27,44],"is_endless":false,"potions_floor_spawned":[2,4,8,13,16,23,24,25,30,35,38,40,45,47],"killed_by":"Awakened One","ascension_level":19}}