{"host":"o1scrl1hgy598kuq","time":1613554417,"event":{"mods":["BaseMod","Colored Map","Colored Powertips","Minty Spire (QoL Compilation)","Remilia??????","Replay The Spire","Shop Mod","StSLib","The Jungle","The Marked","The Servant 0.9.4"],"gold_per_floor":[113,124,299,299,7,18,35,35,35,62,73,73,73,91,177,298,298,322,322,322,48,63,98,119,139,139,172,172,215,215,258,258,389,389,414,414,10,10,26,70,70,113,113,113,335,335,62,75,75,75,75,75,29,62,62,62],"floor_reached":55,"language":"ENG","playtime":3681,"items_purged":["Doubt","Skim","Normality","ReplayTheSpireMod:Omega Cannon+1","Streamline+1"],"score":879,"play_id":"10933881-c5fa-4415-8c1a-c6165dd1e0d8","local_time":"20210217033337","is_ascension_mode":true,"campfire_choices":[{"data":"Zap","floor":8.0,"key":"SMITH"},{"floor":13,"key":"REST"},{"floor":30,"key":"REST"},{"floor":32,"key":"RECALL"},{"data":"Madness","floor":41,"key":"SMITH"},{"data":"Heatsinks","floor":44,"key":"SMITH"},{"data":"Consume","floor":49,"key":"SMITH"}],"circlet_count":0,"master_deck":["Zap+1","Dualcast+1","Panic Button+1","Ball Lightning+1","Storm+1","FTL+1","Self Repair+1","Capacitor+1","Static Discharge+1","ReplayRNGCard+1","Reboot+1","Reboot+1","Leap+1","Seek+1","Reboot+1","Meteor Strike+1","Force Field+1","Ghostly+1","Ghostly+1","Ghostly+1","Ghostly+1","Ghostly+1","FIFO Queue+1","Amplify+1","Heatsinks+1","ReplayTheSpireMod:System Scan+1","FIFO Queue+1","ReplayTheSpireMod:Calculation Training+1","Turbo+1","Hologram+1","Compile Driver+1","Amplify+1","Time Bomb+1","Madness","Madness+1","Rainbow","Heatsinks+1","Aggregate+1","Coolheaded+1","Beam Cell+1","Turbo","Storm","Consume+1","ReplayTheSpireMod:Private Reserves","Storm+1","Tempest+1","Blizzard+1"],"relics":["Cracked Core","MerchantsRug","Replay:Ringing Soul","Mummified Hand","Ring of Hypnosis","ReplayTheSpireMod:Ring of Exchange","Red Mask","Lizard Tail","SlaversCollar","Mark of the Bloom","Counterbalance","Chameleon Ring","Lantern","Orichalcum"],"acts_visited":["Exordium","TheCity","TheBeyond","TheEnding"],"potions_floor_usage":[11,16,23,33,33,35,42,42,48,50,50,54],"damage_taken":[{"damage":6.0,"enemies":"2 Louse","floor":1.0,"turns":2.0},{"damage":8.0,"enemies":"Small Slimes","floor":2.0,"turns":3.0},{"damage":7.0,"enemies":"Jaw Worm","floor":6.0,"turns":3.0},{"damage":15.0,"enemies":"3 Louse","floor":7.0,"turns":4.0},{"damage":34.0,"enemies":"Gremlin Nob","floor":10.0,"turns":5.0},{"damage":6,"enemies":"Exordium Wildlife","floor":11,"turns":3},{"damage":6,"enemies":"Looter","floor":14,"turns":2},{"damage":23,"enemies":"Hexaghost","floor":16,"turns":7},{"damage":8,"enemies":"Shell Parasite","floor":18,"turns":3},{"damage":2,"enemies":"2 Thieves","floor":22,"turns":3},{"damage":14,"enemies":"Book of Stabbing","floor":23,"turns":5},{"damage":5,"enemies":"Snake Plant","floor":24,"turns":4},{"damage":1,"enemies":"3 Cultists","floor":25,"turns":4},{"damage":22,"enemies":"Slavers","floor":27,"turns":6},{"damage":28,"enemies":"Masked Bandits","floor":29,"turns":5},{"damage":0,"enemies":"Gremlin Leader","floor":31,"turns":6},{"damage":5,"enemies":"Collector","floor":33,"turns":7},{"damage":19,"enemies":"Orb Walker","floor":35,"turns":6},{"damage":8,"enemies":"3 Shapes","floor":39,"turns":3},{"damage":0,"enemies":"Nemesis","floor":40,"turns":5},{"damage":27,"enemies":"Reptomancer","floor":42,"turns":3},{"damage":4,"enemies":"Maw","floor":48,"turns":5},{"damage":22,"enemies":"Replay:Hell Engine","floor":50,"turns":8},{"damage":3,"enemies":"Shield and Spear","floor":54,"turns":3},{"damage":61,"enemies":"The Heart","floor":55,"turns":2}],"seed_played":"5961962077588669946","potions_obtained":[{"floor":1.0,"key":"Elixir"},{"floor":6.0,"key":"Dexterity Potion"},{"floor":7.0,"key":"Weak Potion"},{"floor":11,"key":"Adrenaline Potion"},{"floor":18,"key":"Reflective Coating"},{"floor":22,"key":"CultistPotion"},{"floor":29,"key":"FocusPotion"},{"floor":31,"key":"EssenceOfSteel"},{"floor":33,"key":"FocusPotion"},{"floor":40,"key":"Toxic Potion"},{"floor":42,"key":"DuplicationPotion"},{"floor":48,"key":"FearPotion"},{"floor":52,"key":"Swift Potion"}],"is_trial":false,"path_per_floor":["M","M","?","?","$","M","M","R","T","E","M","?","R","M","R_BF","B",null,"M","?","?","$","M","E","M","M","T","E","?","?","R","E","R","B",null,"M","?","$","?","M","E","R","E","T","R","?","?","$","M","R","B",null,"R","$","E","B"],"character_chosen":"DEFECT","items_purchased":["MerchantsRug","Storm","Amplify","Heatsinks","ReplayTheSpireMod:System Scan","Bird Faced Urn","PowerPotion","Storm","Consume","ReplayTheSpireMod:Private Reserves","Block Potion","Lantern"],"campfire_rested":2,"item_purchase_floors":[5,5,21,21,21,37,37,47,47,47,47,53],"current_hp_per_floor":[69,61,61,66,66,59,44,44,44,13,17,17,41,45,45,32,89,91,49,52,55,56,52,50,59,59,47,50,32,54,71,71,69,82,80,80,80,69,61,61,61,34,34,34,34,34,34,30,30,8,8,8,8,5,0,0],"gold":62,"neow_bonus":"REMOVE_CARD","is_daily":false,"chose_seed":false,"campfire_upgraded":4,"win_rate":0.0,"timestamp":1613554417,"path_taken":["M","M","?","?","?","M","M","R","T","E","M","?","R","M","R_BF","BOSS","M","?","?","$","M","E","M","M","T","E","?","?","R","E","R","BOSS","M","?","$","?","M","E","R","E","T","R","?","?","$","M","R","BOSS","R","$","E","BOSS"],"items_purchased_type":["Relic","Card","Card","Card","Card","Relic","Potion","Card","Card","Card","Potion","Relic"],"build_version":"2020-12-22","purchased_purges":5,"victory":false,"max_hp_per_floor":[75,75,75,80,80,80,80,80,80,83,86,80,80,83,83,86,89,92,49,52,55,58,61,64,67,67,70,73,76,76,79,79,82,82,85,85,85,88,91,94,94,97,97,97,97,100,103,106,106,106,106,106,106,109,109,109],"card_choices":[{"not_picked":["ReplaySolidLightProjector","Streamline"],"picked":"Panic Button","floor":1.0},{"not_picked":["Coolheaded","Streamline"],"picked":"Ball Lightning","floor":2.0},{"not_picked":["Steam","Ball Lightning"],"picked":"Skim","floor":6.0},{"not_picked":["Rebound","Steam Power"],"picked":"FTL","floor":7.0},{"not_picked":["Hologram","Aggregate"],"picked":"Self Repair","floor":10.0},{"not_picked":["Conserve Battery","ReplayTheSpireMod:Fabricate Wheel"],"picked":"Capacitor","floor":11},{"not_picked":["Coolheaded","ReplayGash"],"picked":"Static Discharge","floor":14},{"not_picked":["Machine Learning","Reboot"],"picked":"ReplayTheSpireMod:Omega Cannon","floor":16},{"not_picked":["Steam Power","Beam Cell+1"],"picked":"Force Field","floor":18},{"not_picked":["Steam+1","Redo"],"picked":"FIFO Queue","floor":22},{"not_picked":["Panic Button","Gash"],"picked":"ReplayTheSpireMod:Calculation Training","floor":23},{"not_picked":["Cold Snap","Go for the Eyes"],"picked":"Turbo+1","floor":24},{"not_picked":["Chaos+1","Conserve Battery"],"picked":"Hologram","floor":25},{"not_picked":["Streamline+1","Redo"],"picked":"Compile Driver+1","floor":27},{"not_picked":["Rebound","Ball Lightning"],"picked":"Amplify","floor":29},{"not_picked":["Redo","Beam Cell"],"picked":"Streamline","floor":31},{"not_picked":["Hyperbeam","Mirror Shield"],"picked":"ReplayTheSpireMod:Fabricate Wheel","floor":33},{"not_picked":["Steam Power","Ball Lightning+1"],"picked":"Time Bomb+1","floor":35},{"not_picked":["Conserve Battery+1","Beam Cell+1"],"picked":"Heatsinks","floor":39},{"not_picked":["Rebound+1","Darkness+1"],"picked":"Aggregate+1","floor":39},{"not_picked":["Go for the Eyes","Sweeping Beam"],"picked":"Coolheaded+1","floor":40},{"not_picked":["BasicCrystalCard","Stack"],"picked":"Beam Cell+1","floor":42},{"not_picked":["Cold Snap","ReplayTheSpireMod:System Scan+1"],"picked":"Storm+1","floor":48},{"not_picked":["Sweeping Beam+1","Heatsinks"],"picked":"Tempest+1","floor":48},{"not_picked":["Streamline","ReplayRNGCard"],"picked":"Blizzard+1","floor":54}],"player_experience":260052,"relics_obtained":[{"floor":9.0,"key":"Replay:Ringing Soul"},{"floor":10.0,"key":"Mummified Hand"},{"floor":23,"key":"Gremlin Food"},{"floor":27,"key":"Nunchaku"},{"floor":28,"key":"Ring of Hypnosis"},{"floor":28,"key":"ReplayTheSpireMod:Ring of Exchange"},{"floor":29,"key":"Red Mask"},{"floor":31,"key":"Lizard Tail"},{"floor":40,"key":"Counterbalance"},{"floor":42,"key":"Chameleon Ring"},{"floor":43,"key":"Smiling Mask"},{"floor":54,"key":"Orichalcum"}],"event_choices":[{"damage_healed":0.0,"max_hp_gain":0.0,"max_hp_loss":0.0,"gold_gain":175.0,"event_name":"Liars Game","player_choice":"AGREE","floor":3.0,"gold_loss":0.0,"damage_taken":0.0,"cards_obtained":["Doubt"]},{"damage_healed":0.0,"max_hp_gain":5.0,"max_hp_loss":0.0,"gold_gain":0.0,"event_name":"Big Fish","player_choice":"Donut","floor":4.0,"gold_loss":0.0,"damage_taken":0.0},{"damage_healed":0,"gold_gain":0,"player_choice":"Lose Max HP","damage_taken":0,"relics_obtained":["Golden Idol"],"max_hp_gain":0,"max_hp_loss":6,"event_name":"Golden Idol","floor":12,"gold_loss":0},{"damage_healed":0,"gold_gain":0,"player_choice":"Became a Ghost","damage_taken":0,"max_hp_gain":0,"max_hp_loss":46,"event_name":"Ghosts","floor":19,"gold_loss":0,"cards_obtained":["Ghostly","Ghostly","Ghostly","Ghostly","Ghostly"]},{"damage_healed":0,"gold_gain":0,"player_choice":"Read","damage_taken":0,"max_hp_gain":0,"max_hp_loss":0,"event_name":"The Library","floor":20,"gold_loss":0,"cards_obtained":["FIFO Queue"]},{"damage_healed":0,"gold_gain":0,"player_choice":"Fought Bandits","damage_taken":0,"max_hp_gain":0,"max_hp_loss":0,"event_name":"Masked Bandits","floor":29,"gold_loss":0},{"damage_healed":0,"gold_gain":0,"player_choice":"Upgrade","damage_taken":0,"relics_obtained":["Mark of the Bloom"],"max_hp_gain":0,"max_hp_loss":0,"event_name":"MindBloom","floor":36,"gold_loss":0,"cards_upgraded":["Dualcast","Panic Button","Ball Lightning","Storm","FTL","Self Repair","Capacitor","Static Discharge","ReplayRNGCard","Reboot","Reboot","Leap","Seek","Reboot","Meteor Strike","Force Field","Ghostly","Ghostly","Ghostly","Ghostly","Ghostly","FIFO Queue","Amplify","Heatsinks","ReplayTheSpireMod:System Scan","FIFO Queue","ReplayTheSpireMod:Calculation Training","Hologram","Amplify","Streamline","ReplayTheSpireMod:Fabricate Wheel"]},{"damage_healed":0,"gold_gain":0,"player_choice":"Embrace Madness","damage_taken":11,"max_hp_gain":0,"max_hp_loss":0,"event_name":"Winding Halls","floor":38,"gold_loss":0,"cards_obtained":["Madness","Madness"]},{"damage_healed":0,"gold_gain":222,"player_choice":"Wore Mask","damage_taken":0,"max_hp_gain":0,"max_hp_loss":0,"event_name":"Tomb of Lord Red Mask","floor":45,"gold_loss":0},{"damage_healed":0,"gold_gain":0,"player_choice":"1 cards matched","damage_taken":0,"max_hp_gain":0,"max_hp_loss":0,"event_name":"Match and Keep!","floor":46,"gold_loss":0,"cards_obtained":["Turbo"]}],"is_beta":false,"boss_relics":[{"not_picked":["Replay:Ancient Bell","Black Star"],"picked":"Pandora\u0027s Box"},{"not_picked":["Cursed Key","Runic Pyramid"],"picked":"SlaversCollar"}],"items_purged_floors":[5,21,37,47,53],"is_endless":false,"potions_floor_spawned":[1,6,7,11,18,22,29,31,33,40,42,48],"killed_by":"The Heart","ascension_level":3}}