{"host":"9jojwlkiolcvds8e","time":1613564819,"event":{"mods":["ATMod(阿瑾Mod)","Act Like it!","BaseMod","Better Vampires","Colored Powertips","Gensokyo","Hallownest","Jedi Mod","Lobotomy","Minty Spire (QoL Compilation)","MostiFishMod","Pale of the Ancients","Prisma Mod","Quick Restart","Replay The Spire","Shop Mod","StSLib","TestMod","Waifu the Spire","WarShipGirlsR/战舰少女R mod","Yakumo Yukari mod","Youmu（魂魄妖梦）","【遗物卡牌】REMEMod","篝火指南"],"gold_per_floor":[-1291,-1281,-1281,-1181,-1169,-1143,-1143,-1110,-1057,-1042,-1013,-1013,-996,-962,-962,-862,-862,-850,-850,-850,-832,-820,-785,-763,-719,-670,-670,-645,-645,-645,-586,-586,-480,-480,-446,-446,-446,-420,-401,-345,-345,-345,-345,-304,-280,-235,-195,-162,-162,-152,-131,-110,-42,-42,-42,4,4,76,76,84],"floor_reached":61,"language":"ZHS","playtime":4246,"items_purged":[],"score":2333,"play_id":"c94f6b9e-4c17-410e-950a-e43885fe6c35","local_time":"20210217202659","is_ascension_mode":true,"campfire_choices":[{"data":"GreenStem","floor":7.0,"key":"SMITH"},{"data":"AT_BodySlamDance","floor":12.0,"key":"SMITH"},{"data":"Hidden Blade","floor":15.0,"key":"SMITH"},{"data":"Defend_G","floor":27,"key":"SMITH"},{"data":"AT_ThistleTea","floor":29,"key":"SMITH"},{"data":"Defend_G","floor":32,"key":"SMITH"},{"data":"Backflip","floor":41,"key":"SMITH"},{"floor":49,"key":"DIG"},{"data":"Defend_G+2","floor":55,"key":"SMITH"},{"data":"Defend_G+3","floor":57,"key":"SMITH"}],"circlet_count":0,"master_deck":["Strike_G+1","Strike_G+1","Defend_G+1","Defend_G+1","Defend_G+4","Defend_G","Defend_G","Survivor","Neutralize+1","GreenStem+1","AT_BodySlamDance+1","Dash+1","Backflip+1","Deflect","Infinite Blades+1","Deflect","PiercingWail","AT_ArcaneSupremacy+1","Hidden Blade+1","MostiFishMod:LethalBlade+1","Acrobatics+1","Footwork+1","AT_WindFlip","Accuracy+1","AT_ThistleTea+1","AT_ArcaneSupremacy+1","MostiFishMod:Neurotoxin+1","MostiFishMod:PerfectParry+1","Backflip"],"relics":["Ring of the Snake","testmod-TestBox","DaveBox","AT_ATBox","REME_ComplimentaryCards","SynthV:MejaisSoulstealer","testmod-AssaultLearning","jedi:shrinkray","SynthV:TestCard","Frozen Egg 2","testmod-TurbochargingSystem","SynthV:C4","AT_EbonyIvory","Pet Ghost","ChiXiaoBlade","Gensokyo:ChorusOfJoy","Black Star","jedi:purplefairy","Replay:Bandana","Tiny Chest","Simple Rune","Anchor","AT_SeraphEmbrace","Whetstone","Replay:Drink Me","Bottled Tornado","Replay:Wax Seal","jedi:ghostblades","Bronze Scales","testmod-ConstraintPeriapt","Eternal Feather","Boot","DianDianMeat","AT_SunfireAegis","testmod-ArcanaOfDestiny","AT_RedNoBalance","paleoftheancients:Timepiece","Letter Opener","CultistMask","paleoftheancients:SoulOfTheShapes","AT_ForceNature","Oddly Smooth Stone","jedi:archwizardhat"],"acts_visited":["Exordium","Gensokyo:Gensokyoer","Hallownest:KingdomsEdge","paleoftheancients:PaleOfTheAncients"],"potions_floor_usage":[],"damage_taken":[{"damage":0.0,"enemies":"Cultist","floor":1.0,"turns":4.0},{"damage":0.0,"enemies":"Small Slimes","floor":2.0,"turns":3.0},{"damage":0.0,"enemies":"2 Louse","floor":5.0,"turns":2.0},{"damage":0.0,"enemies":"Replay:BlueRogue","floor":6.0,"turns":2.0},{"damage":0.0,"enemies":"3 Sentries","floor":8.0,"turns":3.0},{"damage":0.0,"enemies":"Blue Slaver","floor":10.0,"turns":2.0},{"damage":0.0,"enemies":"Replay:BlueRogue","floor":11.0,"turns":2.0},{"damage":0.0,"enemies":"Gremlin Gang","floor":13.0,"turns":2.0},{"damage":0.0,"enemies":"Lagavulin","floor":14.0,"turns":3.0},{"damage":0.0,"enemies":"The Guardian","floor":16.0,"turns":4.0},{"damage":0.0,"enemies":"Gensokyo:3_Dogs","floor":18.0,"turns":3.0},{"damage":0,"enemies":"Gensokyo:Chomper","floor":21,"turns":1},{"damage":5,"enemies":"Gensokyo:Mirror_and_Dog","floor":22,"turns":3},{"damage":0,"enemies":"Gensokyo:Koishi","floor":23,"turns":4},{"damage":0,"enemies":"Gensokyo:Swordslinger","floor":24,"turns":2},{"damage":0,"enemies":"Gensokyo:Tenshi","floor":25,"turns":3},{"damage":0,"enemies":"Gensokyo:Slime_Group","floor":28,"turns":2},{"damage":0,"enemies":"Gensokyo:Reisen","floor":31,"turns":2},{"damage":0,"enemies":"Gensokyo:Eternal_Rivals","floor":33,"turns":6},{"damage":0,"enemies":"Hallownest:3_Siblings","floor":35,"turns":2},{"damage":0,"enemies":"Hallownest:2_Littles","floor":38,"turns":2},{"damage":0,"enemies":"Hallownest:2_Wing_and_1_Kings","floor":39,"turns":2},{"damage":0,"enemies":"Hallownest:eliteCollector","floor":40,"turns":3},{"damage":0,"enemies":"Hallownest:StalkingDevout","floor":44,"turns":2},{"damage":0,"enemies":"Hallownest:Shield_Sturdy","floor":45,"turns":3},{"damage":0,"enemies":"Hallownest:eliteHiveKnight","floor":46,"turns":3},{"damage":0,"enemies":"Hallownest:Slobbering_and_Violent","floor":47,"turns":2},{"damage":0,"enemies":"Hallownest:eliteCollector","floor":48,"turns":2},{"damage":0,"enemies":"Hallownest:Radiance","floor":50,"turns":3},{"damage":0,"enemies":"Hallownest:Radiance","floor":51,"turns":4},{"damage":0,"enemies":"Hallownest:Radiance","floor":52,"turns":4},{"damage":0,"enemies":"Hallownest:Radiance","floor":56,"turns":3},{"damage":5,"enemies":"paleoftheancients:N","floor":60,"turns":4}],"seed_played":"-564529888821505893","potions_obtained":[{"floor":1.0,"key":"AttackPotion"},{"floor":5.0,"key":"Elixir"},{"floor":8.0,"key":"SkillPotion"},{"floor":22,"key":"Fire Potion"}],"is_trial":false,"path_per_floor":["M","M","?","?","M","E","R","E","T","M","E","R","M","E","R","B",null,"M","?","?","M","M","E","M","E","T","R","M","R","?","E","R","B",null,"M","?","$","M","M","E","R","$","T","E","M","E","M","E","R","B","M","M","T","T","R","M","R","T","?","B",null],"character_chosen":"THE_SILENT","items_purchased":[],"campfire_rested":0,"item_purchase_floors":[],"current_hp_per_floor":[70,70,56,56,56,56,56,56,56,56,56,56,56,56,56,56,67,70,70,53,53,48,48,48,48,48,53,53,53,53,53,53,53,40,40,40,40,40,40,40,40,40,40,40,40,40,40,40,40,35,30,34,34,34,41,31,41,41,41,41],"gold":84,"neow_bonus":"RANDOM_COMMON_RELIC","is_daily":false,"chose_seed":false,"campfire_upgraded":9,"win_rate":0.0,"timestamp":1613564819,"path_taken":["M","M","?","?","M","E","R","E","T","?","E","R","M","E","R","BOSS","M","?","?","M","?","E","M","E","T","R","M","R","?","E","R","BOSS","M","?","$","?","M","E","R","$","T","E","M","E","M","E","R","BOSS","M","M","?","T","R","M","R","T","?","BOSS"],"items_purchased_type":[],"build_version":"2020-12-22","purchased_purges":0,"victory":true,"max_hp_per_floor":[70,70,70,70,70,70,70,70,70,70,70,70,70,70,70,70,70,70,70,53,53,53,53,53,53,53,53,53,53,53,53,53,53,40,40,40,40,40,40,40,40,40,40,40,40,40,40,40,40,40,40,41,41,41,41,41,41,41,41,41],"card_choices":[{"not_picked":["Bouncing Flask","Expertise"],"picked":"Dash","floor":1.0},{"not_picked":["MostiFishMod:InvigoratingSolution","Quick Slash","AT_Desolate","ReplayTheSpireMod:The Works"],"picked":"Backflip","floor":2.0},{"not_picked":["Blur","Crippling Poison","Blade Dance","Quick Slash"],"picked":"Deflect","floor":5.0},{"not_picked":["Poisoned Stab","jedi:pocketpoison","AT_Desolate+1","Hidden Blade"],"picked":"Infinite Blades+1","floor":6.0},{"not_picked":["jedi:acidrain","Choke","Eviscerate","Sucker Punch","Dash"],"picked":"SKIP","floor":8.0},{"not_picked":["Poisoned Stab","jedi:pocketpoison","Deadly Poison","Caltrops+1"],"picked":"Deflect","floor":10.0},{"not_picked":["Infinite Blades+1","Storm of Steel","Dagger Throw","Hidden Blade"],"picked":"PiercingWail","floor":11.0},{"not_picked":["MostiFishMod:PreservedThorns","Backstab","Calculated Gamble","Flying Knee"],"picked":"AT_ArcaneSupremacy+1","floor":13.0},{"not_picked":["Deflect","Dagger Spray","ReplayTheSpireMod:Scrap Shanks+1","Underhanded Strike"],"picked":"Hidden Blade","floor":14.0},{"not_picked":["REME_CopyPotion","MostiFishMod:HiddenBlade","Envenom+1","MostiFishMod:Confrontation"],"picked":"MostiFishMod:LethalBlade+1","floor":16.0},{"not_picked":["Sneak Up","Finisher","Expertise+1","Riddle With Holes"],"picked":"Acrobatics+1","floor":18.0},{"not_picked":["MostiFishMod:InvigoratingSolution","AT_WindFlip+1","AT_Desolate+1","jedi:pocketpoison+1"],"picked":"Footwork+1","floor":21},{"not_picked":["Slice","ReplayTheSpireMod:Tripwire","Underhanded Strike+1","Concentrate+1","MostiFishMod:InvigoratingSolution"],"picked":"SKIP","floor":22},{"not_picked":["Outmaneuver","MostiFishMod:InvigoratingSolution","Underhanded Strike","Slice"],"picked":"AT_WindFlip","floor":23},{"not_picked":["Poisoned Stab","Flechettes+1","Bane","Deadly Poison+1","AT_TinkerSharpsword"],"picked":"SKIP","floor":24},{"not_picked":["Blade Dance","Deadly Poison","Grand Finale","Replay:Poison Smokescreen"],"picked":"Accuracy+1","floor":25},{"not_picked":["Quick Slash+1","Flying Knee","Underhanded Strike+1","jedi:pocketpoison"],"picked":"AT_ThistleTea","floor":28},{"not_picked":["Poisoned Stab","Acrobatics+1","Skewer","Glass Knife"],"picked":"AT_ArcaneSupremacy+1","floor":31},{"not_picked":["MostiFishMod:FullyArmed","Grand Finale","MostiFishMod:Listen","Envenom+1"],"picked":"MostiFishMod:Neurotoxin+1","floor":33},{"not_picked":["jedi:poisonivy+1","AT_ArcaneSupremacy+1","AT_WindFlip+1","ReplayTheSpireMod:Speed Training","PiercingWail+1"],"picked":"SKIP","floor":35},{"not_picked":["AT_KneejerkReflex+1","Finisher","Dagger Spray+1","jedi:pocketpoison+1","Eviscerate"],"picked":"SKIP","floor":38},{"not_picked":["Backflip","Dodge and Roll+1","AT_KneejerkReflex+1","Flying Knee"],"picked":"MostiFishMod:PerfectParry+1","floor":39},{"not_picked":["Wraith Form v2+1","jedi:acidrain","Poisoned Stab+1","MostiFishMod:PerfectParry","Distraction+1"],"picked":"SKIP","floor":40},{"not_picked":["jedi:pocketpoison+1","Hidden Blade","Blade Dance+1","Catalyst","Underhanded Strike+1"],"picked":"SKIP","floor":44},{"not_picked":["MostiFishMod:ThornCasing+1","Bane+1","Cloak And Dagger","Hidden Blade+1","Dagger Throw+1"],"picked":"SKIP","floor":45},{"not_picked":["Acrobatics+1","Dagger Throw","Dagger Spray","MostiFishMod:ThornCasing+1","Deadly Poison"],"picked":"SKIP","floor":46},{"not_picked":["ReplayTheSpireMod:The Works+1","Flying Knee+1","Sucker Punch+1","AT_FocusSwordFire","Dagger Spray"],"picked":"SKIP","floor":47},{"not_picked":["Flying Knee","Deadly Poison+1","Hidden Blade+1","Poison Darts","Dagger Spray+1"],"picked":"SKIP","floor":48},{"not_picked":["ReplayTheSpireMod:The Works+1","Cloak And Dagger","jedi:acidrain+1","MostiFishMod:PreservedThorns+1","Underhanded Strike+1"],"picked":"SKIP","floor":51},{"not_picked":["Choke+1","Prepared","PiercingWail","REME_GreenPollution+1"],"picked":"Backflip","floor":52},{"not_picked":["Blade Dance+1","Acrobatics","Fluid Movement+1","Prepared+1","Outmaneuver"],"picked":"SKIP","floor":56}],"player_experience":211645,"relics_obtained":[{"floor":1.0,"key":"SynthV:TestCard"},{"floor":6.0,"key":"Frozen Egg 2"},{"floor":8.0,"key":"testmod-TurbochargingSystem"},{"floor":9.0,"key":"SynthV:C4"},{"floor":11.0,"key":"AT_EbonyIvory"},{"floor":14.0,"key":"Pet Ghost"},{"floor":23,"key":"jedi:purplefairy"},{"floor":23,"key":"Replay:Bandana"},{"floor":25,"key":"Tiny Chest"},{"floor":25,"key":"Simple Rune"},{"floor":26,"key":"Anchor"},{"floor":31,"key":"AT_ArchangelStaff"},{"floor":31,"key":"Whetstone"},{"floor":40,"key":"Replay:Wax Seal"},{"floor":40,"key":"jedi:ghostblades"},{"floor":43,"key":"Bronze Scales"},{"floor":44,"key":"testmod-ConstraintPeriapt"},{"floor":44,"key":"Eternal Feather"},{"floor":46,"key":"Boot"},{"floor":46,"key":"DianDianMeat"},{"floor":48,"key":"AT_SunfireAegis"},{"floor":48,"key":"testmod-ArcanaOfDestiny"},{"floor":49,"key":"AT_SilverBalance"},{"floor":51,"key":"paleoftheancients:SoulOfTheShapes"},{"floor":52,"key":"paleoftheancients:SoulOfTheBard"},{"floor":53,"key":"AT_ForceNature"},{"floor":54,"key":"Oddly Smooth Stone"},{"floor":58,"key":"jedi:archwizardhat"}],"event_choices":[{"damage_healed":0.0,"max_hp_gain":0.0,"max_hp_loss":0.0,"gold_gain":0.0,"event_name":"Shining Light","player_choice":"Entered Light","floor":3.0,"gold_loss":0.0,"damage_taken":14.0,"cards_upgraded":["Defend_G","Dash"]},{"damage_healed":0.0,"max_hp_gain":0.0,"max_hp_loss":0.0,"gold_gain":100.0,"event_name":"Golden Shrine","player_choice":"Pray","floor":4.0,"gold_loss":0.0,"damage_taken":0.0},{"damage_healed":0,"gold_gain":0,"player_choice":"Ignored","damage_taken":0,"max_hp_gain":0,"max_hp_loss":0,"event_name":"给自己的盒子","floor":30,"gold_loss":0}],"is_beta":false,"boss_relics":[{"not_picked":["Empty Cage","SacredBark"],"picked":"ChiXiaoBlade"},{"not_picked":["Honey Jar","Philosopher\u0027s Stone"],"picked":"Replay:Drink Me"}],"items_purged_floors":[],"is_endless":false,"potions_floor_spawned":[1,5,8,11,22,23,25,31,35,47,48,56],"ascension_level":5}}