{"host":"r4aerl4ckfvw1dw3","time":1613598209,"event":{"mods":["BaseMod","BetterRewards","Minty Spire (QoL Compilation)","Quick Restart","StSLib"],"gold_per_floor":[113,63,80,80,98,98,98,125,162,174,197,209,234,262,274,384,396,423,435,466,489,511,555,145,145,198,198,223,322,341,360,360,457,457,475,475,487,837,852,883,883,912,960,960,960,973,986,495,495,495,495],"floor_reached":50,"language":"ENG","playtime":3324,"items_purged":["Strike_B","Strike_B","Doubt"],"score":678,"play_id":"b890113e-e078-4416-89ec-69d5f1865947","local_time":"20210217134329","is_ascension_mode":true,"campfire_choices":[{"data":"Zap","floor":6.0,"key":"SMITH"},{"data":"Cold Snap","floor":10.0,"key":"SMITH"},{"data":"Genetic Algorithm","floor":12.0,"key":"SMITH"},{"data":"Electrodynamics","floor":15.0,"key":"SMITH"},{"data":"Machine Learning","floor":25.0,"key":"SMITH"},{"floor":27.0,"key":"REST"},{"floor":32.0,"key":"REST"},{"floor":41.0,"key":"REST"},{"floor":44.0,"key":"REST"},{"floor":49,"key":"REST"}],"circlet_count":0,"master_deck":["Strike_B+1","Defend_B","Defend_B","Defend_B","Defend_B","Zap+1","Dualcast+1","Beam Cell","Stack","Cold Snap+1","Genetic Algorithm+1","Electrodynamics+1","Ball Lightning","Machine Learning+1","Sweeping Beam","Skim","Turbo","Steam","Static Discharge+1","Multi-Cast","Loop+1","Go for the Eyes","Core Surge","Steam","Sunder","Conserve Battery","Turbo+1","Cold Snap","Parasite","Doom and Gloom","Storm"],"relics":["Cracked Core","Smiling Mask","MawBank","Bag of Preparation","Cursed Key","Blue Candle","Medical Kit","Anchor","PreservedInsect","White Beast Statue","Busted Crown","Old Coin","MealTicket","Blood Vial","TheAbacus"],"acts_visited":["Exordium","TheCity","TheBeyond"],"potions_floor_usage":[47,50,50,50],"damage_taken":[{"damage":0.0,"enemies":"2 Louse","floor":1.0,"turns":2.0},{"damage":1.0,"enemies":"Cultist","floor":3.0,"turns":3.0},{"damage":1.0,"enemies":"Small Slimes","floor":5.0,"turns":4.0},{"damage":16.0,"enemies":"3 Sentries","floor":8.0,"turns":7.0},{"damage":0.0,"enemies":"Looter","floor":11.0,"turns":2.0},{"damage":6.0,"enemies":"Red Slaver","floor":13.0,"turns":3.0},{"damage":4.0,"enemies":"2 Fungi Beasts","floor":14.0,"turns":2.0},{"damage":27.0,"enemies":"Hexaghost","floor":16.0,"turns":9.0},{"damage":13.0,"enemies":"2 Thieves","floor":18.0,"turns":3.0},{"damage":0.0,"enemies":"Chosen","floor":20.0,"turns":2.0},{"damage":11.0,"enemies":"Snecko","floor":21.0,"turns":4.0},{"damage":4.0,"enemies":"Centurion and Healer","floor":22.0,"turns":4.0},{"damage":18.0,"enemies":"Gremlin Leader","floor":23.0,"turns":5.0},{"damage":11.0,"enemies":"Book of Stabbing","floor":28.0,"turns":4.0},{"damage":2.0,"enemies":"Snake Plant","floor":30.0,"turns":4.0},{"damage":11.0,"enemies":"3 Cultists","floor":31.0,"turns":3.0},{"damage":37.0,"enemies":"Collector","floor":33.0,"turns":8.0},{"damage":0.0,"enemies":"3 Shapes","floor":35.0,"turns":2.0},{"damage":17.0,"enemies":"3 Darklings","floor":37.0,"turns":5.0},{"damage":1.0,"enemies":"Mind Bloom Boss Battle","floor":38.0,"turns":5.0},{"damage":2.0,"enemies":"Sphere and 2 Shapes","floor":39.0,"turns":3.0},{"damage":33.0,"enemies":"Reptomancer","floor":40.0,"turns":4.0},{"damage":74.0,"enemies":"Nemesis","floor":42.0,"turns":7.0},{"damage":13,"enemies":"Writhing Mass","floor":46,"turns":8},{"damage":18,"enemies":"Jaw Worm Horde","floor":47,"turns":4},{"damage":55,"enemies":"Donu and Deca","floor":50,"turns":6}],"seed_played":"-1585129583223722694","potions_obtained":[{"floor":4.0,"key":"SkillPotion"},{"floor":4.0,"key":"Fruit Juice"},{"floor":4.0,"key":"GamblersBrew"},{"floor":5.0,"key":"Regen Potion"},{"floor":11.0,"key":"ColorlessPotion"},{"floor":14.0,"key":"LiquidBronze"},{"floor":20.0,"key":"DuplicationPotion"},{"floor":23.0,"key":"DistilledChaos"},{"floor":28.0,"key":"Energy Potion"},{"floor":31.0,"key":"SteroidPotion"},{"floor":33.0,"key":"SmokeBomb"},{"floor":35.0,"key":"PowerPotion"},{"floor":37.0,"key":"PowerPotion"},{"floor":38.0,"key":"FairyPotion"},{"floor":39.0,"key":"PowerPotion"},{"floor":40.0,"key":"SteroidPotion"},{"floor":42.0,"key":"Explosive Potion"},{"floor":46,"key":"EssenceOfDarkness"},{"floor":47,"key":"EssenceOfDarkness"}],"is_trial":false,"path_per_floor":["M","$","M","?","M","R","?","E","T","R","M","R","M","M","R","B",null,"M","?","M","M","M","E","$","R","T","R","E","?","M","M","R","B",null,"M","?","M","?","M","E","R","E","T","R","?","M","M","$","R","B"],"character_chosen":"DEFECT","items_purchased":["Multi-Cast","Medical Kit","Anchor","PowerPotion","TheAbacus","Doom and Gloom","LiquidMemories","Block Potion","Storm"],"campfire_rested":5,"item_purchase_floors":[24,24,24,48,48,48,48,48,48],"current_hp_per_floor":[75,75,74,79,78,78,62,61,61,61,61,61,55,51,51,24,80,67,67,67,56,52,34,34,34,34,58,47,47,45,34,58,21,80,80,76,59,58,56,23,45,20,20,42,42,31,15,30,52,0,0],"gold":495,"neow_bonus":"RANDOM_COMMON_RELIC","is_daily":false,"chose_seed":false,"campfire_upgraded":5,"win_rate":0.0,"timestamp":1613598209,"path_taken":["M","$","M","?","?","R","?","E","T","R","M","R","M","M","R","BOSS","M","?","?","M","M","E","$","R","T","R","E","?","M","M","R","BOSS","M","?","M","?","M","E","R","E","T","R","?","M","M","$","R","BOSS"],"items_purchased_type":["Card","Relic","Relic","Potion","Relic","Card","Potion","Potion","Card"],"build_version":"2020-12-22","purchased_purges":3,"victory":false,"max_hp_per_floor":[75,75,75,80,80,80,80,80,80,80,80,80,80,80,80,80,80,80,80,80,80,80,80,80,80,80,80,80,80,80,80,80,80,80,80,76,76,76,76,76,76,76,76,76,76,76,76,76,76,76,76],"card_choices":[{"not_picked":["Steam","Conserve Battery","Reprogram"],"picked":"SKIP","floor":1.0},{"not_picked":["Leap","Double Energy"],"picked":"Beam Cell","floor":3.0},{"not_picked":["Double Energy","Heatsinks"],"picked":"Stack","floor":5.0},{"not_picked":["Scrape","Hologram"],"picked":"Cold Snap","floor":8.0},{"not_picked":["Chaos","Skim"],"picked":"Genetic Algorithm","floor":11.0},{"not_picked":["Aggregate","Heatsinks"],"picked":"Electrodynamics","floor":13.0},{"not_picked":["Cold Snap","Heatsinks"],"picked":"Ball Lightning","floor":14.0},{"not_picked":["Rainbow","Reboot"],"picked":"Machine Learning","floor":16.0},{"not_picked":["Beam Cell","Streamline"],"picked":"Sweeping Beam","floor":18.0},{"not_picked":["Hello World","Cold Snap"],"picked":"Turbo","floor":20.0},{"not_picked":["Melter","Barrage"],"picked":"Steam","floor":21.0},{"not_picked":["Compile Driver+1","FTL","Hello World+1"],"picked":"SKIP","floor":22.0},{"not_picked":["Barrage","Gash"],"picked":"Static Discharge+1","floor":23.0},{"not_picked":["Tempest","Hello World","BootSequence"],"picked":"SKIP","floor":28.0},{"not_picked":["Chill","Rebound"],"picked":"Loop+1","floor":30.0},{"not_picked":["Fusion","Turbo"],"picked":"Go for the Eyes","floor":31.0},{"not_picked":["All For One","Thunder Strike"],"picked":"Core Surge","floor":33.0},{"not_picked":[],"picked":"Steam","floor":35.0},{"not_picked":[],"picked":"Sunder","floor":37.0},{"not_picked":[],"picked":"Conserve Battery","floor":38.0},{"not_picked":[],"picked":"Turbo+1","floor":39.0},{"not_picked":["Genetic Algorithm+1"],"picked":"SKIP","floor":40.0},{"not_picked":[],"picked":"Cold Snap","floor":42.0},{"not_picked":["Chaos"],"picked":"SKIP","floor":46},{"not_picked":["Fusion"],"picked":"SKIP","floor":47}],"player_experience":613988,"relics_obtained":[{"floor":8.0,"key":"MawBank"},{"floor":9.0,"key":"Bag of Preparation"},{"floor":23.0,"key":"Blue Candle"},{"floor":26.0,"key":"PreservedInsect"},{"floor":28.0,"key":"White Beast Statue"},{"floor":38.0,"key":"Old Coin"},{"floor":40.0,"key":"MealTicket"},{"floor":42.0,"key":"Blood Vial"}],"event_choices":[{"damage_healed":0.0,"max_hp_gain":0.0,"max_hp_loss":0.0,"gold_gain":0.0,"event_name":"Lab","player_choice":"Got Potions","floor":4.0,"gold_loss":0.0,"damage_taken":0.0},{"damage_healed":0.0,"max_hp_gain":0.0,"max_hp_loss":0.0,"gold_gain":0.0,"event_name":"Shining Light","player_choice":"Entered Light","floor":7.0,"gold_loss":0.0,"damage_taken":16.0,"cards_upgraded":["Strike_B","Dualcast"]},{"damage_healed":0.0,"max_hp_gain":0.0,"max_hp_loss":0.0,"gold_gain":0.0,"cards_transformed":["Strike_B"],"event_name":"Transmorgrifier","player_choice":"Transformed","floor":19.0,"gold_loss":0.0,"damage_taken":0.0,"cards_obtained":["Skim"]},{"damage_healed":0.0,"max_hp_gain":0.0,"max_hp_loss":0.0,"gold_gain":99.0,"event_name":"Nest","player_choice":"Stole From Cult","floor":29.0,"gold_loss":0.0,"damage_taken":0.0},{"damage_healed":0.0,"max_hp_gain":0.0,"max_hp_loss":4.0,"gold_gain":0.0,"event_name":"Winding Halls","player_choice":"Max HP","floor":36.0,"gold_loss":0.0,"damage_taken":0.0},{"damage_healed":0.0,"max_hp_gain":0.0,"max_hp_loss":0.0,"gold_gain":0.0,"event_name":"MindBloom","player_choice":"Fight","floor":38.0,"gold_loss":0.0,"damage_taken":0.0},{"cards_removed":["Doubt"],"damage_healed":0.0,"max_hp_gain":0.0,"max_hp_loss":0.0,"gold_gain":0.0,"event_name":"Purifier","player_choice":"Purged","floor":45.0,"gold_loss":0.0,"damage_taken":0.0}],"is_beta":false,"boss_relics":[{"not_picked":["Philosopher\u0027s Stone","Velvet Choker"],"picked":"Cursed Key"},{"not_picked":["Runic Dome","Snecko Eye"],"picked":"Busted Crown"}],"items_purged_floors":[2,24,48],"is_endless":false,"potions_floor_spawned":[5,11,14,20,23,28,30,31,33,35,37,38,39,40,42,46,47],"killed_by":"Donu and Deca","ascension_level":4}}