{"host":"7hgb9mjb8q1kiawz","time":1613585150,"event":{"mods":["BaseMod","Better Third Choice","Colored Map","Marisa????????","Minty Spire (QoL Compilation)","Replay The Spire","StSLib","The Cursed","The Disciple","The Servant 0.9.4"],"gold_per_floor":[119,119,130,143,154,154,186,203,255,255,275,275,275],"floor_reached":12,"language":"ENG","playtime":874,"items_purged":[],"score":148,"play_id":"0d5dad69-0919-468d-9298-0915ec6852dc","local_time":"20210217190550","is_ascension_mode":true,"campfire_choices":[{"data":"Zap","floor":6,"key":"SMITH"},{"data":"Dualcast","floor":10,"key":"SMITH"}],"circlet_count":0,"master_deck":["AscendersBane","Strike_B","Strike_B","Strike_B","Defend_B","Defend_B","Defend_B","Zap+1","Dualcast+1","ReplayRNGCard","Cold Snap","Compile Driver","Chaos","Self Repair","Mirror Shield","Coolheaded"],"relics":["Cracked Core","WingedGreaves","Boot"],"acts_visited":["Exordium"],"potions_floor_usage":[7,12],"damage_taken":[{"damage":7,"enemies":"Small Slimes","floor":1,"turns":6},{"damage":1,"enemies":"Cultist","floor":3,"turns":4},{"damage":7,"enemies":"Jaw Worm","floor":4,"turns":3},{"damage":9,"enemies":"2 Fungi Beasts","floor":5,"turns":3},{"damage":12,"enemies":"Lagavulin","floor":7,"turns":8},{"damage":5,"enemies":"3 Louse","floor":8,"turns":3},{"damage":17,"enemies":"Exordium Thugs","floor":11,"turns":4},{"damage":30,"enemies":"Gremlin Nob","floor":12,"turns":4}],"seed_played":"5554373307885705625","potions_obtained":[{"floor":5,"key":"Reflective Coating"},{"floor":8,"key":"SkillPotion"}],"is_trial":false,"path_per_floor":["M","?","M","M","M","R","E","M","T","R","M","E"],"character_chosen":"DEFECT","items_purchased":[],"campfire_rested":0,"item_purchase_floors":[],"current_hp_per_floor":[57,57,56,49,40,40,35,37,37,37,27,0,0],"gold":275,"neow_bonus":"TRANSFORM_CARD","is_daily":false,"chose_seed":false,"campfire_upgraded":2,"win_rate":0.0,"timestamp":1613585150,"path_taken":["M","?","M","M","?","R","E","M","T","R","M","E"],"items_purchased_type":[],"build_version":"2020-12-22","purchased_purges":0,"victory":false,"max_hp_per_floor":[71,71,71,71,71,71,71,71,71,71,71,71,71],"card_choices":[{"not_picked":["Rebound","Hologram"],"picked":"Cold Snap","floor":1},{"not_picked":["Chill","Steam"],"picked":"Compile Driver","floor":3},{"not_picked":["Rebound","Hologram"],"picked":"Chaos","floor":4},{"not_picked":["Glacier","Steam"],"picked":"Self Repair","floor":5},{"not_picked":["Fusion","Storm"],"picked":"Mirror Shield","floor":7},{"not_picked":["Ball Lightning","Fusion","Consume"],"picked":"SKIP","floor":8},{"not_picked":["Darkness","Time Bomb"],"picked":"Coolheaded","floor":11}],"player_experience":834095,"relics_obtained":[{"floor":7,"key":"WingedGreaves"},{"floor":9,"key":"Boot"}],"event_choices":[{"cards_removed":["Defend_B"],"damage_healed":0,"gold_gain":0,"player_choice":"Purged","damage_taken":0,"max_hp_gain":0,"max_hp_loss":0,"event_name":"Purifier","floor":2,"gold_loss":0}],"is_beta":false,"boss_relics":[],"items_purged_floors":[],"is_endless":false,"potions_floor_spawned":[5,8],"killed_by":"Gremlin Nob","ascension_level":16}}