{"host":"5mo0809oo9tcrmpl","time":1613524843,"event":{"mods":["BaseMod","Highlight Path","Minty Spire (QoL Compilation)","Relic Stats","Slay the Relics Exporter"],"gold_per_floor":[114,114,62,77,77,77,107,107,107,122,137,152,167,182,182,282,282,297,297,312,12,12,12,42,57,132,132,147,147,162,177,177,277,277,292,307,322,367,382,382,82,82,82,112,112,127,129,144,144,144],"floor_reached":51,"language":"ENG","playtime":2802,"items_purged":[],"score":955,"play_id":"d17b0a50-c1e1-4c74-b610-2416c94278d3","local_time":"20210216192043","daily_mods":["Chimera","Uncertain Future","Terminal"],"is_ascension_mode":false,"campfire_choices":[{"data":"Zap","floor":6.0,"key":"SMITH"},{"data":"Crescendo","floor":8.0,"key":"SMITH"},{"data":"ClearTheMind","floor":15.0,"key":"SMITH"},{"data":"Vault","floor":23.0,"key":"SMITH"},{"data":"Eruption","floor":29.0,"key":"SMITH"},{"data":"DeceiveReality","floor":32.0,"key":"SMITH"},{"data":"Wallop","floor":40,"key":"SMITH"},{"data":"ThirdEye","floor":42,"key":"SMITH"},{"floor":49,"key":"DIG"}],"circlet_count":0,"master_deck":["Bash","Survivor","Zap+1","Eruption+1","Defend_R+1","Defend_G+1","Defend_P+1","Wallop+1","EmptyFist+1","Evaluate","Crescendo+1","FearNoEvil","ClearTheMind+1","ThirdEye+1","Vault+1","Wish+1","Wireheading+1","Crescendo+1","BattleHymn+1","DeceiveReality+1","FlurryOfBlows","FlurryOfBlows","RitualDagger","EmptyBody+1","Vault","WheelKick+1","RitualDagger","DeceiveReality+1"],"relics":["HolyWater","Calipers","Toy Ornithopter","White Beast Statue","Astrolabe","MutagenicStrength","Akabeko","Blood Vial","Kunai","HornCleat","Lantern","DollysMirror","Letter Opener","Shovel","FossilizedHelix","Ice Cream"],"acts_visited":["Exordium","TheCity","TheBeyond"],"potions_floor_usage":[47,48],"damage_taken":[{"damage":0.0,"enemies":"2 Louse","floor":1.0,"turns":1.0},{"damage":0.0,"enemies":"Small Slimes","floor":4.0,"turns":2.0},{"damage":4.0,"enemies":"3 Sentries","floor":7.0,"turns":8.0},{"damage":0.0,"enemies":"Cultist","floor":10.0,"turns":2.0},{"damage":0.0,"enemies":"Looter","floor":11.0,"turns":3.0},{"damage":4.0,"enemies":"2 Fungi Beasts","floor":12.0,"turns":2.0},{"damage":0.0,"enemies":"Blue Slaver","floor":13.0,"turns":3.0},{"damage":0.0,"enemies":"Red Slaver","floor":14.0,"turns":2.0},{"damage":0.0,"enemies":"Hexaghost","floor":16.0,"turns":9.0},{"damage":2.0,"enemies":"Spheric Guardian","floor":18.0,"turns":5.0},{"damage":4.0,"enemies":"2 Thieves","floor":20.0,"turns":3.0},{"damage":0.0,"enemies":"Book of Stabbing","floor":24.0,"turns":4.0},{"damage":0.0,"enemies":"Cultist and Chosen","floor":25.0,"turns":4.0},{"damage":0.0,"enemies":"Snake Plant","floor":28.0,"turns":4.0},{"damage":0.0,"enemies":"Shelled Parasite and Fungi","floor":30.0,"turns":3.0},{"damage":0.0,"enemies":"Centurion and Healer","floor":31.0,"turns":4.0},{"damage":0.0,"enemies":"Automaton","floor":33.0,"turns":8.0},{"damage":0.0,"enemies":"Orb Walker","floor":35.0,"turns":2.0},{"damage":0.0,"enemies":"3 Shapes","floor":36.0,"turns":5.0},{"damage":0.0,"enemies":"Maw","floor":37.0,"turns":8.0},{"damage":0,"enemies":"3 Darklings","floor":38,"turns":8},{"damage":0,"enemies":"Sphere and 2 Shapes","floor":39,"turns":5},{"damage":0,"enemies":"Nemesis","floor":44,"turns":7},{"damage":0,"enemies":"Maw","floor":46,"turns":6},{"damage":17,"enemies":"2 Orb Walkers","floor":47,"turns":4},{"damage":0,"enemies":"Jaw Worm Horde","floor":48,"turns":4},{"damage":0,"enemies":"Donu and Deca","floor":50,"turns":14}],"seed_played":"6706742764168558924","potions_obtained":[{"floor":1.0,"key":"DistilledChaos"},{"floor":10.0,"key":"SpeedPotion"},{"floor":11.0,"key":"DuplicationPotion"},{"floor":14.0,"key":"ColorlessPotion"},{"floor":16.0,"key":"FearPotion"},{"floor":18.0,"key":"Strength Potion"},{"floor":20.0,"key":"Regen Potion"},{"floor":30.0,"key":"EssenceOfSteel"},{"floor":33.0,"key":"FearPotion"},{"floor":35.0,"key":"StancePotion"},{"floor":38,"key":"PowerPotion"},{"floor":47,"key":"Fruit Juice"},{"floor":48,"key":"SteroidPotion"}],"is_trial":false,"path_per_floor":["M","?","$","M","?","R","E","R","T","M","M","M","M","M","R","B",null,"M","?","M","$","?","R","E","M","T","?","M","R","M","M","R","B",null,"M","M","M","M","M","R","$","R","T","E","?","M","?","M","R","B",null],"character_chosen":"WATCHER","items_purchased":["EmptyFist","Akabeko","Blood Vial","Lantern","DollysMirror"],"campfire_rested":0,"item_purchase_floors":[3,21,21,41,41],"current_hp_per_floor":[70,58,58,58,58,58,54,54,54,54,54,50,50,55,55,55,54,52,52,51,50,49,48,47,46,45,39,41,41,41,40,39,38,37,36,35,34,33,32,31,30,29,28,27,26,25,8,20,20,22],"gold":144,"neow_bonus":"","is_daily":true,"chose_seed":false,"campfire_upgraded":8,"win_rate":0.0,"timestamp":1613524843,"path_taken":["M","?","$","M","?","R","E","R","T","M","M","M","?","M","R","BOSS","M","?","M","$","?","R","E","M","T","?","M","R","M","M","R","BOSS","M","M","M","M","M","R","$","R","T","E","?","?","?","M","R","BOSS"],"items_purchased_type":["Card","Relic","Relic","Relic","Relic"],"build_version":"2020-12-22","purchased_purges":0,"victory":true,"max_hp_per_floor":[70,69,68,67,66,65,64,63,62,61,60,59,58,57,56,55,54,53,52,51,50,49,48,47,46,45,44,43,42,41,40,39,38,37,36,35,34,33,32,31,30,29,28,27,26,25,24,28,27,26],"relic_stats":{"Blood Vial":7,"Shovel":1,"counters":[27,130],"Astrolabe":["Wish","Wireheading","Crescendo"],"Kunai":[45],"Letter Opener":[82],"obtain_stats":[{"Ice Cream":49,"Lantern":41,"Calipers":2,"Astrolabe":17,"Letter Opener":43,"White Beast Statue":9,"Akabeko":21,"Blood Vial":21,"HornCleat":26,"Shovel":44,"DollysMirror":41,"MutagenicStrength":19,"HolyWater":34,"Kunai":24,"PureWater":0,"Toy Ornithopter":7,"FossilizedHelix":47},{"Ice Cream":26,"Lantern":22,"Calipers":1,"Astrolabe":9,"Letter Opener":22,"White Beast Statue":3,"Akabeko":11,"Blood Vial":11,"HornCleat":13,"Shovel":23,"DollysMirror":22,"MutagenicStrength":10,"HolyWater":17,"Kunai":12,"PureWater":0,"Toy Ornithopter":3,"FossilizedHelix":25},{"Ice Cream":116,"Lantern":95,"Calipers":1,"Astrolabe":32,"Letter Opener":95,"White Beast Statue":11,"Akabeko":40,"Blood Vial":40,"HornCleat":48,"Shovel":102,"DollysMirror":95,"MutagenicStrength":37,"HolyWater":67,"Kunai":44,"PureWater":0,"Toy Ornithopter":11,"FossilizedHelix":112}],"Toy Ornithopter":15},"card_choices":[{"not_picked":["DeceiveReality","Protect"],"picked":"Wallop","floor":1.0},{"not_picked":["Wireheading","BowlingBash"],"picked":"Evaluate","floor":4.0},{"not_picked":["Halt","Nirvana"],"picked":"Crescendo","floor":7.0},{"not_picked":["JustLucky","BowlingBash","Pray"],"picked":"SKIP","floor":10.0},{"not_picked":["BowlingBash","JustLucky"],"picked":"FearNoEvil","floor":11.0},{"not_picked":["CarveReality","Weave"],"picked":"ClearTheMind","floor":12.0},{"not_picked":["Brilliance","FlyingSleeves","Vengeance"],"picked":"SKIP","floor":13.0},{"not_picked":["ForeignInfluence","CutThroughFate"],"picked":"ThirdEye","floor":14.0},{"not_picked":["Scrawl","Devotion"],"picked":"Vault","floor":16.0},{"not_picked":["EmptyFist","Tantrum"],"picked":"BattleHymn+1","floor":18.0},{"not_picked":["Consecrate","Conclude"],"picked":"DeceiveReality","floor":20.0},{"not_picked":["Adaptation+1","Fasting2+1"],"picked":"FlurryOfBlows","floor":24.0},{"not_picked":["Evaluate","DeceiveReality"],"picked":"FlurryOfBlows","floor":25.0},{"not_picked":["FollowUp","EmptyFist+1"],"picked":"EmptyBody+1","floor":28.0},{"not_picked":["EmptyMind","CrushJoints","Consecrate"],"picked":"SKIP","floor":30.0},{"not_picked":["JustLucky","EmptyBody","Prostrate"],"picked":"SKIP","floor":31.0},{"not_picked":["Judgement","Omniscience"],"picked":"Vault","floor":33.0},{"not_picked":["Meditate","CrushJoints+1","EmptyBody+1"],"picked":"SKIP","floor":35.0},{"not_picked":["Fasting2","Protect","ThirdEye"],"picked":"SKIP","floor":36.0},{"not_picked":["WreathOfFlame","FlyingSleeves+1","Indignation"],"picked":"SKIP","floor":37},{"not_picked":["Wallop","FlyingSleeves","CutThroughFate"],"picked":"SKIP","floor":38},{"not_picked":["PathToVictory+1","Evaluate"],"picked":"WheelKick+1","floor":39},{"not_picked":["CrushJoints","Halt","ClearTheMind"],"picked":"SKIP","floor":44},{"not_picked":["JustLucky","EmptyFist","SignatureMove+1"],"picked":"SKIP","floor":46},{"not_picked":["Scrawl","EmptyBody+1"],"picked":"DeceiveReality+1","floor":48}],"player_experience":1285631,"relics_obtained":[{"floor":7.0,"key":"Toy Ornithopter"},{"floor":9.0,"key":"White Beast Statue"},{"floor":24.0,"key":"Kunai"},{"floor":26.0,"key":"HornCleat"},{"floor":43,"key":"Letter Opener"},{"floor":44,"key":"Shovel"},{"floor":47,"key":"FossilizedHelix"},{"floor":49,"key":"Ice Cream"}],"event_choices":[{"damage_healed":0.0,"max_hp_gain":0.0,"max_hp_loss":0.0,"gold_gain":0.0,"event_name":"Scrap Ooze","player_choice":"Success","floor":2.0,"gold_loss":0.0,"damage_taken":12.0,"relics_obtained":["Calipers"]},{"damage_healed":0.0,"max_hp_gain":0.0,"max_hp_loss":0.0,"gold_gain":0.0,"event_name":"Upgrade Shrine","player_choice":"Upgraded","floor":5.0,"gold_loss":0.0,"damage_taken":0.0,"cards_upgraded":["EmptyFist"]},{"damage_healed":0.0,"max_hp_gain":0.0,"max_hp_loss":0.0,"gold_gain":0.0,"event_name":"Drug Dealer","player_choice":"Inject Mutagens","floor":19.0,"gold_loss":0.0,"damage_taken":0.0,"relics_obtained":["MutagenicStrength"]},{"damage_healed":0.0,"max_hp_gain":0.0,"max_hp_loss":0.0,"gold_gain":0.0,"event_name":"Back to Basics","player_choice":"Simplicity","floor":22.0,"gold_loss":0.0,"damage_taken":0.0,"cards_upgraded":["Defend_R","Defend_G","Defend_P"]},{"damage_healed":0.0,"max_hp_gain":0.0,"max_hp_loss":0.0,"gold_gain":0.0,"event_name":"Nest","player_choice":"Joined the Cult","floor":27.0,"gold_loss":0.0,"damage_taken":6.0,"cards_obtained":["RitualDagger"]},{"damage_healed":0,"gold_gain":0,"player_choice":"Ignored","damage_taken":0,"max_hp_gain":0,"max_hp_loss":0,"event_name":"Transmorgrifier","floor":45,"gold_loss":0},{"damage_healed":0,"gold_gain":0,"player_choice":"Fight","damage_taken":0,"max_hp_gain":0,"max_hp_loss":0,"event_name":"Mysterious Sphere","floor":47,"gold_loss":0}],"is_beta":false,"boss_relics":[{"not_picked":["Calling Bell","Snecko Eye"],"picked":"Astrolabe"},{"not_picked":["Runic Dome","SlaversCollar"],"picked":"HolyWater"}],"items_purged_floors":[],"is_endless":false,"potions_floor_spawned":[1,10,11,12,13,14,16,18,20,24,25,28,30,31,33,35,36,37,38,39,44,46,47,48],"ascension_level":0}}