{"host":"bf5upntvbdompq33","time":1613605911,"event":{"mods":["BaseMod","Bestiary","Colored Map","Colored Powertips","Curses Come First","Highlight Path","Minty Spire (QoL Compilation)","StSLib","ojb\u0027s Info Mod"],"gold_per_floor":[111,128,128,140,160,193,193,221,272,286,286,319,347,347,347,444,444,459,11,11,23,37,37,37],"floor_reached":23,"language":"ENG","playtime":1759,"items_purged":["Strike_B"],"score":327,"play_id":"31599270-d088-43c7-89c4-abe8afc04244","local_time":"20210217165151","is_ascension_mode":true,"campfire_choices":[{"data":"Zap","floor":7,"key":"SMITH"},{"floor":11,"key":"REST"},{"data":"Streamline","floor":15,"key":"SMITH"}],"circlet_count":0,"master_deck":["AscendersBane","Defend_B","Defend_B","Defend_B","Zap+1","Dualcast","Sunder+1","Heatsinks+1","Hyperbeam+1","Cold Snap","Ball Lightning","Steam Power","Cold Snap","Rebound","Coolheaded","Chaos","Rebound","Streamline+1","Core Surge","Seek","Auto Shields","Conserve Battery","Turbo","Melter+1"],"relics":["Astrolabe","Juzu Bracelet","StrikeDummy","Potion Belt","Boot","Odd Mushroom","Fusion Hammer","Shuriken","MutagenicStrength"],"acts_visited":["Exordium","TheCity"],"potions_floor_usage":[6,16,18],"damage_taken":[{"damage":0,"enemies":"Small Slimes","floor":1,"turns":1},{"damage":7,"enemies":"Jaw Worm","floor":2,"turns":2},{"damage":2,"enemies":"2 Louse","floor":4,"turns":2},{"damage":0,"enemies":"2 Fungi Beasts","floor":5,"turns":1},{"damage":10,"enemies":"Gremlin Nob","floor":6,"turns":3},{"damage":5,"enemies":"3 Sentries","floor":8,"turns":3},{"damage":14,"enemies":"Red Slaver","floor":10,"turns":2},{"damage":8,"enemies":"Gremlin Nob","floor":12,"turns":3},{"damage":1,"enemies":"The Mushroom Lair","floor":13,"turns":2},{"damage":63,"enemies":"Hexaghost","floor":16,"turns":8},{"damage":12,"enemies":"2 Thieves","floor":18,"turns":3},{"damage":5,"enemies":"3 Byrds","floor":21,"turns":4},{"damage":3,"enemies":"Cultist and Chosen","floor":22,"turns":4},{"damage":47,"enemies":"Book of Stabbing","floor":23,"turns":3}],"seed_played":"-8111828916587381242","potions_obtained":[{"floor":4,"key":"DistilledChaos"},{"floor":6,"key":"Dexterity Potion"},{"floor":13,"key":"DuplicationPotion"},{"floor":16,"key":"DuplicationPotion"}],"is_trial":false,"path_per_floor":["M","M","?","M","M","E","R","E","T","M","R","E","?","?","R","B",null,"M","$","?","M","M","E"],"character_chosen":"DEFECT","items_purchased":["Auto Shields","Shuriken","Conserve Battery"],"campfire_rested":1,"item_purchase_floors":[19,19,19],"current_hp_per_floor":[68,61,61,59,59,49,49,44,44,30,52,44,43,68,68,5,58,46,46,46,41,38,0,0],"gold":37,"neow_bonus":"BOSS_RELIC","is_daily":false,"chose_seed":false,"campfire_upgraded":2,"win_rate":0.0,"timestamp":1613605911,"path_taken":["M","M","?","M","M","E","R","E","T","M","R","E","?","?","R","BOSS","M","$","?","M","M","E"],"items_purchased_type":["Card","Relic","Card"],"build_version":"2020-12-22","purchased_purges":1,"victory":false,"max_hp_per_floor":[75,75,75,75,75,75,75,75,75,75,75,75,75,75,75,75,75,75,75,75,75,75,75,75],"card_choices":[{"not_picked":["Barrage","Melter"],"picked":"Cold Snap","floor":1},{"not_picked":["Rip and Tear","Redo"],"picked":"Ball Lightning","floor":2},{"not_picked":["Conserve Battery","Leap"],"picked":"Cold Snap","floor":4},{"not_picked":["Double Energy","Barrage"],"picked":"Rebound","floor":5},{"not_picked":["Steam","Sweeping Beam"],"picked":"Coolheaded","floor":6},{"not_picked":["White Noise","Beam Cell"],"picked":"Chaos","floor":8},{"not_picked":["FTL","Stack"],"picked":"Rebound","floor":10},{"not_picked":["BootSequence","Leap"],"picked":"Streamline","floor":12},{"not_picked":["Skim","Ball Lightning"],"picked":"Core Surge","floor":13},{"not_picked":["Machine Learning","Creative AI"],"picked":"Seek","floor":16},{"not_picked":["Scrape","Redo","Hello World"],"picked":"SKIP","floor":18},{"not_picked":["Genetic Algorithm","Compile Driver"],"picked":"Turbo","floor":21},{"not_picked":["Steam Power+1","Genetic Algorithm"],"picked":"Melter+1","floor":22}],"player_experience":1624087,"relics_obtained":[{"floor":6,"key":"Juzu Bracelet"},{"floor":8,"key":"StrikeDummy"},{"floor":9,"key":"Potion Belt"},{"floor":12,"key":"Boot"},{"floor":13,"key":"Odd Mushroom"}],"event_choices":[{"damage_healed":0,"gold_gain":0,"cards_transformed":["Strike_B"],"player_choice":"Change","damage_taken":0,"max_hp_gain":0,"max_hp_loss":0,"event_name":"Living Wall","floor":3,"gold_loss":0,"cards_obtained":["Steam Power"]},{"damage_healed":0,"gold_gain":0,"player_choice":"Fought Mushrooms","damage_taken":0,"max_hp_gain":0,"max_hp_loss":0,"event_name":"Mushrooms","floor":13,"gold_loss":0},{"damage_healed":25,"gold_gain":0,"player_choice":"Banana","damage_taken":0,"max_hp_gain":0,"max_hp_loss":0,"event_name":"Big Fish","floor":14,"gold_loss":0},{"damage_healed":0,"gold_gain":0,"player_choice":"Inject Mutagens","damage_taken":0,"relics_obtained":["MutagenicStrength"],"max_hp_gain":0,"max_hp_loss":0,"event_name":"Drug Dealer","floor":20,"gold_loss":0}],"is_beta":false,"boss_relics":[{"not_picked":["Philosopher\u0027s Stone","Calling Bell"],"picked":"Fusion Hammer"}],"items_purged_floors":[19],"is_endless":false,"potions_floor_spawned":[4,6,13,16],"killed_by":"Book of Stabbing","ascension_level":11}}