{"host":"phniwng9zo19jwdb","time":1613592049,"event":{"mods":["AchievementEnabler","BaseMod","Colored Powertips","Dark Map","Faster Ascension Climbing","GifTheSpireLib","Minty Spire (QoL Compilation)","Permanent Neow","Rare Cards Sparkle","Relic Filter Mod","StSLib","Weighted Paths"],"gold_per_floor":[115,40,50,50,64,64,94,94,119,133,209,236,236,265,265,339,339,352,352,8,23,23,23,349,349,400,400,450,480,498,530,530,607,607,626,643,305,323,337,365,365,365,365,365,365,384,384,413,413,413,413,413],"floor_reached":51,"language":"ENG","playtime":2613,"items_purged":["Strike_G+1"],"score":1783,"play_id":"6eb7e7c1-673e-4590-83c5-35925b093e98","local_time":"20210217210049","is_ascension_mode":true,"campfire_choices":[{"data":"Noxious Fumes","floor":6.0,"key":"SMITH"},{"data":"Reflex","floor":8.0,"key":"SMITH"},{"data":"Tactician","floor":15.0,"key":"SMITH"},{"data":"Blade Dance","floor":23.0,"key":"SMITH"},{"data":"Footwork","floor":25.0,"key":"SMITH"},{"data":"Neutralize","floor":27.0,"key":"SMITH"},{"data":"Calculated Gamble","floor":32.0,"key":"SMITH"},{"data":"After Image","floor":41,"key":"SMITH"},{"floor":47,"key":"RECALL"},{"data":"Apotheosis","floor":49,"key":"SMITH"}],"circlet_count":0,"master_deck":["AscendersBane","Strike_G+1","Strike_G+1","Defend_G+1","Defend_G+1","Defend_G+1","Defend_G+1","Defend_G+1","Survivor","Neutralize+1","Crippling Poison+1","Reflex+1","Noxious Fumes+1","Dagger Throw","Blade Dance+1","Tactician+1","Dagger Throw","Footwork+1","Calculated Gamble+1","Acrobatics","Envenom","Terror+1","Deep Breath","Blur","Tactician","Tactician","Escape Plan","PiercingWail","Burst","After Image+1","Apotheosis+1","Panacea","Chrysalis","Terror+1"],"relics":["Ring of the Snake","Dead Branch","War Paint","Snake Skull","Sundial","Toy Ornithopter","Juzu Bracelet","Coffee Dripper","Bird Faced Urn","Old Coin","Bag of Preparation","Vajra","Prayer Wheel","Black Star","Orrery","InkBottle","FossilizedHelix","TungstenRod","Art of War"],"acts_visited":["Exordium","TheCity","TheBeyond"],"potions_floor_usage":[40,40],"damage_taken":[{"damage":0.0,"enemies":"2 Louse","floor":1.0,"turns":3.0},{"damage":0.0,"enemies":"Jaw Worm","floor":3.0,"turns":5.0},{"damage":0.0,"enemies":"Cultist","floor":5.0,"turns":4.0},{"damage":16.0,"enemies":"Lagavulin","floor":7.0,"turns":7.0},{"damage":0.0,"enemies":"Exordium Thugs","floor":10.0,"turns":3.0},{"damage":19.0,"enemies":"Gremlin Nob","floor":12.0,"turns":4.0},{"damage":7.0,"enemies":"3 Sentries","floor":14.0,"turns":5.0},{"damage":23.0,"enemies":"Slime Boss","floor":16.0,"turns":8.0},{"damage":16.0,"enemies":"Spheric Guardian","floor":18.0,"turns":6.0},{"damage":8.0,"enemies":"2 Thieves","floor":21.0,"turns":5.0},{"damage":18.0,"enemies":"Gremlin Leader","floor":24.0,"turns":7.0},{"damage":2.0,"enemies":"Book of Stabbing","floor":29.0,"turns":5.0},{"damage":7.0,"enemies":"Shelled Parasite and Fungi","floor":30.0,"turns":5.0},{"damage":0.0,"enemies":"Slavers","floor":31.0,"turns":3.0},{"damage":0.0,"enemies":"Automaton","floor":33.0,"turns":10.0},{"damage":0.0,"enemies":"Orb Walker","floor":35.0,"turns":3.0},{"damage":0.0,"enemies":"3 Shapes","floor":36.0,"turns":4.0},{"damage":0,"enemies":"Jaw Worm Horde","floor":38,"turns":5},{"damage":1,"enemies":"4 Shapes","floor":39,"turns":6},{"damage":31,"enemies":"Reptomancer","floor":40,"turns":9},{"damage":0,"enemies":"Transient","floor":46,"turns":6},{"damage":0,"enemies":"Giant Head","floor":48,"turns":4},{"damage":30,"enemies":"Donu and Deca","floor":50,"turns":8},{"damage":54,"enemies":"Time Eater","floor":51,"turns":8}],"seed_played":"9217489555945134472","potions_obtained":[{"floor":1.0,"key":"Dexterity Potion"},{"floor":7.0,"key":"Dexterity Potion"},{"floor":12.0,"key":"GhostInAJar"},{"floor":18.0,"key":"CunningPotion"},{"floor":40,"key":"Poison Potion"}],"is_trial":false,"path_per_floor":["M","?","M","?","M","R","E","R","T","M","T","E","?","E","R","B",null,"M","?","$","M","?","R","E","R","T","R","?","E","M","E","R","B",null,"M","M","$","M","M","E","R","?","T","?","?","M","R","E","R","B","B"],"character_chosen":"THE_SILENT","items_purchased":["Bird Faced Urn","Deep Breath","Orrery"],"campfire_rested":0,"item_purchase_floors":[20,37,37],"current_hp_per_floor":[59,59,59,59,59,59,43,43,43,43,43,24,60,53,53,30,53,37,37,37,33,70,70,56,56,56,56,56,60,57,65,65,70,70,70,70,70,70,70,52,52,52,52,42,42,56,56,66,66,40,0,0],"gold":413,"neow_bonus":"ONE_RARE_RELIC","is_daily":false,"chose_seed":false,"campfire_upgraded":9,"win_rate":0.0,"timestamp":1613592049,"path_taken":["M","?","M","?","?","R","E","R","T","M","?","E","?","E","R","BOSS","M","?","$","M","?","R","E","R","T","R","?","E","M","E","R","BOSS","M","M","$","M","M","E","R","?","T","?","?","M","R","E","R","BOSS","BOSS"],"items_purchased_type":["Relic","Card","Relic"],"build_version":"2020-12-22","purchased_purges":1,"victory":false,"max_hp_per_floor":[60,60,60,60,60,60,60,60,60,60,60,60,60,60,60,60,60,60,60,60,60,70,70,70,70,70,70,70,70,70,70,70,70,70,70,70,70,70,70,70,70,70,70,70,66,66,66,66,66,66,66,66],"card_choices":[{"not_picked":["Choke","Flying Knee"],"picked":"Crippling Poison","floor":1.0},{"not_picked":["Outmaneuver","Bane","Dodge and Roll"],"picked":"SKIP","floor":3.0},{"not_picked":["Masterful Stab","Underhanded Strike"],"picked":"Noxious Fumes","floor":5.0},{"not_picked":["Slice","Dagger Spray","Choke"],"picked":"SKIP","floor":7.0},{"not_picked":["Dodge and Roll","Acrobatics"],"picked":"Dagger Throw","floor":10.0},{"not_picked":["Infinite Blades","Distraction"],"picked":"Blade Dance","floor":12.0},{"not_picked":["Acrobatics","Distraction"],"picked":"Tactician","floor":14.0},{"not_picked":["Burst","Phantasmal Killer"],"picked":"Wraith Form v2","floor":16.0},{"not_picked":["Cloak And Dagger","Infinite Blades"],"picked":"Dagger Throw","floor":18.0},{"not_picked":["Bane","Distraction"],"picked":"Footwork","floor":21.0},{"not_picked":["Grand Finale","Deflect","Dagger Throw"],"picked":"SKIP","floor":24.0},{"not_picked":["Backflip","Poisoned Stab"],"picked":"Calculated Gamble","floor":29.0},{"not_picked":["Deadly Poison","Slice"],"picked":"Acrobatics","floor":30.0},{"not_picked":["Heel Hook","Choke"],"picked":"Dash","floor":31.0},{"not_picked":["Storm of Steel","Die Die Die"],"picked":"Envenom","floor":33.0},{"not_picked":["Dagger Spray","Poisoned Stab","Bouncing Flask"],"picked":"SKIP","floor":35.0},{"not_picked":["Dodge and Roll","Outmaneuver","Choke"],"picked":"SKIP","floor":35.0},{"not_picked":["Bane","PiercingWail"],"picked":"Terror+1","floor":36.0},{"not_picked":["Heel Hook","Cloak And Dagger","Sucker Punch"],"picked":"SKIP","floor":36.0},{"not_picked":["Dagger Spray","Cloak And Dagger"],"picked":"Blur","floor":37},{"not_picked":["Skewer+1","Grand Finale"],"picked":"Tactician","floor":37},{"not_picked":["Accuracy","Finisher+1"],"picked":"Tactician","floor":37},{"not_picked":["Dagger Throw","Bane+1"],"picked":"Escape Plan","floor":38},{"not_picked":["Dagger Spray","Sucker Punch","Bane+1"],"picked":"SKIP","floor":38},{"not_picked":["Footwork","Slice+1"],"picked":"PiercingWail","floor":39},{"not_picked":["Cloak And Dagger","Dagger Spray"],"picked":"Burst","floor":39},{"not_picked":["Outmaneuver","Footwork"],"picked":"After Image","floor":40},{"not_picked":["The Bomb","HandOfGreed"],"picked":"Apotheosis","floor":44},{"not_picked":["HandOfGreed","Swift Strike"],"picked":"Panacea","floor":44},{"not_picked":["Enlightenment","Finesse"],"picked":"Chrysalis","floor":44},{"not_picked":["All Out Attack+1","Prepared"],"picked":"Terror+1","floor":46},{"not_picked":["Bouncing Flask","Flying Knee+1","Blade Dance"],"picked":"SKIP","floor":46},{"not_picked":["Flechettes","Bane","Poisoned Stab"],"picked":"SKIP","floor":48}],"player_experience":155210,"relics_obtained":[{"floor":7.0,"key":"War Paint"},{"floor":9.0,"key":"Snake Skull"},{"floor":11.0,"key":"Sundial"},{"floor":12.0,"key":"Toy Ornithopter"},{"floor":14.0,"key":"Juzu Bracelet"},{"floor":24.0,"key":"Old Coin"},{"floor":26.0,"key":"Bag of Preparation"},{"floor":29.0,"key":"Vajra"},{"floor":31.0,"key":"Prayer Wheel"},{"floor":40,"key":"InkBottle"},{"floor":40,"key":"FossilizedHelix"},{"floor":48,"key":"TungstenRod"},{"floor":48,"key":"Art of War"}],"event_choices":[{"cards_removed":["Strike_G"],"damage_healed":0.0,"max_hp_gain":0.0,"max_hp_loss":0.0,"gold_gain":0.0,"event_name":"The Cleric","player_choice":"Card Removal","floor":2.0,"gold_loss":75.0,"damage_taken":0.0},{"damage_healed":0.0,"max_hp_gain":0.0,"max_hp_loss":0.0,"gold_gain":0.0,"cards_transformed":["Strike_G"],"event_name":"Transmorgrifier","player_choice":"Transformed","floor":4.0,"gold_loss":0.0,"damage_taken":0.0,"cards_obtained":["Reflex"]},{"damage_healed":36.0,"max_hp_gain":0.0,"max_hp_loss":0.0,"gold_gain":0.0,"event_name":"Wheel of Change","player_choice":"Full Heal","floor":13.0,"gold_loss":0.0,"damage_taken":0.0},{"damage_healed":0.0,"max_hp_gain":0.0,"max_hp_loss":0.0,"gold_gain":0.0,"event_name":"Back to Basics","player_choice":"Simplicity","floor":19.0,"gold_loss":0.0,"damage_taken":0.0,"cards_upgraded":["Strike_G","Strike_G","Strike_G","Defend_G","Defend_G","Defend_G","Defend_G"]},{"cards_removed":["Wraith Form v2"],"damage_healed":27.0,"max_hp_gain":10.0,"max_hp_loss":0.0,"gold_gain":0.0,"event_name":"Bonfire Elementals","player_choice":"Offered Rare","floor":22.0,"gold_loss":0.0,"damage_taken":0.0},{"damage_healed":0.0,"max_hp_gain":0.0,"max_hp_loss":0.0,"gold_gain":50.0,"event_name":"Nest","player_choice":"Stole From Cult","floor":28.0,"gold_loss":0.0,"damage_taken":0.0},{"cards_removed":["Dash"],"damage_healed":0,"gold_gain":0,"player_choice":"Removed Attack","damage_taken":0,"max_hp_gain":0,"max_hp_loss":0,"event_name":"Falling","floor":42,"gold_loss":0},{"damage_healed":0,"gold_gain":0,"player_choice":"Memory 3","damage_taken":10,"max_hp_gain":0,"max_hp_loss":0,"event_name":"SensoryStone","floor":44,"gold_loss":0},{"damage_healed":0,"gold_gain":0,"player_choice":"Max HP","damage_taken":0,"max_hp_gain":0,"max_hp_loss":4,"event_name":"Winding Halls","floor":45,"gold_loss":0}],"is_beta":false,"boss_relics":[{"not_picked":["WristBlade","Sozu"],"picked":"Coffee Dripper"},{"not_picked":["SacredBark","Cursed Key"],"picked":"Black Star"}],"items_purged_floors":[37],"is_endless":false,"potions_floor_spawned":[1,7,12,18,30,38,40],"killed_by":"Time Eater","ascension_level":20}}