{"host":"cd7awanv0x2msn9z","time":1613549801,"event":{"mods":["BaseMod","Downfall","Minty Spire (QoL Compilation)","Replay The Spire","StSLib","SuperFastMode"],"gold_per_floor":[110,110,185,360,32,60,60,70,70,70,104,104,104,115,115,115,115],"floor_reached":16,"language":"ZHS","playtime":3303,"items_purged":["Doubt"],"score":111,"play_id":"095cde5d-e586-4fd3-9715-3068c6da4ff4","local_time":"20210217161641","is_ascension_mode":true,"campfire_choices":[{"data":"Survivor","floor":7.0,"key":"SMITH"},{"data":"Poisoned Stab","floor":12,"key":"SMITH"}],"circlet_count":0,"master_deck":["Strike_G","Strike_G","Strike_G","Strike_G+1","Strike_G","Defend_G","Defend_G","Defend_G","Defend_G","Survivor+1","Neutralize+1","Poisoned Stab+1","Quick Slash","Flechettes"],"relics":["Ring of the Snake","Snake Skull","Replay:WaspNest","Blood Vial","Quantum Egg","Replay:Bottled Steam","Mummified Hand","Shuriken"],"acts_visited":["Exordium"],"potions_floor_usage":[11,16],"damage_taken":[{"damage":0.0,"enemies":"Cultist","floor":1.0,"turns":4.0},{"damage":27.0,"enemies":"3 Sentries","floor":6.0,"turns":9.0},{"damage":0.0,"enemies":"2 Louse","floor":8.0,"turns":3.0},{"damage":7,"enemies":"Gremlin Nob","floor":11,"turns":4},{"damage":0,"enemies":"Small Slimes","floor":14,"turns":2},{"damage":39,"enemies":"Fading Forest","floor":16,"turns":4}],"seed_played":"-8353053989804877330","potions_obtained":[{"floor":1.0,"key":"Regen Potion"},{"floor":6.0,"key":"GamblersBrew"},{"floor":8.0,"key":"Toxic Potion"}],"is_trial":false,"path_per_floor":["M","?","?","?","$","E","R","M","T","?","E","R","T","M","R","B"],"character_chosen":"THE_SILENT","items_purchased":["Replay:WaspNest"],"campfire_rested":0,"item_purchase_floors":[5],"current_hp_per_floor":[70,56,45,45,45,33,33,35,35,32,27,27,27,29,29,0,0],"gold":115,"neow_bonus":"RANDOM_COMMON_RELIC","is_daily":false,"chose_seed":false,"campfire_upgraded":2,"win_rate":0.0,"timestamp":1613549801,"path_taken":["M","?","?","?","$","E","R","M","T","?","E","R","?","?","R","BOSS"],"items_purchased_type":["Relic"],"build_version":"2020-12-22","purchased_purges":1,"victory":false,"max_hp_per_floor":[70,70,70,70,70,70,70,70,70,70,70,70,70,70,70,70,70],"card_choices":[{"not_picked":["Riddle With Holes","Endless Agony","Deflect"],"picked":"SKIP","floor":1.0},{"not_picked":["Dagger Spray","Underhanded Strike","Expertise"],"picked":"SKIP","floor":6.0},{"not_picked":["ReplayTheSpireMod:Tripwire","Blur"],"picked":"Poisoned Stab","floor":8.0},{"not_picked":["Dagger Spray","ReplayTheSpireMod:Speed Training"],"picked":"Quick Slash","floor":11},{"not_picked":["Riddle With Holes","Hidden Blade","Finisher"],"picked":"SKIP","floor":14}],"player_experience":78780,"relics_obtained":[{"floor":6.0,"key":"Blood Vial"},{"floor":9.0,"key":"Quantum Egg"},{"floor":11,"key":"Mummified Hand"},{"floor":13,"key":"Shuriken"}],"event_choices":[{"damage_healed":0.0,"max_hp_gain":0.0,"max_hp_loss":0.0,"gold_gain":0.0,"event_name":"Shining Light","player_choice":"Entered Light","floor":2.0,"gold_loss":0.0,"damage_taken":14.0,"cards_upgraded":["Neutralize","Strike_G"]},{"damage_healed":0.0,"max_hp_gain":0.0,"max_hp_loss":0.0,"gold_gain":75.0,"event_name":"World of Goop","player_choice":"Gather Gold","floor":3.0,"gold_loss":0.0,"damage_taken":11.0},{"damage_healed":0.0,"max_hp_gain":0.0,"max_hp_loss":0.0,"gold_gain":175.0,"event_name":"Liars Game","player_choice":"AGREE","floor":4.0,"gold_loss":0.0,"damage_taken":0.0,"cards_obtained":["Doubt"]},{"damage_healed":0,"gold_gain":0,"player_choice":"Success","damage_taken":3,"relics_obtained":["Replay:Bottled Steam"],"max_hp_gain":0,"max_hp_loss":0,"event_name":"Scrap Ooze","floor":10,"gold_loss":0}],"is_beta":false,"boss_relics":[],"items_purged_floors":[5],"is_endless":false,"potions_floor_spawned":[1,6,8],"killed_by":"Fading Forest","ascension_level":1}}