{"host":"5jdby9iqu3ct6557","time":1613535369,"event":{"mods":["BaseMod","DeckTracker","Highlight Path","Minty Spire (QoL Compilation)","Relic Stats","StSLib","ojb\u0027s Info Mod"],"gold_per_floor":[51,106,138,195,275,275,355,380,380,427,427,454,484,484,484,556,556,568,568,62,106,151,151,151,151],"floor_reached":24,"language":"ENG","playtime":4687,"items_purged":["Strike_G+1"],"score":436,"play_id":"f8844ee8-c52e-4b56-ac21-f7053131567a","local_time":"20210216231609","is_ascension_mode":true,"campfire_choices":[{"data":"Flechettes","floor":6,"key":"SMITH"},{"floor":11,"key":"REST"},{"data":"HandOfGreed","floor":15,"key":"SMITH"},{"data":"Mayhem","floor":23,"key":"SMITH"}],"circlet_count":0,"master_deck":["AscendersBane","Strike_G+1","Strike_G+1","Strike_G+1","Strike_G+1","Defend_G+1","Defend_G+1","Defend_G+1","Defend_G+1","Defend_G+1","Survivor","Neutralize","HandOfGreed+1","Flechettes+1","Leg Sweep","Deadly Poison+1","Acrobatics","Grand Finale","Blur","Masterful Stab","Die Die Die","Escape Plan","Mayhem+1","Footwork","Acrobatics+1"],"relics":["Ring of the Snake","Unceasing Top","PreservedInsect","Oddly Smooth Stone","StrikeDummy","War Paint","Runic Dome","Frozen Eye"],"acts_visited":["Exordium","TheCity"],"potions_floor_usage":[7,7,8,16,22,24],"damage_taken":[{"damage":3,"enemies":"2 Louse","floor":1,"turns":5},{"damage":1,"enemies":"Small Slimes","floor":2,"turns":5},{"damage":0,"enemies":"Jaw Worm","floor":3,"turns":5},{"damage":0,"enemies":"2 Fungi Beasts","floor":4,"turns":6},{"damage":6,"enemies":"Gremlin Gang","floor":5,"turns":7},{"damage":7,"enemies":"Gremlin Nob","floor":7,"turns":4},{"damage":8,"enemies":"Gremlin Nob","floor":8,"turns":3},{"damage":13,"enemies":"Lagavulin","floor":10,"turns":7},{"damage":14,"enemies":"Gremlin Nob","floor":12,"turns":4},{"damage":0,"enemies":"Red Slaver","floor":13,"turns":4},{"damage":19,"enemies":"Slime Boss","floor":16,"turns":8},{"damage":0,"enemies":"Chosen","floor":18,"turns":5},{"damage":5,"enemies":"Shell Parasite","floor":21,"turns":5},{"damage":8,"enemies":"3 Cultists","floor":22,"turns":4},{"damage":45,"enemies":"Gremlin Leader","floor":24,"turns":7}],"seed_played":"8495100264541161984","potions_obtained":[{"floor":2,"key":"CunningPotion"},{"floor":3,"key":"GhostInAJar"},{"floor":7,"key":"Fire Potion"},{"floor":8,"key":"CunningPotion"},{"floor":10,"key":"BlessingOfTheForge"},{"floor":16,"key":"ColorlessPotion"},{"floor":18,"key":"GamblersBrew"},{"floor":21,"key":"GamblersBrew"},{"floor":22,"key":"ColorlessPotion"}],"is_trial":false,"path_per_floor":["M","M","M","M","M","R","?","E","T","E","R","E","M","?","R","B",null,"M","?","$","M","M","R","E"],"character_chosen":"THE_SILENT","items_purchased":["Frozen Eye","Escape Plan","Mayhem"],"campfire_rested":1,"item_purchase_floors":[20,20,20],"current_hp_per_floor":[56,55,55,55,49,49,42,34,34,21,40,26,26,48,48,29,57,57,57,57,52,44,44,0,0],"gold":151,"neow_bonus":"RANDOM_COLORLESS_2","is_daily":false,"chose_seed":false,"campfire_upgraded":3,"win_rate":0.0,"timestamp":1613535369,"path_taken":["M","M","M","M","M","R","?","E","T","E","R","E","M","?","R","BOSS","M","?","$","M","M","R","E"],"items_purchased_type":["Relic","Card","Card"],"build_version":"2020-12-22","purchased_purges":1,"victory":false,"max_hp_per_floor":[66,66,66,66,66,66,66,66,66,66,66,66,66,66,66,66,66,66,66,66,66,66,66,66,66],"relic_stats":{"counters":[15,79],"PreservedInsect":99,"War Paint":["Defend_G","Deadly Poison"],"obtain_stats":[{"Runic Dome":17,"Frozen Eye":20,"Oddly Smooth Stone":9,"PreservedInsect":8,"War Paint":12,"StrikeDummy":10,"Unceasing Top":7,"Ring of the Snake":0},{"Runic Dome":11,"Frozen Eye":12,"Oddly Smooth Stone":7,"PreservedInsect":7,"War Paint":9,"StrikeDummy":8,"Unceasing Top":6,"Ring of the Snake":0},{"Runic Dome":58,"Frozen Eye":63,"Oddly Smooth Stone":35,"PreservedInsect":35,"War Paint":46,"StrikeDummy":42,"Unceasing Top":32,"Ring of the Snake":0}],"Unceasing Top":[3],"Ring of the Snake":[30]},"card_choices":[{"not_picked":["Sadistic Nature","Metamorphosis"],"picked":"HandOfGreed","floor":0},{"not_picked":["Riddle With Holes","Expertise"],"picked":"Flechettes","floor":2},{"not_picked":["PiercingWail","Blur"],"picked":"Leg Sweep","floor":4},{"not_picked":["Catalyst","Dodge and Roll"],"picked":"Deadly Poison","floor":7},{"not_picked":["Dodge and Roll","Sucker Punch"],"picked":"Acrobatics","floor":8},{"not_picked":["Acrobatics","Prepared"],"picked":"Grand Finale","floor":10},{"not_picked":["Prepared","Flechettes"],"picked":"Blur","floor":12},{"not_picked":["Quick Slash","Bouncing Flask"],"picked":"Masterful Stab","floor":13},{"not_picked":["Unload","Storm of Steel"],"picked":"Die Die Die","floor":16},{"not_picked":["Caltrops+1","Flying Knee"],"picked":"Footwork","floor":21},{"not_picked":["Dodge and Roll","PiercingWail"],"picked":"Acrobatics+1","floor":22}],"player_experience":2791911,"relics_obtained":[{"floor":7,"key":"Unceasing Top"},{"floor":8,"key":"PreservedInsect"},{"floor":9,"key":"Oddly Smooth Stone"},{"floor":10,"key":"StrikeDummy"},{"floor":12,"key":"War Paint"}],"event_choices":[{"damage_healed":0,"gold_gain":0,"player_choice":"Searched \u00271\u0027 times","damage_taken":0,"max_hp_gain":0,"max_hp_loss":0,"event_name":"Dead Adventurer","floor":7,"gold_loss":0},{"damage_healed":22,"gold_gain":0,"player_choice":"Banana","damage_taken":0,"max_hp_gain":0,"max_hp_loss":0,"event_name":"Big Fish","floor":14,"gold_loss":0},{"damage_healed":0,"gold_gain":0,"player_choice":"Simplicity","damage_taken":0,"max_hp_gain":0,"max_hp_loss":0,"event_name":"Back to Basics","floor":19,"gold_loss":0,"cards_upgraded":["Strike_G","Strike_G","Strike_G","Strike_G","Strike_G","Defend_G","Defend_G","Defend_G","Defend_G"]}],"is_beta":false,"boss_relics":[{"not_picked":["Empty Cage","SacredBark"],"picked":"Runic Dome"}],"items_purged_floors":[20],"is_endless":false,"potions_floor_spawned":[2,3,7,8,10,16,18,21,22],"killed_by":"Gremlin Leader","ascension_level":20}}