{"host":"xf2qgw60ouc7kuj7","time":1613525142,"event":{"mods":["100% Spire Juice","Act Like it!","Arknights","BaseMod","Bestiary","Better Altar","Better Match","Better Note","Better Sensory Stone","Better Skull","Better Third Choice","Curses Come First","Dark Map","Friendly Minions","Gensokyo","Hallownest","HololiveMod","KomeijiMod","Lobotomy","LobotomyExtend","Marisa????????","Marked Mod","Minty Spire (QoL Compilation)","Quick Restart","Rare Cards Sparkle","Reimu??????","Relic Stats","Reliquary","Robot Space Explorer","Ruina","StSLib","The Bug Knight","Waifu the Spire"],"gold_per_floor":[117,128,138,152,152,188,68,93,117,151,101,101,5,5,5,5,5],"floor_reached":16,"language":"ENG","playtime":978,"items_purged":[],"score":102,"play_id":"9c513315-9819-439e-9718-7b09841e5988","local_time":"20210216172542","is_ascension_mode":false,"campfire_choices":[{"floor":7,"key":"REST"},{"floor":12,"key":"REST"},{"floor":15,"key":"REST"}],"circlet_count":0,"master_deck":["Moonworks:Strike","Moonworks:Strike","Moonworks:Strike","Moonworks:Strike","Moonworks:Defend","Moonworks:Defend","Moonworks:Defend","Moonworks:Defend","Moonworks:Ambush","Moonworks:LongDistanceShot","Moonworks:GoAway","Moonworks:Flamethrower","Moonworks:JonathanRush","Moonworks:ReproductionOfRecords","Moonworks:Poppoformation","Moonworks:AngelHand","Moonworks:EvilSpyWorkPreparation","Moonworks:MeltingMemories"],"relics":["Moonworks:BrokenBomb","Moonworks:Homemark","Golden Idol","Smiling Mask","Nunchaku","Odd Mushroom"],"acts_visited":["Exordium"],"potions_floor_usage":[6,10],"damage_taken":[{"damage":0,"enemies":"Cultist","floor":1,"turns":3},{"damage":6,"enemies":"Jaw Worm","floor":2,"turns":2},{"damage":1,"enemies":"2 Louse","floor":3,"turns":3},{"damage":5,"enemies":"Looter","floor":4,"turns":3},{"damage":30,"enemies":"3 Sentries","floor":6,"turns":7},{"damage":4,"enemies":"Large Slime","floor":8,"turns":5},{"damage":9,"enemies":"The Mushroom Lair","floor":10,"turns":5},{"damage":0,"enemies":"2 Fungi Beasts","floor":13,"turns":4},{"damage":52,"enemies":"The Guardian","floor":16,"turns":11}],"seed_played":"-5511474405449848160","potions_obtained":[{"floor":1,"key":"GamblersBrew"},{"floor":3,"key":"SpeedPotion"},{"floor":6,"key":"SmokeBomb"},{"floor":10,"key":"Dexterity Potion"}],"is_trial":false,"path_per_floor":["M","M","M","M","?","E","R","M","T","?","$","R","M","?","R","B"],"character_chosen":"THE_STARBREAKER","items_purchased":["Moonworks:EvilSpyWorkPreparation"],"campfire_rested":3,"item_purchase_floors":[11],"current_hp_per_floor":[60,54,53,48,33,3,21,17,17,8,8,26,26,26,44,0,0],"gold":5,"neow_bonus":"ONE_RANDOM_RARE_CARD","is_daily":false,"chose_seed":false,"campfire_upgraded":0,"win_rate":0.0,"timestamp":1613525142,"path_taken":["M","M","M","M","?","E","R","M","T","?","$","R","M","?","R","BOSS"],"items_purchased_type":["Card"],"build_version":"2020-12-22","purchased_purges":0,"victory":false,"max_hp_per_floor":[60,60,60,60,60,60,60,60,60,60,60,60,60,60,60,60,60],"relic_stats":{"Nunchaku":[4],"counters":[9,43],"Golden Idol":24,"Smiling Mask":0,"obtain_stats":[{"Nunchaku":9,"Golden Idol":5,"Moonworks:Homemark":0,"Odd Mushroom":10,"Smiling Mask":6,"Moonworks:BrokenBomb":0},{"Nunchaku":6,"Golden Idol":4,"Moonworks:Homemark":0,"Odd Mushroom":7,"Smiling Mask":5,"Moonworks:BrokenBomb":0},{"Nunchaku":23,"Golden Idol":11,"Moonworks:Homemark":0,"Odd Mushroom":28,"Smiling Mask":18,"Moonworks:BrokenBomb":0}]},"card_choices":[{"not_picked":["Moonworks:AngelHand","Moonworks:CastOff"],"picked":"Moonworks:Flamethrower","floor":1},{"not_picked":["Moonworks:IndiscriminateFireSupport","Moonworks:BigMagnum"],"picked":"Moonworks:JonathanRush","floor":2},{"not_picked":["Moonworks:DeployBits","Moonworks:ExtendedPhotonRifle","Moonworks:SakisCookie"],"picked":"SKIP","floor":3},{"not_picked":["Moonworks:DeployBits","Moonworks:LulusLuckyEgg"],"picked":"Moonworks:ReproductionOfRecords","floor":4},{"not_picked":["Moonworks:SakisCookie","Moonworks:SelfDestruct"],"picked":"Moonworks:Poppoformation","floor":6},{"not_picked":["Moonworks:BigMagnum","Moonworks:ExtendedPhotonRifle"],"picked":"Moonworks:AngelHand","floor":8},{"not_picked":["Moonworks:ImOnFire","Moonworks:BigMagnum"],"picked":"Moonworks:MeltingMemories","floor":13}],"player_experience":295024,"relics_obtained":[{"floor":6,"key":"Smiling Mask"},{"floor":9,"key":"Nunchaku"},{"floor":10,"key":"Odd Mushroom"}],"event_choices":[{"damage_healed":0,"gold_gain":0,"player_choice":"Take Damage","damage_taken":15,"relics_obtained":["Golden Idol"],"max_hp_gain":0,"max_hp_loss":0,"event_name":"Golden Idol","floor":5,"gold_loss":0},{"damage_healed":0,"gold_gain":0,"player_choice":"Fought Mushrooms","damage_taken":0,"max_hp_gain":0,"max_hp_loss":0,"event_name":"Mushrooms","floor":10,"gold_loss":0}],"is_beta":false,"boss_relics":[],"items_purged_floors":[],"is_endless":false,"potions_floor_spawned":[1,3,6,10],"killed_by":"The Guardian","ascension_level":0}}