{"host":"4nv61ujg37lx5d7m","time":1613543559,"event":{"mods":["BaseMod","Minty Spire (QoL Compilation)","Quick Restart"],"gold_per_floor":[118,43,43,56,76,76,110,110,110,123,149,231,243,273,273,374,374,384,403,318,334,259,259,358,358,358,107,124,214,229,248,248,248,248],"floor_reached":33,"language":"ZHS","playtime":1512,"items_purged":["Strike_R","Strike_R"],"score":374,"play_id":"75f17a78-865d-4c9c-a13a-4b0536985f73","local_time":"20210217143239","is_ascension_mode":true,"campfire_choices":[{"data":"Searing Blow","floor":6.0,"key":"SMITH"},{"data":"Searing Blow+1","floor":8.0,"key":"SMITH"},{"data":"Searing Blow+2","floor":15.0,"key":"SMITH"},{"data":"Searing Blow+3","floor":23.0,"key":"SMITH"},{"floor":32,"key":"REST"}],"circlet_count":0,"master_deck":["Defend_R","Defend_R+1","Defend_R+1","Defend_R","Bash","Searing Blow+4","Seeing Red","Body Slam+1","Body Slam","Ghostly Armor","True Grit","Burning Pact+1","Evolve","Offering","Ghostly Armor","Warcry","Shrug It Off","Mind Blast","Madness","Deep Breath"],"relics":["Burning Blood","Torii","Pocketwatch","FossilizedHelix","Mummified Hand","Bag of Marbles","SlaversCollar","Mango","War Paint"],"acts_visited":["Exordium","TheCity"],"potions_floor_usage":[],"damage_taken":[{"damage":1.0,"enemies":"Cultist","floor":1.0,"turns":3.0},{"damage":3.0,"enemies":"2 Louse","floor":4.0,"turns":2.0},{"damage":7.0,"enemies":"Jaw Worm","floor":5.0,"turns":3.0},{"damage":31.0,"enemies":"Lagavulin","floor":7.0,"turns":7.0},{"damage":0.0,"enemies":"Gremlin Gang","floor":10.0,"turns":6.0},{"damage":7.0,"enemies":"3 Sentries","floor":11.0,"turns":8.0},{"damage":0.0,"enemies":"Looter","floor":13.0,"turns":2.0},{"damage":12.0,"enemies":"Gremlin Nob","floor":14.0,"turns":4.0},{"damage":14.0,"enemies":"The Guardian","floor":16.0,"turns":11.0},{"damage":25.0,"enemies":"3 Byrds","floor":18.0,"turns":6.0},{"damage":9.0,"enemies":"Spheric Guardian","floor":19.0,"turns":4.0},{"damage":6.0,"enemies":"Centurion and Healer","floor":21.0,"turns":5.0},{"damage":11.0,"enemies":"Sentry and Sphere","floor":28.0,"turns":8.0},{"damage":0.0,"enemies":"Snake Plant","floor":30.0,"turns":4.0},{"damage":0,"enemies":"Shelled Parasite and Fungi","floor":31,"turns":8},{"damage":61,"enemies":"Collector","floor":33,"turns":5}],"seed_played":"3525143195745854261","potions_obtained":[{"floor":4.0,"key":"LiquidBronze"},{"floor":7.0,"key":"Swift Potion"},{"floor":10.0,"key":"LiquidMemories"},{"floor":13.0,"key":"ElixirPotion"}],"is_trial":false,"path_per_floor":["M","$","?","M","M","R","E","R","T","M","E","T","M","E","R","B",null,"M","M","?","M","?","R","?","?","T","$","M","?","M","M","R","B"],"character_chosen":"IRONCLAD","items_purchased":["War Paint"],"campfire_rested":1,"item_purchase_floors":[27],"current_hp_per_floor":[72,72,58,61,60,60,35,35,35,41,40,40,46,40,40,32,62,43,40,54,54,54,54,54,54,54,54,49,16,22,28,53,0,0],"gold":248,"neow_bonus":"TRANSFORM_TWO_CARDS","is_daily":false,"chose_seed":false,"campfire_upgraded":4,"win_rate":0.0,"timestamp":1613543559,"path_taken":["M","?","?","M","M","R","E","R","T","M","E","?","?","E","R","BOSS","M","M","?","M","?","R","?","?","T","?","?","?","?","M","R","BOSS"],"items_purchased_type":["Relic"],"build_version":"2020-12-22","purchased_purges":2,"victory":false,"max_hp_per_floor":[72,72,72,72,72,72,72,72,72,72,72,72,72,72,72,72,72,72,72,86,86,86,86,86,86,86,86,86,86,86,86,86,86,86],"card_choices":[{"not_picked":["Cleave","Armaments"],"picked":"Body Slam","floor":1.0},{"not_picked":["Warcry","Wild Strike"],"picked":"Body Slam","floor":4.0},{"not_picked":["True Grit","Rage"],"picked":"Ghostly Armor","floor":5.0},{"not_picked":["Pommel Strike","Clash"],"picked":"True Grit","floor":7.0},{"not_picked":["Sword Boomerang","Clothesline","Dual Wield"],"picked":"SKIP","floor":10.0},{"not_picked":["Sword Boomerang","Reckless Charge"],"picked":"Burning Pact","floor":11.0},{"not_picked":["Body Slam","Thunderclap","Rupture"],"picked":"SKIP","floor":13.0},{"not_picked":["Clothesline","Immolate"],"picked":"Evolve","floor":14.0},{"not_picked":["Impervious","Barricade"],"picked":"Offering","floor":16.0},{"not_picked":["Evolve","Cleave+1"],"picked":"Ghostly Armor","floor":18.0},{"not_picked":["Combust","Infernal Blade","Iron Wave"],"picked":"SKIP","floor":19.0},{"not_picked":["Perfected Strike+1","Cleave"],"picked":"Warcry","floor":21.0},{"not_picked":["Twin Strike","Clash"],"picked":"Shrug It Off","floor":28.0},{"not_picked":["Sword Boomerang+1","Limit Break","Iron Wave"],"picked":"SKIP","floor":30.0},{"not_picked":["Spot Weakness+1","Sword Boomerang","Thunderclap"],"picked":"SKIP","floor":31}],"player_experience":45908,"relics_obtained":[{"floor":7.0,"key":"Torii"},{"floor":9.0,"key":"Pocketwatch"},{"floor":11.0,"key":"FossilizedHelix"},{"floor":12.0,"key":"Mummified Hand"},{"floor":14.0,"key":"Bag of Marbles"}],"event_choices":[{"damage_healed":0.0,"max_hp_gain":0.0,"max_hp_loss":0.0,"gold_gain":0.0,"event_name":"Shining Light","player_choice":"Entered Light","floor":3.0,"gold_loss":0.0,"damage_taken":14.0,"cards_upgraded":["Defend_R","Body Slam"]},{"damage_healed":0.0,"max_hp_gain":0.0,"max_hp_loss":0.0,"gold_gain":0.0,"event_name":"Addict","player_choice":"Obtained Relic","floor":20.0,"gold_loss":85.0,"damage_taken":0.0,"relics_obtained":["Mango"]},{"cards_removed":["Strike_R"],"damage_healed":0.0,"max_hp_gain":0.0,"max_hp_loss":0.0,"gold_gain":0.0,"event_name":"Beggar","player_choice":"Gave Gold","floor":22.0,"gold_loss":75.0,"damage_taken":0.0},{"damage_healed":0.0,"max_hp_gain":0.0,"max_hp_loss":0.0,"gold_gain":99.0,"event_name":"Nest","player_choice":"Stole From Cult","floor":24.0,"gold_loss":0.0,"damage_taken":0.0},{"damage_healed":0.0,"max_hp_gain":0.0,"max_hp_loss":0.0,"gold_gain":0.0,"event_name":"Ghosts","player_choice":"Ignored","floor":25.0,"gold_loss":0.0,"damage_taken":0.0},{"damage_healed":0.0,"max_hp_gain":0.0,"max_hp_loss":0.0,"gold_gain":90.0,"event_name":"Knowing Skull","player_choice":"GOLD CARD CARD CARD ","floor":29.0,"potions_obtained":[],"gold_loss":0.0,"damage_taken":33.0,"cards_obtained":["Mind Blast","Madness","Deep Breath"]}],"is_beta":false,"boss_relics":[{"not_picked":["SacredBark","Tiny House"],"picked":"SlaversCollar"}],"items_purged_floors":[2,27],"is_endless":false,"potions_floor_spawned":[4,7,10,13,16,18,28],"killed_by":"Collector","ascension_level":8}}