{"host":"zdcz0a6aak4rnx0s","time":1613601013,"event":{"mods":["AchievementEnabler","BaseMod","Colored Map","Colored Powertips","Minty Spire (QoL Compilation)","StSLib"],"gold_per_floor":[116,191,210,210,135,135,167,167,167,167,167,202,219,229,229,306,306,325,296,296,32,32,32,45,61,140,140,154,154,186,61,61,61,61],"floor_reached":33,"language":"ENG","playtime":2053,"items_purged":["Strike_R","Strike_R","Strike_R"],"score":532,"play_id":"1850d3a6-e7b0-49e0-891e-11a9dbcc357b","local_time":"20210217163013","is_ascension_mode":true,"campfire_choices":[{"data":"Shrug It Off","floor":6,"key":"SMITH"},{"data":"Combust","floor":8,"key":"SMITH"},{"data":"Pommel Strike","floor":11,"key":"SMITH"},{"floor":15,"key":"REST"},{"data":"Rampage","floor":23,"key":"SMITH"},{"data":"Ghostly Armor","floor":27,"key":"SMITH"},{"floor":29,"key":"REST"},{"floor":32,"key":"REST"}],"circlet_count":0,"master_deck":["AscendersBane","Defend_R","Defend_R","Defend_R","Defend_R","Bash","Shrug It Off+1","Pommel Strike+1","Combust+1","Spot Weakness","Rampage+1","Double Tap","Ghostly Armor+1","Intimidate","Pummel"],"relics":["Burning Blood","NeowsBlessing","Pen Nib","Turnip","Mango","Torii","Toy Ornithopter","Empty Cage","ClockworkSouvenir","MealTicket","White Beast Statue"],"acts_visited":["Exordium","TheCity"],"potions_floor_usage":[12,16,24,28,30,33],"damage_taken":[{"damage":0,"enemies":"Jaw Worm","floor":1,"turns":1},{"damage":0,"enemies":"Small Slimes","floor":3,"turns":1},{"damage":0,"enemies":"Gremlin Nob","floor":7,"turns":1},{"damage":28,"enemies":"3 Sentries","floor":12,"turns":5},{"damage":2,"enemies":"Cultist","floor":13,"turns":3},{"damage":14,"enemies":"2 Fungi Beasts","floor":14,"turns":4},{"damage":23,"enemies":"Slime Boss","floor":16,"turns":7},{"damage":28,"enemies":"Shell Parasite","floor":18,"turns":4},{"damage":18,"enemies":"2 Thieves","floor":19,"turns":4},{"damage":18,"enemies":"Snake Plant","floor":24,"turns":5},{"damage":18,"enemies":"Chosen and Byrds","floor":25,"turns":6},{"damage":29,"enemies":"Centurion and Healer","floor":28,"turns":6},{"damage":29,"enemies":"3 Cultists","floor":30,"turns":5},{"damage":80,"enemies":"Champ","floor":33,"turns":10}],"seed_played":"-5932987851245635581","potions_obtained":[{"floor":1,"key":"ElixirPotion"},{"floor":7,"key":"DuplicationPotion"},{"floor":12,"key":"SpeedPotion"},{"floor":14,"key":"DuplicationPotion"},{"floor":16,"key":"ColorlessPotion"},{"floor":28,"key":"ColorlessPotion"},{"floor":30,"key":"Swift Potion"}],"is_trial":false,"path_per_floor":["M","?","M","T","$","R","E","R","T","?","R","E","M","M","R","B",null,"M","M","?","$","T","R","M","M","T","R","M","R","M","$","R","B"],"character_chosen":"IRONCLAD","items_purchased":["ClockworkSouvenir"],"campfire_rested":3,"item_purchase_floors":[21],"current_hp_per_floor":[74,63,69,69,69,69,75,75,89,84,84,62,66,58,84,72,85,63,51,51,51,51,51,44,32,32,32,14,40,22,37,63,0,0],"gold":61,"neow_bonus":"THREE_ENEMY_KILL","is_daily":false,"chose_seed":false,"campfire_upgraded":5,"win_rate":0.0,"timestamp":1613601013,"path_taken":["M","?","M","?","$","R","E","R","T","?","R","E","?","M","R","BOSS","M","?","?","$","?","R","M","M","T","R","?","R","M","$","R","BOSS"],"items_purchased_type":["Relic"],"build_version":"2020-12-22","purchased_purges":3,"victory":false,"max_hp_per_floor":[75,75,75,75,75,75,75,75,89,89,89,89,89,89,89,89,89,89,89,89,89,89,89,89,89,89,89,89,89,89,89,89,89,89],"card_choices":[{"not_picked":["Carnage","Second Wind"],"picked":"Shrug It Off","floor":1},{"not_picked":["Heavy Blade","Thunderclap"],"picked":"Pommel Strike","floor":3},{"not_picked":["Rage","Perfected Strike"],"picked":"Combust","floor":7},{"not_picked":["Flex","Infernal Blade"],"picked":"Spot Weakness","floor":12},{"not_picked":["Pommel Strike","Body Slam","Spot Weakness"],"picked":"SKIP","floor":13},{"not_picked":["Dual Wield","Sever Soul"],"picked":"Rampage","floor":14},{"not_picked":["Bludgeon","Reaper"],"picked":"Double Tap","floor":16},{"not_picked":["Clash","Shrug It Off"],"picked":"Ghostly Armor","floor":18},{"not_picked":["Evolve","Pummel"],"picked":"Intimidate","floor":19},{"not_picked":["Clothesline","Carnage"],"picked":"Pummel","floor":24},{"not_picked":["Clash","Sever Soul","Heavy Blade"],"picked":"SKIP","floor":25},{"not_picked":["Intimidate","Iron Wave","Havoc"],"picked":"SKIP","floor":28},{"not_picked":["Iron Wave","Bloodletting","Heavy Blade+1"],"picked":"SKIP","floor":30}],"player_experience":1032615,"relics_obtained":[{"floor":4,"key":"Pen Nib"},{"floor":7,"key":"Turnip"},{"floor":9,"key":"Mango"},{"floor":12,"key":"Toy Ornithopter"},{"floor":22,"key":"MealTicket"},{"floor":26,"key":"White Beast Statue"}],"event_choices":[{"damage_healed":0,"gold_gain":75,"player_choice":"Gather Gold","damage_taken":11,"max_hp_gain":0,"max_hp_loss":0,"event_name":"World of Goop","floor":2,"gold_loss":0},{"damage_healed":0,"gold_gain":0,"player_choice":"Success","damage_taken":5,"relics_obtained":["Torii"],"max_hp_gain":0,"max_hp_loss":0,"event_name":"Scrap Ooze","floor":10,"gold_loss":0},{"damage_healed":0,"gold_gain":0,"player_choice":"0 cards matched","damage_taken":0,"max_hp_gain":0,"max_hp_loss":0,"event_name":"Match and Keep!","floor":20,"gold_loss":0,"cards_obtained":[]}],"is_beta":false,"boss_relics":[{"not_picked":["Runic Dome","Tiny House"],"picked":"Empty Cage"}],"items_purged_floors":[5,21,31],"is_endless":false,"potions_floor_spawned":[1,7,12,14,16,28,30],"killed_by":"Champ","ascension_level":18}}