{"host":"3j2m8n0ywf988fwb","time":1613593622,"event":{"mods":["2.2 Compatiblity","AchievementEnabler","Act Like it!","BaseMod","Better Altar","Better Match","Better Note","Better Sensory Stone","Better Skull","Better Third Choice","Colored Map","Colored Powertips","Dark Map","Hallownest","HexUI Lib","Highlight Path","Marked Mod","Mimic Mod","Minty Spire (QoL Compilation)","Random Character Button","Relic Stats","Robot Space Explorer","Ruina","Shapeshifter Mod","Shop Mod","Somnambulant","StSLib","The Bug Knight","The Servant 0.9.4","Unceasing Turn Reminder","Weighted Paths","everything is the same but u backflip on backflip"],"gold_per_floor":[114,15,15,15,15,40,40,40,80,96,116,128,228,256,256,357,357,372,372,372,372],"floor_reached":20,"language":"ENG","playtime":895,"items_purged":[],"score":270,"play_id":"adc59681-19ef-45d5-b5ef-f2ddf6226783","local_time":"20210217142702","is_ascension_mode":true,"campfire_choices":[{"data":"Catalyst","floor":7,"key":"SMITH"},{"data":"Footwork","floor":15,"key":"SMITH"}],"circlet_count":0,"master_deck":["AscendersBane","Strike_G","Strike_G","Strike_G","Defend_G","Defend_G","Defend_G","Defend_G","Defend_G","Survivor","Neutralize","Deadly Poison","Noxious Fumes","Flying Knee","Catalyst+1","Cloak And Dagger","Prepared","Eviscerate","Footwork+1","Cloak And Dagger","Burst","Concentrate","Pain"],"relics":["Ring of the Snake","Oddly Smooth Stone","Mango","Blood Vial","Bottled Tornado","SlaversCollar","Calipers"],"acts_visited":["Exordium","ruina:Briah"],"potions_floor_usage":[],"damage_taken":[{"damage":6,"enemies":"Cultist","floor":1,"turns":6},{"damage":3,"enemies":"HollowMod:MossKnight","floor":6,"turns":8},{"damage":0,"enemies":"Jaw Worm","floor":9,"turns":8},{"damage":1,"enemies":"Jaw Worm","floor":10,"turns":4},{"damage":8,"enemies":"2 Louse","floor":11,"turns":4},{"damage":2,"enemies":"Blue Slaver","floor":12,"turns":4},{"damage":13,"enemies":"Lagavulin","floor":14,"turns":6},{"damage":41,"enemies":"Hexaghost","floor":16,"turns":10},{"damage":16,"enemies":"ruina:Nosferatu","floor":18,"turns":7},{"damage":62,"enemies":"ruina:3_Bats","floor":20,"turns":4}],"seed_played":"1584840110021920000","potions_obtained":[{"floor":10,"key":"SpeedPotion"},{"floor":14,"key":"Strength Potion"}],"is_trial":false,"path_per_floor":["M","$","?","?","$","E","R","T","MIM","M","M","M","?","E","R","B",null,"M","?","M"],"character_chosen":"THE_SILENT","items_purchased":["Noxious Fumes","Flying Knee"],"campfire_rested":0,"item_purchase_floors":[2,2],"current_hp_per_floor":[57,57,57,57,57,54,54,68,68,69,63,63,55,44,44,5,64,50,50,0,0],"gold":372,"neow_bonus":"REMOVE_CARD","is_daily":false,"chose_seed":false,"campfire_upgraded":2,"win_rate":0.0,"timestamp":1613593622,"path_taken":["M","?","?","?","?","E","R","?","MIM","?","M","M","?","E","R","BOSS","M","?","M"],"items_purchased_type":["Card","Card"],"build_version":"2020-12-22","purchased_purges":0,"victory":false,"max_hp_per_floor":[70,70,70,70,70,70,70,84,84,84,84,84,84,84,84,84,84,84,84,84,84],"relic_stats":{"Blood Vial":14,"counters":[10,61],"obtain_stats":[{"Blood Vial":9,"SlaversCollar":17,"Calipers":19,"Oddly Smooth Stone":6,"Mango":8,"Bottled Tornado":14,"Ring of the Snake":0},{"Blood Vial":3,"SlaversCollar":8,"Calipers":9,"Oddly Smooth Stone":2,"Mango":2,"Bottled Tornado":7,"Ring of the Snake":0},{"Blood Vial":22,"SlaversCollar":50,"Calipers":57,"Oddly Smooth Stone":14,"Mango":14,"Bottled Tornado":40,"Ring of the Snake":0}],"Ring of the Snake":[20]},"card_choices":[{"not_picked":["Bane","Sucker Punch"],"picked":"Deadly Poison","floor":1},{"not_picked":["Underhanded Strike","Poisoned Stab"],"picked":"Catalyst","floor":6},{"not_picked":["Flying Knee","Outmaneuver"],"picked":"Cloak And Dagger","floor":9},{"not_picked":["Sucker Punch","Doppelganger"],"picked":"Prepared","floor":10},{"not_picked":["Expertise","Prepared"],"picked":"Eviscerate","floor":11},{"not_picked":["Outmaneuver","Predator"],"picked":"Footwork","floor":12},{"not_picked":["Quick Slash","Outmaneuver"],"picked":"Cloak And Dagger","floor":14},{"not_picked":["Phantasmal Killer","Wraith Form v2"],"picked":"Burst","floor":16},{"not_picked":["Outmaneuver","Endless Agony+1"],"picked":"Concentrate","floor":18}],"player_experience":988145,"relics_obtained":[{"floor":6,"key":"Oddly Smooth Stone"},{"floor":8,"key":"Mango"},{"floor":9,"key":"Blood Vial"},{"floor":14,"key":"Bottled Tornado"}],"event_choices":[{"cards_removed":["Strike_G"],"damage_healed":0,"gold_gain":0,"player_choice":"Forget","damage_taken":0,"max_hp_gain":0,"max_hp_loss":0,"event_name":"Living Wall","floor":3,"gold_loss":0}],"is_beta":false,"boss_relics":[{"not_picked":["Fusion Hammer","SacredBark"],"picked":"SlaversCollar"}],"items_purged_floors":[],"is_endless":false,"potions_floor_spawned":[10,14],"killed_by":"ruina:3_Bats","ascension_level":10}}