{"host":"6f69nqv3pqyq5x6b","time":1613527525,"event":{"mods":["Act Like it!","BaseMod","CapriCore","Colored Powertips","Friendly Minions","Hermit","Infinite Spire","Jorbs\u0027s Wanderer Trilogy","Koishi","Marisa????????","Minty Spire (QoL Compilation)","Quick Restart","Reimu??????","Relic Stats","Replay The Spire","StSLib","The Bug Knight","The Hierophant","The Immortal","The Marked","The Servant 0.9.4","The Wild Card","Waifu the Spire","WarShipGirlsR/????R mod"],"gold_per_floor":[111,71,71,84,104,104,104,104,119,119,119,158,158,202,55,78,78,204,204,218,37,37,52,52,52,87,105,128,3,3,37,37,77,77,207,207,228,296,296,629,260,260,288,288,337,337,362,372,387,397,397,397,397,397,100,132,132],"floor_reached":58,"language":"ENG","playtime":5321,"items_purged":["Strike_S","Strike_S","Strike_S","Strike_S","Defend_S","Comet"],"score":1599,"play_id":"11f48451-91bb-41a4-a05f-a39ebc80a29f","local_time":"20210216180525","is_ascension_mode":true,"campfire_choices":[{"data":"Spin","floor":8.0,"key":"SMITH"},{"data":"Solidify","floor":13.0,"key":"SMITH"},{"data":"Initiator","floor":17.0,"key":"SMITH"},{"data":"SpecialFormula","floor":25.0,"key":"SMITH"},{"data":"Read","floor":32,"key":"SMITH"},{"data":"FloweringNight","floor":34,"key":"SMITH"},{"floor":42,"key":"RECALL"},{"floor":46,"key":"REST"},{"floor":51,"key":"REST"},{"floor":54,"key":"REST"}],"circlet_count":0,"master_deck":["Defend_S","Defend_S","Defend_S","KidneyShot+1","Exchange","Initiator+1","Spin+1","BottledTime","Solidify+1","SpecialFormula+1","Misdirection+1","FloweringNight+1","RealityMarble+1","Read+1","ForgedInTime","Foresight","FloweringNight","Flash of Steel","TimeTheft+1","DualDimension","Duplication"],"relics":["Uniform","PaintedHorse:ReiMu","Pantograph","Mummified Hand","Replay:Bottled Snecko","infinitespire:Cupcake","Medical Kit","Torii","Replay:Rubber Ducky","infinitespire:WardingShard","Red Mask","Fusion Hammer","Ancient Tea Set","Bronze Scales","OrangePellets","SplendidAttire","Gremlin Food","infinitespire:Broken Mirror","Counterbalance","ReplayFunnel"],"acts_visited":["Exordium","TheCity","TheBeyond","TheEnding"],"potions_floor_usage":[33,57],"damage_taken":[{"damage":0.0,"enemies":"Cultist","floor":1.0,"turns":4.0},{"damage":2.0,"enemies":"Jaw Worm","floor":4.0,"turns":3.0},{"damage":0.0,"enemies":"Small Slimes","floor":5.0,"turns":2.0},{"damage":0.0,"enemies":"2 Fungi Beasts","floor":9.0,"turns":2.0},{"damage":6.0,"enemies":"HollowMod:MossKnight","floor":12.0,"turns":5.0},{"damage":10.0,"enemies":"Gremlin Nob","floor":14.0,"turns":3.0},{"damage":3.0,"enemies":"Large Slime","floor":16.0,"turns":4.0},{"damage":26.0,"enemies":"Slime Boss","floor":18.0,"turns":7.0},{"damage":12.0,"enemies":"Shell Parasite","floor":20.0,"turns":3.0},{"damage":0.0,"enemies":"Chosen","floor":23.0,"turns":3.0},{"damage":51,"enemies":"Slavers","floor":26,"turns":5},{"damage":2,"enemies":"Snake Plant","floor":27,"turns":3},{"damage":0,"enemies":"Nightmare","floor":31,"turns":9},{"damage":0,"enemies":"Masked Bandits","floor":33,"turns":2},{"damage":10,"enemies":"Collector","floor":35,"turns":8},{"damage":0,"enemies":"Orb Walker","floor":37,"turns":1},{"damage":0,"enemies":"Giant Head","floor":43,"turns":8},{"damage":0,"enemies":"HollowMod:StalkingDevout","floor":47,"turns":6},{"damage":0,"enemies":"3 Shapes","floor":48,"turns":2},{"damage":0,"enemies":"Transient","floor":49,"turns":5},{"damage":1,"enemies":"Jaw Worm Horde","floor":50,"turns":2},{"damage":0,"enemies":"Time Eater","floor":52,"turns":12},{"damage":1,"enemies":"Shield and Spear","floor":56,"turns":6},{"damage":13,"enemies":"The Heart","floor":57,"turns":10}],"seed_played":"-1916940425552637565","potions_obtained":[{"floor":5.0,"key":"Strength Potion"},{"floor":16.0,"key":"LiquidBronze"},{"floor":20.0,"key":"FairyPotion"},{"floor":23.0,"key":"SteroidPotion"},{"floor":35,"key":"SteroidPotion"},{"floor":50,"key":"Flashbang"}],"is_trial":false,"path_per_floor":["M","?","?","M","M","PTL","PTL","R","M","?","T","E","R","E","$","M","R","B",null,"M","$","?","M","AVR","R","E","M","T","$","?","NM","R","?","R","B",null,"M","?","?","?","$","R","E","AVR","T","R","E","M","M","M","R","B",null,"R","$","E","B",null],"character_chosen":"THE_SERVANT","items_purchased":["Misdirection","RealityMarble","TimeTheft","Ancient Tea Set","Counterbalance"],"campfire_rested":3,"item_purchase_floors":[15,21,41,41,55],"current_hp_per_floor":[65,65,53,51,51,51,51,51,51,35,35,29,29,19,19,21,21,25,55,48,48,48,53,53,53,10,8,8,8,8,16,16,24,24,47,61,65,65,55,55,55,55,63,63,63,65,65,65,65,65,65,65,65,65,65,64,60],"gold":132,"neow_bonus":"ONE_RANDOM_RARE_CARD","is_daily":false,"chose_seed":false,"campfire_upgraded":6,"win_rate":0.0,"timestamp":1613527525,"path_taken":["M","?","?","M","M","PTL","PTL","R","M","?","T","E","R","E","$","M","R","BOSS","M","$","?","M","AVR","R","E","M","T","?","?","NM","R","?","R","BOSS","M","?","?","?","?","R","E","AVR","T","R","E","M","M","?","R","BOSS","R","$","E","BOSS"],"items_purchased_type":["Card","Card","Card","Relic","Relic"],"build_version":"2020-12-22","purchased_purges":6,"victory":true,"max_hp_per_floor":[65,65,65,65,65,65,65,65,65,65,65,65,65,65,65,65,65,65,65,65,65,65,65,65,65,65,65,65,65,65,65,65,65,65,65,65,65,65,65,65,65,65,65,65,65,65,65,65,65,65,65,65,65,65,65,65,65],"relic_stats":{"OrangePellets":[11],"Torii":32,"counters":[24,115],"Mummified Hand":[49],"Pantograph":51,"Bronze Scales":[268],"Medical Kit":[14],"obtain_stats":[{"Gremlin Food":45,"ReplayFunnel":56,"SplendidAttire":44,"Torii":26,"Golden Idol":10,"Counterbalance":55,"Uniform":0,"Medical Kit":24,"Ancient Tea Set":41,"Replay:Rubber Ducky":28,"OrangePellets":44,"infinitespire:WardingShard":31,"PaintedHorse:ReiMu":2,"Mummified Hand":12,"infinitespire:Broken Mirror":47,"Pantograph":3,"Bronze Scales":43,"Fusion Hammer":36,"Red Mask":33,"Replay:Bottled Snecko":14,"infinitespire:Cupcake":19},{"Gremlin Food":17,"ReplayFunnel":23,"SplendidAttire":17,"Torii":11,"Golden Idol":4,"Counterbalance":22,"Uniform":0,"Medical Kit":10,"Ancient Tea Set":16,"Replay:Rubber Ducky":12,"OrangePellets":17,"infinitespire:WardingShard":13,"PaintedHorse:ReiMu":1,"Mummified Hand":5,"infinitespire:Broken Mirror":18,"Pantograph":1,"Bronze Scales":17,"Fusion Hammer":15,"Red Mask":14,"Replay:Bottled Snecko":6,"infinitespire:Cupcake":8},{"Gremlin Food":72,"ReplayFunnel":105,"SplendidAttire":72,"Torii":41,"Golden Idol":11,"Counterbalance":99,"Uniform":0,"Medical Kit":36,"Ancient Tea Set":64,"Replay:Rubber Ducky":44,"OrangePellets":72,"infinitespire:WardingShard":53,"PaintedHorse:ReiMu":4,"Mummified Hand":16,"infinitespire:Broken Mirror":78,"Pantograph":4,"Bronze Scales":72,"Fusion Hammer":63,"Red Mask":55,"Replay:Bottled Snecko":19,"infinitespire:Cupcake":30}]},"card_choices":[{"not_picked":["StarChef","Misdirection"],"picked":"Comet","floor":1.0},{"not_picked":["FastForward","Potential"],"picked":"Spin","floor":4.0},{"not_picked":["Replace","Potential","Ricochet"],"picked":"SKIP","floor":5.0},{"not_picked":["Rewind","Sabotage"],"picked":"BottledTime","floor":9.0},{"not_picked":["Ricochet","Rearm"],"picked":"Solidify","floor":12.0},{"not_picked":["ReturningBlade","GearUp"],"picked":"SpecialFormula","floor":14.0},{"not_picked":["Rewind","Rearm","MoonPhase"],"picked":"SKIP","floor":16.0},{"not_picked":["Deny","Initiator"],"picked":"FloweringNight","floor":18.0},{"not_picked":["DoubleEdge","Revamp","Reset+1"],"picked":"SKIP","floor":20.0},{"not_picked":["BottledTime","Ricochet","Revamp+1"],"picked":"SKIP","floor":23.0},{"not_picked":["Revamp","DancingSilver","TimeWarp"],"picked":"SKIP","floor":26},{"not_picked":["DoubleEdge","DualDimension+1"],"picked":"Read","floor":27},{"not_picked":[],"picked":"ForgedInTime","floor":30},{"not_picked":["Rewind","BottledTime+1"],"picked":"Foresight","floor":31},{"not_picked":["FastForward+1","Shuttle+1","Foresight+1"],"picked":"SKIP","floor":37},{"not_picked":["Spin","Rewind+1"],"picked":"FloweringNight","floor":38},{"not_picked":["ReplayTheSpireMod:Private Reserves","Replay:Sssssssssstrike"],"picked":"Flash of Steel","floor":39},{"not_picked":["Comet","Deadline","Reset+1"],"picked":"SKIP","floor":43},{"not_picked":["Ricochet","TimeWarp","DoubleEdge+1"],"picked":"SKIP","floor":47},{"not_picked":["Defy+1","Starlight"],"picked":"DualDimension","floor":48},{"not_picked":["SilverBlades+1","Advance+1","ShatteredReality+1"],"picked":"SKIP","floor":49},{"not_picked":["Spin","BottledTime+1"],"picked":"Duplication","floor":50},{"not_picked":["Revamp","DancingSilver+1","Gouge"],"picked":"SKIP","floor":56}],"player_experience":1420772,"relics_obtained":[{"floor":12.0,"key":"Mummified Hand"},{"floor":14.0,"key":"Replay:Bottled Snecko"},{"floor":26,"key":"Torii"},{"floor":28,"key":"Replay:Rubber Ducky"},{"floor":31,"key":"infinitespire:WardingShard"},{"floor":33,"key":"Red Mask"},{"floor":43,"key":"Bronze Scales"},{"floor":45,"key":"Gremlin Food"},{"floor":47,"key":"infinitespire:Broken Mirror"},{"floor":56,"key":"ReplayFunnel"}],"event_choices":[{"damage_healed":0.0,"max_hp_gain":0.0,"max_hp_loss":0.0,"gold_gain":0.0,"event_name":"yidonshenshe","player_choice":"Donate","floor":2.0,"gold_loss":40.0,"damage_taken":0.0,"relics_obtained":["PaintedHorse:ReiMu"]},{"damage_healed":0.0,"max_hp_gain":0.0,"max_hp_loss":0.0,"gold_gain":0.0,"event_name":"Scrap Ooze","player_choice":"Success","floor":3.0,"gold_loss":0.0,"damage_taken":12.0,"relics_obtained":["Pantograph"]},{"damage_healed":0.0,"max_hp_gain":0.0,"max_hp_loss":0.0,"gold_gain":0.0,"event_name":"Golden Idol","player_choice":"Take Damage","floor":10.0,"gold_loss":0.0,"damage_taken":16.0,"relics_obtained":["Golden Idol"]},{"damage_healed":0.0,"max_hp_gain":0.0,"max_hp_loss":0.0,"gold_gain":0.0,"event_name":"Upgrade Shrine","player_choice":"Upgraded","floor":22.0,"gold_loss":0.0,"damage_taken":0.0,"cards_upgraded":["RealityMarble"]},{"damage_healed":0,"gold_gain":0,"player_choice":"Fought Bandits","damage_taken":0,"max_hp_gain":0,"max_hp_loss":0,"event_name":"Masked Bandits","floor":33,"gold_loss":0},{"damage_healed":0,"gold_gain":0,"player_choice":"Memory 3","damage_taken":10,"max_hp_gain":0,"max_hp_loss":0,"event_name":"SensoryStone","floor":39,"gold_loss":0},{"damage_healed":0,"gold_gain":333,"player_choice":"Gave Idol","damage_taken":0,"max_hp_gain":0,"max_hp_loss":0,"event_name":"The Moai Head","floor":40,"relics_lost":["Golden Idol"],"gold_loss":0}],"is_beta":false,"boss_relics":[{"not_picked":["ChewingGum","ReplayTheSpireMod:SealedPack"],"picked":"infinitespire:Cupcake"},{"not_picked":["MysterySword","Replay:Drink Me"],"picked":"Fusion Hammer"}],"items_purged_floors":[15,21,24,29,41,44],"is_endless":false,"potions_floor_spawned":[5,16,20,23,31,35,37,43,50],"ascension_level":5}}