{"host":"amnup8uv961nil3y","time":1613604103,"event":{"mods":["Act Like it!","Aspiration","BaseMod","Bestiary","Better Altar","Better Match","Better Sensory Stone","Better Synergies","Better Third Choice","Block Reminder","Challenge The Spire","Colored Map","Colored Powertips","Colorless Booster Pack","Conspire","DeckTracker","Disable Question Mark Monsters","Elementarium","Energized Spire","Evolution","Extra Virgin Snecko Oil","GifTheSpireLib","Halation","Hermit","HexUI Lib","Highlight Path","Hubris","Infinite Spire","Lotus Mark","Menagerie","Minty Spire (QoL Compilation)","Pale of the Ancients","Potion Indicator Mod","Quarter Circle Forward PUNCH!","Random Character Button","Relic Stats","Reliquary","Replay The Spire","Reworked Bosses","Ruina","Shapeshifter Mod","Shop Mod","Small Relic Pack","Spicy Shops","Spikes Relics","StSLib","Stuff the Spire","Swap Starting Deck Mod","The Jungle","TheVacant","Trackpad","Useless Jewels Mod","Wandering Minibosses"],"gold_per_floor":[109,123,123,141,159,159,191,191,191,226,13,13,43,43,43,147,147,158,171,186,286,302,329,329,341,341,341,374,386,431,463,475,586,598,670,753,830,596,608,642,642,662,715,815,815,893,893,909,909,909,909,909,616,643,643],"floor_reached":56,"language":"ENG","playtime":7963,"items_purged":["StSShapeShifter:ShapeShifter_Strike"],"score":1535,"play_id":"8d5d55b3-2c7a-4c5a-9d17-3890b38bcdfb","local_time":"20210217232143","is_ascension_mode":false,"campfire_choices":[{"data":"StSShapeShifter:Sap_Burst","floor":6.0,"key":"SMITH"},{"data":"StSShapeShifter:Sapling","floor":8.0,"key":"SMITH"},{"data":"StSShapeShifter:IntimidatingAura","floor":12.0,"key":"SMITH"},{"data":"StSShapeShifter:StormGryphonForm","floor":15.0,"key":"SMITH"},{"data":"StSShapeShifter:VineHandcuffs","floor":24.0,"key":"SMITH"},{"floor":41,"key":"REST"},{"floor":45,"key":"REST"},{"floor":47,"key":"RECALL"},{"data":"StSShapeShifter:BulwarkOfDiscovery","floor":52,"key":"SMITH"}],"circlet_count":0,"master_deck":["StSShapeShifter:BladeOfGrass","StSShapeShifter:BladeOfGrass","StSShapeShifter:ShapeShifter_Strike","StSShapeShifter:ShapeShifter_Defend","StSShapeShifter:ShapeShifter_Defend","StSShapeShifter:ShapeShifter_Defend","StSShapeShifter:Sap_Burst+1","StSShapeShifter:AdaptiveStrikes","StSShapeShifter:Sapling+1","StSShapeShifter:StormGryphonForm+1","StSShapeShifter:BladeOfGrass","StSShapeShifter:HydraForm+1","StSShapeShifter:BaskInBloom+1","StSShapeShifter:BurrBomb","StSShapeShifter:IntimidatingAura+1","Madness","StSShapeShifter:BurstingSpore","StSShapeShifter:VineHandcuffs+1","StSShapeShifter:BulwarkOfDiscovery+1","StSShapeShifter:Evolution+1","StSShapeShifter:VineHandcuffs+1","CommonCold","hubris:Fate","StSShapeShifter:Sap_Burst","StSShapeShifter:Flood","StSShapeShifter:RestoreBalance","StSShapeShifter:IntimidatingAura+1","StSShapeShifter:Synchronicity","StSShapeShifter:BurstingSpore+1","StSShapeShifter:BurstingSpore+1","StSShapeShifter:Guard","StSShapeShifter:FallingLeaves","StSShapeShifter:Flood"],"relics":["StSShapeShifter:AnimalHeart","StSShapeShifter:TheShapeShiftersMagnolia","EVO:Axolotl","hubris:DeckOfHolding","reliquary:Sideboard","RollingBoulder","reliquary:Spinner","Runic Pyramid","ReplayTheSpireMod:Ring of Challenge","ReplayTheSpireMod:Ring of Sloth","StuffTheSpire:NeowsTribute","Velvet Choker","trackpad:SneckoScepter","reliquary:IridiumChain","halation:Toothbrush","Replay:Kaleidoscope","Oddly Smooth Stone","MerchantsRug","infinitespire:WardingShard"],"acts_visited":["Exordium","TheCity","TheBeyond","TheEnding"],"potions_floor_usage":[37,50,55],"damage_taken":[{"damage":5.0,"enemies":"Small Slimes","floor":1.0,"turns":3.0},{"damage":6.0,"enemies":"Jaw Worm","floor":2.0,"turns":6.0},{"damage":6.0,"enemies":"Cultist","floor":4.0,"turns":3.0},{"damage":3.0,"enemies":"conspire:2 RoseBushes","floor":5.0,"turns":4.0},{"damage":20.0,"enemies":"Lagavulin","floor":7.0,"turns":9.0},{"damage":0.0,"enemies":"Replay:BlueRogue","floor":10.0,"turns":8.0},{"damage":13.0,"enemies":"Gremlin Nob","floor":13.0,"turns":5.0},{"damage":0.0,"enemies":"Slime Boss","floor":16.0,"turns":6.0},{"damage":5.0,"enemies":"conspire:FuzzyDice","floor":18.0,"turns":5.0},{"damage":9.0,"enemies":"2 Thieves","floor":19.0,"turns":3.0},{"damage":0.0,"enemies":"Cultist and Chosen","floor":20.0,"turns":5.0},{"damage":1.0,"enemies":"Centurion and Healer","floor":22.0,"turns":3.0},{"damage":0.0,"enemies":"conspire:SneckoGhost","floor":23.0,"turns":9.0},{"damage":4.0,"enemies":"Chosen and Byrds","floor":25.0,"turns":7.0},{"damage":0.0,"enemies":"Book of Stabbing","floor":28.0,"turns":6.0},{"damage":0.0,"enemies":"Nightmare","floor":30.0,"turns":7.0},{"damage":0.0,"enemies":"Snecko","floor":31.0,"turns":7.0},{"damage":0.0,"enemies":"bossMod:newCollector","floor":33.0,"turns":9.0},{"damage":3,"enemies":"Orb Walker","floor":35,"turns":6},{"damage":3,"enemies":"conspire:MimicChest","floor":36,"turns":8},{"damage":6,"enemies":"3 Darklings","floor":37,"turns":6},{"damage":47,"enemies":"Sphere and 2 Shapes","floor":39,"turns":8},{"damage":6,"enemies":"Nightmare","floor":40,"turns":13},{"damage":24,"enemies":"4 Shapes","floor":42,"turns":7},{"damage":1,"enemies":"R_Hoarder","floor":46,"turns":12},{"damage":4,"enemies":"Jaw Worm Horde","floor":48,"turns":5},{"damage":0,"enemies":"bossMod:newShapes","floor":50,"turns":10},{"damage":29,"enemies":"Shield and Spear","floor":54,"turns":12},{"damage":7,"enemies":"The Heart","floor":55,"turns":12}],"seed_played":"1393310019990393920","potions_obtained":[{"floor":2.0,"key":"SteroidPotion"},{"floor":10.0,"key":"Elixir"},{"floor":13.0,"key":"PowerPotion"},{"floor":22.0,"key":"Languid Potion"},{"floor":28.0,"key":"GamblersBrew"},{"floor":30.0,"key":"Explosive Potion"},{"floor":33.0,"key":"AttackPotion"},{"floor":35,"key":"FearPotion"},{"floor":40,"key":"Venom Potion"},{"floor":42,"key":"SkillPotion"}],"is_trial":false,"path_per_floor":["M","M","?","M","M","R","E","R","T","E","$","R","E","$","R","B",null,"M","M","M","?","M","E","R","M","T","?","E","$","NM","M","R_BF","B",null,"M","?","M","$","M","NM","R","M","T","?","R","E","R","M","R_BF","B",null,"R","$","E","B",null],"character_chosen":"SHAPESHIFTER","items_purchased":["StSShapeShifter:IntimidatingAura","Madness","reliquary:IridiumChain","PowerPotion","Oddly Smooth Stone","MerchantsRug"],"campfire_rested":2,"item_purchase_floors":[11,11,38,53,53,53],"current_hp_per_floor":[73,67,60,54,51,51,31,31,31,31,31,31,18,18,18,18,78,73,64,64,57,56,56,56,52,52,52,52,52,52,52,52,52,78,75,72,66,66,19,13,36,12,12,12,35,49,49,45,48,48,81,81,84,55,48],"gold":643,"neow_bonus":"TRANSFORM_CARD","is_daily":false,"chose_seed":false,"campfire_upgraded":6,"win_rate":0.0,"timestamp":1613604103,"path_taken":["M","M","?","M","M","R","E","R","T","E","$","R","E","?","R","BOSS","M","M","M","?","M","E","R","M","T","?","E","?","NM","?","R_BF","BOSS","M","?","?","?","M","NM","R","M","T","?","R","E","R","M","R_BF","BOSS","R","$","E","BOSS"],"items_purchased_type":["Card","Card","Relic","Potion","Relic","Relic"],"build_version":"2020-12-22","purchased_purges":1,"victory":true,"max_hp_per_floor":[78,78,78,78,78,78,78,78,78,78,78,78,78,78,78,78,78,78,78,78,78,78,78,78,78,78,78,78,78,78,78,78,78,78,78,78,78,78,78,78,78,78,78,78,78,78,78,78,81,81,81,81,84,84,84],"relic_stats":{"counters":[29,204],"obtain_stats":[{"StSShapeShifter:TheShapeShiftersMagnolia":0,"Gremlin Food":23,"Potion Belt":40,"MerchantsRug":53,"StSShapeShifter:AnimalHeart":0,"reliquary:Sideboard":9,"ReplayTheSpireMod:Ring of Sloth":27,"Velvet Choker":34,"Oddly Smooth Stone":53,"EVO:Axolotl":0,"reliquary:Spinner":13,"Replay:Kaleidoscope":46,"Replay:Mystery Machine":26,"MawBank":28,"reliquary:IridiumChain":38,"trackpad:SneckoScepter":36,"infinitespire:WardingShard":54,"hubris:DeckOfHolding":7,"RollingBoulder":10,"halation:Toothbrush":46,"ReplayTheSpireMod:Ring of Challenge":27,"StuffTheSpire:NeowsTribute":30,"Runic Pyramid":17},{"StSShapeShifter:TheShapeShiftersMagnolia":0,"Gremlin Food":13,"Potion Belt":23,"MerchantsRug":27,"StSShapeShifter:AnimalHeart":0,"reliquary:Sideboard":5,"ReplayTheSpireMod:Ring of Sloth":14,"Velvet Choker":18,"Oddly Smooth Stone":27,"EVO:Axolotl":0,"reliquary:Spinner":7,"Replay:Kaleidoscope":25,"Replay:Mystery Machine":14,"MawBank":15,"reliquary:IridiumChain":21,"trackpad:SneckoScepter":20,"infinitespire:WardingShard":28,"hubris:DeckOfHolding":5,"RollingBoulder":6,"halation:Toothbrush":25,"ReplayTheSpireMod:Ring of Challenge":14,"StuffTheSpire:NeowsTribute":16,"Runic Pyramid":8},{"StSShapeShifter:TheShapeShiftersMagnolia":0,"Gremlin Food":69,"Potion Belt":146,"MerchantsRug":180,"StSShapeShifter:AnimalHeart":0,"reliquary:Sideboard":25,"ReplayTheSpireMod:Ring of Sloth":76,"Velvet Choker":105,"Oddly Smooth Stone":180,"EVO:Axolotl":0,"reliquary:Spinner":38,"Replay:Kaleidoscope":165,"Replay:Mystery Machine":76,"MawBank":82,"reliquary:IridiumChain":125,"trackpad:SneckoScepter":119,"infinitespire:WardingShard":192,"hubris:DeckOfHolding":25,"RollingBoulder":33,"halation:Toothbrush":165,"ReplayTheSpireMod:Ring of Challenge":76,"StuffTheSpire:NeowsTribute":89,"Runic Pyramid":44}]},"card_choices":[{"not_picked":["StSShapeShifter:RaptorForm","StSShapeShifter:OakBlade"],"picked":"StSShapeShifter:AdaptiveStrikes","floor":1.0},{"not_picked":["StSShapeShifter:FesteringBite","StSShapeShifter:MonkeyForm"],"picked":"StSShapeShifter:Sapling","floor":2.0},{"not_picked":["StSShapeShifter:CosmicShifter","StSShapeShifter:MonkeyForm"],"picked":"StSShapeShifter:BladeOfGrass","floor":4.0},{"not_picked":["StSShapeShifter:RockSlide","StSShapeShifter:CursedApple"],"picked":"StSShapeShifter:HydraForm","floor":5.0},{"not_picked":["StSShapeShifter:DeerForm","StSShapeShifter:Sapling"],"picked":"StSShapeShifter:BaskInBloom","floor":7.0},{"not_picked":["StSShapeShifter:Sapling","StSShapeShifter:OpportuneSwoop"],"picked":"StSShapeShifter:BurrBomb","floor":10.0},{"not_picked":["StSShapeShifter:FesteringBite","StSShapeShifter:Flood"],"picked":"StSShapeShifter:BurstingSpore","floor":13.0},{"not_picked":["StSShapeShifter:RestoreBalance","StSShapeShifter:BurstOfLifeEscapeDeath"],"picked":"StSShapeShifter:Sap_Burst","floor":16.0},{"not_picked":["StSShapeShifter:Maul","StSShapeShifter:OakBlade"],"picked":"StSShapeShifter:BulwarkOfDiscovery","floor":18.0},{"not_picked":["StSShapeShifter:OakBlade","StSShapeShifter:SunflowerShuriken"],"picked":"StSShapeShifter:VineHandcuffs+1","floor":19.0},{"not_picked":["StSShapeShifter:FlowerShield","StSShapeShifter:AdaptiveStrikes+1"],"picked":"StSShapeShifter:VineHandcuffs","floor":20.0},{"not_picked":["StSShapeShifter:ThornToss","StSShapeShifter:FlowerShield"],"picked":"StSShapeShifter:BurstOfLifeEscapeDeath","floor":22.0},{"not_picked":["StSShapeShifter:MonkeyForm","StSShapeShifter:FesteringBite+1"],"picked":"StSShapeShifter:Evolution+1","floor":23.0},{"not_picked":["StSShapeShifter:AdaptiveStrikes","StSShapeShifter:PoisonIvy"],"picked":"StSShapeShifter:Guard","floor":25.0},{"not_picked":["StSShapeShifter:BarkSkin","StSShapeShifter:BurrBomb"],"picked":"StSShapeShifter:BurstingSpore+1","floor":28.0},{"not_picked":["StSShapeShifter:HippoForm","StSShapeShifter:Guard"],"picked":"StSShapeShifter:HummingbirdForm","floor":30.0},{"not_picked":["infinitespire:DeathsTouch","ReplayTheSpireMod:??????????????????????"],"picked":"hubris:Fate","floor":30.0},{"not_picked":["StSShapeShifter:FlowerShield","StSShapeShifter:AdaptiveStrikes"],"picked":"StSShapeShifter:SkullBash","floor":31.0},{"not_picked":["StSShapeShifter:RitualOfTheElders","StSShapeShifter:PhoenixForm"],"picked":"StSShapeShifter:RestoreBalance","floor":33.0},{"not_picked":["StSShapeShifter:Sapling+1","StSShapeShifter:MonkeyForm+1"],"picked":"StSShapeShifter:VineHandcuffs","floor":35},{"not_picked":["StSShapeShifter:OakBlade","StSShapeShifter:Rest"],"picked":"StSShapeShifter:Synchronicity","floor":36},{"not_picked":["StSShapeShifter:BurstingSpore+1","StSShapeShifter:CosmicShifter"],"picked":"StSShapeShifter:IntimidatingAura+1","floor":37},{"not_picked":["StSShapeShifter:WiltingWrath","StSShapeShifter:FesteringBite"],"picked":"StSShapeShifter:DeerForm","floor":39},{"not_picked":["StSShapeShifter:LeapingSlash","StSShapeShifter:BladeOfGrass+1"],"picked":"StSShapeShifter:BurstingSpore+1","floor":40},{"not_picked":["StSShapeShifter:FlowerShield","StSShapeShifter:Guard+1"],"picked":"StSShapeShifter:Roar+1","floor":42},{"not_picked":["StSShapeShifter:Rabid+1","StSShapeShifter:BulwarkOfDiscovery+1"],"picked":"StSShapeShifter:FallingLeaves","floor":46},{"not_picked":["StSShapeShifter:BaskInBloom+1","StSShapeShifter:WaspSwarmForm"],"picked":"StSShapeShifter:Ensconce+1","floor":48},{"not_picked":["StSShapeShifter:RockSlide","StSShapeShifter:SquirrelForm+1"],"picked":"StSShapeShifter:OpportuneSwoop+1","floor":54}],"player_experience":409695,"relics_obtained":[{"floor":7.0,"key":"hubris:DeckOfHolding"},{"floor":9.0,"key":"reliquary:Sideboard"},{"floor":10.0,"key":"RollingBoulder"},{"floor":13.0,"key":"reliquary:Spinner"},{"floor":23.0,"key":"Gremlin Food"},{"floor":26.0,"key":"Replay:Mystery Machine"},{"floor":27.0,"key":"ReplayTheSpireMod:Ring of Challenge"},{"floor":27.0,"key":"ReplayTheSpireMod:Ring of Sloth"},{"floor":28.0,"key":"MawBank"},{"floor":30.0,"key":"StuffTheSpire:NeowsTribute"},{"floor":36,"key":"trackpad:SneckoScepter"},{"floor":40,"key":"Potion Belt"},{"floor":46,"key":"halation:Toothbrush"},{"floor":46,"key":"Replay:Kaleidoscope"},{"floor":54,"key":"infinitespire:WardingShard"}],"event_choices":[{"damage_healed":0,"gold_gain":100,"player_choice":"Pray","damage_taken":0,"max_hp_gain":0,"max_hp_loss":0,"event_name":"Golden Shrine","floor":44,"gold_loss":0}],"is_beta":false,"boss_relics":[{"not_picked":["aspiration:RitualDagger","Painkiller Herb"],"picked":"Runic Pyramid"},{"not_picked":["reliquary:Craggleroot","Astrolabe"],"picked":"Velvet Choker"}],"items_purged_floors":[53],"is_endless":false,"potions_floor_spawned":[2,10,13,22,23,28,30,33,35,40,42],"ascension_level":0}}