{"host":"whloki2o3dp1b07n","time":1613581343,"event":{"mods":["100% Spire Juice","Abigail Mod","Act Like it!","Arknights","BaseMod","Better Synergies","Block Reminder","Bossed Relics","CapriCore","Colored Map","Colored Powertips","DNKmod","Friendly Minions","GifTheSpireLib","GungeonMod","HexUI Lib","Koishi","Marked Mod","Minty Spire (QoL Compilation)","Poor People Problems","Shapeshifter Mod","StSLib","Swap Starting Deck Mod","The Bug Knight","The Marked","TheSurvivalist","Transform Curses"],"gold_per_floor":[118,134,154,32,32,62,62,79,79,91,91,91,118,137,137,236,236,251,166,182,182,193,193,21,21,21,40,60,10,30,30,30,134,134,151,161,161,178,103,103,103,113,113,161,173,173,173,193,193,193],"floor_reached":51,"language":"ENG","playtime":15045,"items_purged":[],"score":661,"play_id":"cab3af1d-ed1c-4b92-b510-7a644be11519","local_time":"20210217120223","is_ascension_mode":false,"campfire_choices":[{"floor":7.0,"key":"REST"},{"data":"StSShapeShifter:WaspSwarmForm","floor":12.0,"key":"SMITH"},{"data":"StSShapeShifter:Ensconce","floor":15.0,"key":"SMITH"},{"data":"StSShapeShifter:FallingLeaves","floor":23.0,"key":"SMITH"},{"data":"StSShapeShifter:ShapeShifter_Defend","floor":25.0,"key":"SMITH"},{"data":"StSShapeShifter:AdaptiveStrikes","floor":32.0,"key":"SMITH"},{"floor":40.0,"key":"REST"},{"data":"StSShapeShifter:PowerShifter","floor":46.0,"key":"SMITH"},{"data":"StSShapeShifter:Wildfire2","floor":49.0,"key":"SMITH"}],"circlet_count":0,"master_deck":["StSShapeShifter:ShapeShifter_Strike","StSShapeShifter:ShapeShifter_Strike","StSShapeShifter:ShapeShifter_Strike","StSShapeShifter:ShapeShifter_Strike","StSShapeShifter:ShapeShifter_Defend","StSShapeShifter:ShapeShifter_Defend","StSShapeShifter:ShapeShifter_Defend+1","StSShapeShifter:ShapeShifter_Defend","StSShapeShifter:ShapeShifter_Defend+1","StSShapeShifter:Tortoise_Form+1","StSShapeShifter:Lynx_Form","StSShapeShifter:ReplenishingNectar+1","StSShapeShifter:HippoForm","StSShapeShifter:EmbraceTheCycle","StSShapeShifter:FallingLeaves+1","StSShapeShifter:IntimidatingAura","StSShapeShifter:PoisonIvy","StSShapeShifter:Hunt","StSShapeShifter:Roar","StSShapeShifter:WaspSwarmForm+1","StSShapeShifter:Wildfire2+1","StSShapeShifter:Ensconce+1","StSShapeShifter:RhinoCalfForm+1","StSShapeShifter:BarkSkin","StSShapeShifter:BurstingSpore+1","StSShapeShifter:SunflowerShuriken+1","StSShapeShifter:FallingLeaves","StSShapeShifter:AdaptiveStrikes+1","StSShapeShifter:ShiftingStrike","StSShapeShifter:FallingLeaves","StSShapeShifter:ThornToss","StSShapeShifter:PowerShifter+1","StSShapeShifter:EntForm+1","StSShapeShifter:Tornado","StSShapeShifter:BladeOfGrass","StSShapeShifter:BurstingSpore","StSShapeShifter:UnicornForm","StSShapeShifter:Consume+1","StSShapeShifter:Mystical_Branch","Parasite","StSShapeShifter:SunflowerShuriken+1"],"relics":["StSShapeShifter:AnimalHeart","StSShapeShifter:TheShapeShiftersMagnolia","Orichalcum","Lantern","Tiny Chest","DemoMod:RiddleOfLead","Mango","Boot","Vajra","Eternal Feather","Busted Crown","Dream Catcher","StSShapeShifter:AlchemistsNecklace"],"acts_visited":["Exordium","TheCity","TheBeyond"],"potions_floor_usage":[50,50],"damage_taken":[{"damage":0.0,"enemies":"2 Louse","floor":1.0,"turns":2.0},{"damage":1.0,"enemies":"Jaw Worm","floor":2.0,"turns":2.0},{"damage":0.0,"enemies":"Small Slimes","floor":3.0,"turns":1.0},{"damage":17.0,"enemies":"Lagavulin","floor":6.0,"turns":8.0},{"damage":12.0,"enemies":"Exordium Wildlife","floor":8.0,"turns":4.0},{"damage":0.0,"enemies":"Gremlin Gang","floor":10.0,"turns":3.0},{"damage":4.0,"enemies":"Gremlin Nob","floor":13.0,"turns":4.0},{"damage":6.0,"enemies":"Looter","floor":14.0,"turns":3.0},{"damage":39.0,"enemies":"Hexaghost","floor":16.0,"turns":9.0},{"damage":6.0,"enemies":"3 Byrds","floor":18.0,"turns":5.0},{"damage":7.0,"enemies":"Shell Parasite","floor":20.0,"turns":7.0},{"damage":10.0,"enemies":"3 Cultists","floor":22.0,"turns":8.0},{"damage":5.0,"enemies":"Snecko","floor":27.0,"turns":4.0},{"damage":1.0,"enemies":"Sentry and Sphere","floor":28.0,"turns":6.0},{"damage":7.0,"enemies":"Centurion and Healer","floor":30.0,"turns":9.0},{"damage":76.0,"enemies":"Automaton","floor":33.0,"turns":14.0},{"damage":16.0,"enemies":"Orb Walker","floor":35.0,"turns":5.0},{"damage":26.0,"enemies":"3 Darklings","floor":36.0,"turns":6.0},{"damage":29.0,"enemies":"Transient","floor":38.0,"turns":5.0},{"damage":0.0,"enemies":"4 Shapes","floor":42.0,"turns":5.0},{"damage":0.0,"enemies":"Maw","floor":45.0,"turns":9.0},{"damage":11.0,"enemies":"Writhing Mass","floor":48.0,"turns":5.0},{"damage":51,"enemies":"Donu and Deca","floor":50,"turns":12}],"seed_played":"932016019500759023","potions_obtained":[{"floor":2.0,"key":"Block Potion"},{"floor":10.0,"key":"AttackPotion"},{"floor":16.0,"key":"Swift Potion"},{"floor":22.0,"key":"EssenceOfSteel"},{"floor":27.0,"key":"GamblersBrew"},{"floor":30.0,"key":"BlessingOfTheForge"},{"floor":42.0,"key":"ColorlessPotion"},{"floor":45.0,"key":"GamblersBrew"}],"is_trial":false,"path_per_floor":["M","M","M","$","?","E","R","M","T","M","?","R","E","M","R","B",null,"M","?","M","?","M","R","$","R","T","M","M","$","M","T","R","B",null,"M","M","?","M","$","R","?","M","T","T","M","R","?","M","R","B",null],"character_chosen":"SHAPESHIFTER","items_purchased":["StSShapeShifter:IntimidatingAura","StSShapeShifter:PoisonIvy","Boot","StSShapeShifter:FallingLeaves","StSShapeShifter:FallingLeaves","StSShapeShifter:BladeOfGrass","StSShapeShifter:BurstingSpore"],"campfire_rested":2,"item_purchase_floors":[4,4,24,24,29,39,39],"current_hp_per_floor":[78,78,78,78,62,48,71,63,63,63,63,63,64,65,65,35,88,82,96,89,89,92,92,92,92,92,97,102,102,95,95,102,45,102,95,92,92,63,63,102,102,102,102,102,102,102,97,86,97,46],"gold":193,"neow_bonus":"TRANSFORM_CARD","is_daily":false,"chose_seed":false,"campfire_upgraded":7,"win_rate":0.0,"timestamp":1613581343,"path_taken":["M","M","M","$","?","E","R","M","T","M","?","R","E","M","R","BOSS","M","?","M","?","M","R","$","R","T","M","M","$","?","?","R","BOSS","M","M","?","?","$","R","?","M","T","?","M","R","?","M","R","BOSS"],"items_purchased_type":["Card","Card","Relic","Card","Card","Card","Card"],"build_version":"2020-12-22","purchased_purges":0,"victory":true,"max_hp_per_floor":[78,78,78,78,78,78,78,78,78,78,78,78,78,78,78,78,88,88,102,102,102,102,102,102,102,102,102,102,102,102,102,102,102,102,102,102,102,102,102,102,102,102,102,102,102,102,97,97,97,97],"card_choices":[{"not_picked":["StSShapeShifter:SunflowerShuriken","StSShapeShifter:Guard"],"picked":"StSShapeShifter:HippoForm","floor":1.0},{"not_picked":["StSShapeShifter:Sapling","StSShapeShifter:Blossom2"],"picked":"StSShapeShifter:EmbraceTheCycle","floor":2.0},{"not_picked":["StSShapeShifter:Guard","StSShapeShifter:Rest"],"picked":"StSShapeShifter:FallingLeaves","floor":3.0},{"not_picked":["StSShapeShifter:RaptorForm","StSShapeShifter:OakBlade"],"picked":"StSShapeShifter:Hunt","floor":6.0},{"not_picked":["StSShapeShifter:FesteringBite","StSShapeShifter:Flourish"],"picked":"StSShapeShifter:Roar","floor":8.0},{"not_picked":["StSShapeShifter:ForestFire","StSShapeShifter:Garden"],"picked":"StSShapeShifter:WaspSwarmForm","floor":10.0},{"not_picked":["StSShapeShifter:Pounce","StSShapeShifter:DeerForm"],"picked":"StSShapeShifter:Wildfire2","floor":13.0},{"not_picked":["StSShapeShifter:FesteringBite","StSShapeShifter:GoldenBerries"],"picked":"StSShapeShifter:Ensconce","floor":14.0},{"not_picked":["StSShapeShifter:RitualOfTheExtinct","StSShapeShifter:Flood"],"picked":"StSShapeShifter:RhinoCalfForm","floor":16.0},{"not_picked":["StSShapeShifter:DeerForm","StSShapeShifter:BaskInBloom"],"picked":"StSShapeShifter:BarkSkin","floor":18.0},{"not_picked":["StSShapeShifter:OakBlade","StSShapeShifter:BarkSkin"],"picked":"StSShapeShifter:BurstingSpore+1","floor":20.0},{"not_picked":["StSShapeShifter:EntForm","StSShapeShifter:Maul+1"],"picked":"StSShapeShifter:SunflowerShuriken+1","floor":22.0},{"not_picked":["StSShapeShifter:CursedApple+1","StSShapeShifter:MonkeyForm"],"picked":"StSShapeShifter:AdaptiveStrikes","floor":27.0},{"not_picked":["StSShapeShifter:BloomingSlash","StSShapeShifter:DeerForm+1"],"picked":"StSShapeShifter:ShiftingStrike","floor":28.0},{"not_picked":["StSShapeShifter:Maul","StSShapeShifter:FlowerShield"],"picked":"StSShapeShifter:ThornToss","floor":30.0},{"not_picked":["StSShapeShifter:Winter","StSShapeShifter:SkullBash"],"picked":"StSShapeShifter:PowerShifter","floor":33.0},{"not_picked":["StSShapeShifter:Roar"],"picked":"SKIP","floor":35.0},{"not_picked":[],"picked":"StSShapeShifter:EntForm+1","floor":36.0},{"not_picked":["StSShapeShifter:DeerForm"],"picked":"SKIP","floor":38.0},{"not_picked":[],"picked":"StSShapeShifter:Consume+1","floor":42.0},{"not_picked":[],"picked":"StSShapeShifter:Mystical_Branch","floor":45.0},{"not_picked":[],"picked":"StSShapeShifter:SunflowerShuriken+1","floor":48.0}],"player_experience":1153901,"relics_obtained":[{"floor":6.0,"key":"Orichalcum"},{"floor":9.0,"key":"Lantern"},{"floor":13.0,"key":"Tiny Chest"},{"floor":26.0,"key":"Vajra"},{"floor":31.0,"key":"Eternal Feather"},{"floor":43.0,"key":"Dream Catcher"},{"floor":44.0,"key":"StSShapeShifter:AlchemistsNecklace"}],"event_choices":[{"damage_healed":0.0,"max_hp_gain":0.0,"max_hp_loss":0.0,"gold_gain":0.0,"event_name":"Shining Light","player_choice":"Entered Light","floor":5.0,"gold_loss":0.0,"damage_taken":16.0,"cards_upgraded":["StSShapeShifter:Tortoise_Form","StSShapeShifter:ShapeShifter_Defend"]},{"damage_healed":0.0,"max_hp_gain":0.0,"max_hp_loss":0.0,"gold_gain":0.0,"event_name":"Living Wall","player_choice":"Grow","floor":11.0,"gold_loss":0.0,"damage_taken":0.0,"cards_upgraded":["StSShapeShifter:ReplenishingNectar"]},{"damage_healed":0.0,"max_hp_gain":0.0,"max_hp_loss":0.0,"gold_gain":0.0,"event_name":"Addict","player_choice":"Obtained Relic","floor":19.0,"gold_loss":85.0,"damage_taken":0.0,"relics_obtained":["Mango"]},{"damage_healed":0.0,"max_hp_gain":0.0,"max_hp_loss":0.0,"gold_gain":0.0,"event_name":"Upgrade Shrine","player_choice":"Upgraded","floor":21.0,"gold_loss":0.0,"damage_taken":0.0,"cards_upgraded":["StSShapeShifter:RhinoCalfForm"]},{"damage_healed":0.0,"max_hp_gain":0.0,"max_hp_loss":0.0,"gold_gain":0.0,"event_name":"Match and Keep!","player_choice":"1 cards matched","floor":37.0,"gold_loss":0.0,"damage_taken":0.0,"cards_obtained":["StSShapeShifter:Tornado"]},{"damage_healed":0.0,"max_hp_gain":0.0,"max_hp_loss":5.0,"gold_gain":0.0,"event_name":"Winding Halls","player_choice":"Max HP","floor":47.0,"gold_loss":0.0,"damage_taken":0.0}],"is_beta":false,"boss_relics":[{"not_picked":["Sozu","Runic Pyramid"],"picked":"DemoMod:RiddleOfLead"},{"not_picked":["Fusion Hammer","DemoMod:WaxWing"],"picked":"Busted Crown"}],"items_purged_floors":[],"is_endless":false,"potions_floor_spawned":[2,10,16,22,27,30,42,45],"ascension_level":0}}