{"host":"pqs17sqrgflf4eqa","time":1613605890,"event":{"mods":["AchievementEnabler","BaseMod","Bestiary","Better Altar","Better Match","Better Skull","Block Reminder","Bossed Relics","Colored Map","Colored Powertips","Curses Come First","Dark Map","DeckTracker","Defective Defect","Displayed Cursed Tome","Emptier Cage","Googly Eyes","Highlight Path","Minty Spire (QoL Compilation)","Quick Restart","Slay-I","StSLib","SuperFastMode","Synergy Search","Thieving Mod","Transform Curses","everything is the same but u backflip on backflip","slay the spire mod where everything is the same but ironclad has a cowboy hat"],"gold_per_floor":[19,32,32,50,73,111,111,127,127,127,127],"floor_reached":10,"language":"ENG","playtime":130,"items_purged":[],"score":124,"play_id":"902bac19-de0c-4e48-956b-248ac11290b6","local_time":"20210217185130","is_ascension_mode":true,"campfire_choices":[{"data":"Eruption","floor":7,"key":"SMITH"}],"circlet_count":0,"master_deck":["Strike_P","Strike_P","Strike_P","Strike_P","Defend_P","Defend_P","Defend_P","Defend_P","Eruption+1","Vigilance","Ragnarok","FollowUp","Worship","Swivel","FlyingSleeves","BowlingBash","EmptyFist"],"relics":["PureWater","Golden Idol","Du-Vu Doll","GoldenEye"],"acts_visited":["Exordium"],"potions_floor_usage":[10],"damage_taken":[{"damage":12,"enemies":"Small Slimes","floor":1,"turns":3},{"damage":2,"enemies":"Jaw Worm","floor":2,"turns":2},{"damage":0,"enemies":"2 Louse","floor":4,"turns":2},{"damage":18,"enemies":"Exordium Thugs","floor":5,"turns":4},{"damage":0,"enemies":"Gremlin Nob","floor":6,"turns":2},{"damage":0,"enemies":"3 Louse","floor":8,"turns":1},{"damage":35,"enemies":"Lagavulin","floor":10,"turns":2}],"seed_played":"4865681065777118384","potions_obtained":[{"floor":1,"key":"Explosive Potion"},{"floor":8,"key":"GamblersBrew"}],"is_trial":false,"path_per_floor":["M","M","?","M","M","E","R","M","T","E"],"character_chosen":"WATCHER","items_purchased":[],"campfire_rested":0,"item_purchase_floors":[],"current_hp_per_floor":[53,51,51,51,33,33,33,33,33,0,0],"gold":127,"neow_bonus":"THREE_RARE_CARDS","is_daily":false,"chose_seed":false,"campfire_upgraded":1,"win_rate":0.0,"timestamp":1613605890,"path_taken":["M","M","?","M","M","E","R","M","T","E"],"items_purchased_type":[],"build_version":"2020-12-22","purchased_purges":0,"victory":false,"max_hp_per_floor":[72,72,67,67,67,67,67,67,67,67,67],"card_choices":[{"not_picked":["Omniscience","Establishment"],"picked":"Ragnarok","floor":0},{"not_picked":["FearNoEvil","ClearTheMind"],"picked":"FollowUp","floor":1},{"not_picked":["CutThroughFate","Perseverance"],"picked":"Worship","floor":2},{"not_picked":["CrushJoints","InnerPeace"],"picked":"Swivel","floor":4},{"not_picked":["CrushJoints","Evaluate"],"picked":"FlyingSleeves","floor":5},{"not_picked":["Protect","EmptyFist"],"picked":"BowlingBash","floor":6},{"not_picked":["FlyingSleeves","FlurryOfBlows"],"picked":"EmptyFist","floor":8}],"player_experience":225926,"relics_obtained":[{"floor":6,"key":"Du-Vu Doll"},{"floor":9,"key":"GoldenEye"}],"event_choices":[{"damage_healed":0,"gold_gain":0,"player_choice":"Lose Max HP","damage_taken":0,"relics_obtained":["Golden Idol"],"max_hp_gain":0,"max_hp_loss":5,"event_name":"Golden Idol","floor":3,"gold_loss":0}],"is_beta":false,"boss_relics":[],"items_purged_floors":[],"is_endless":false,"potions_floor_spawned":[1,8],"killed_by":"Lagavulin","ascension_level":6}}