{"host":"11728qvdvolffudn","time":1613581942,"event":{"mods":["BaseMod","Block Reminder","Colored Powertips","Curses Come First","Custom Start","Displayed Cursed Tome","Highlight Path","Minty Spire (QoL Compilation)","Permanent Neow","Quick Restart","Rare Cards Sparkle","Relic Stats","StSLib","Weighted Paths"],"gold_per_floor":[116,291,291,164,164,164,193,193,193,193,204,223,223,223,223,326,326,339,339,354,354,370,370,370,370,422,436,436,436],"floor_reached":28,"language":"ENG","playtime":842,"items_purged":["Doubt"],"score":257,"play_id":"69f27d97-dd9b-4209-8763-f2d1f23dd645","local_time":"20210217171222","is_ascension_mode":true,"campfire_choices":[{"data":"Flex","floor":6,"key":"SMITH"},{"data":"Defend_R","floor":8,"key":"SMITH"},{"data":"Defend_R","floor":10,"key":"SMITH"},{"floor":15,"key":"REST"},{"data":"Limit Break","floor":23,"key":"SMITH"},{"data":"Defend_R","floor":25,"key":"SMITH"}],"circlet_count":0,"master_deck":["Strike_R","Strike_R+1","Defend_R+1","Defend_R+1","Defend_R+1","Defend_R","Bash+1","Infernal Blade+1","Shrug It Off","Flex+1","Demon Form+1","Limit Break+1"],"relics":["Burning Blood","Regal Pillow","Potion Belt","Nunchaku","Empty Cage","MutagenicStrength","Dream Catcher"],"acts_visited":["Exordium","TheCity"],"potions_floor_usage":[16,22,27],"damage_taken":[{"damage":5,"enemies":"2 Louse","floor":1,"turns":3},{"damage":17,"enemies":"Lagavulin","floor":7,"turns":5},{"damage":4,"enemies":"Jaw Worm","floor":11,"turns":2},{"damage":3,"enemies":"Small Slimes","floor":12,"turns":3},{"damage":33,"enemies":"Slime Boss","floor":16,"turns":8},{"damage":18,"enemies":"Shell Parasite","floor":18,"turns":5},{"damage":2,"enemies":"Chosen","floor":20,"turns":6},{"damage":39,"enemies":"Sentry and Sphere","floor":22,"turns":7},{"damage":38,"enemies":"3 Cultists","floor":27,"turns":6},{"damage":10,"enemies":"Cultist and Chosen","floor":28,"turns":4}],"seed_played":"-7326598791745424975","potions_obtained":[{"floor":12,"key":"FearPotion"},{"floor":18,"key":"Block Potion"},{"floor":22,"key":"PowerPotion"}],"is_trial":false,"path_per_floor":["M","?","?","$","?","R","E","R","T","R","M","M","?","?","R","B",null,"M","?","M","?","M","R","$","R","T","M","M"],"character_chosen":"IRONCLAD","items_purchased":["Flex"],"campfire_rested":1,"item_purchase_floors":[4],"current_hp_per_floor":[80,80,80,80,64,64,53,53,53,53,55,58,33,33,72,45,80,68,68,72,72,39,39,39,39,39,7,0,0],"gold":436,"neow_bonus":"THREE_CARDS","is_daily":false,"chose_seed":false,"campfire_upgraded":5,"win_rate":0.0,"timestamp":1613581942,"path_taken":["M","?","?","$","?","R","E","R","T","R","M","M","?","?","R","BOSS","M","?","M","?","M","R","$","R","T","M","M"],"items_purchased_type":["Card"],"build_version":"2020-12-22","purchased_purges":1,"victory":false,"max_hp_per_floor":[80,80,80,80,80,80,80,80,80,80,80,80,80,80,80,80,80,80,80,80,80,80,80,80,80,80,80,80,80],"relic_stats":{"Regal Pillow":15,"Nunchaku":[5],"Dream Catcher":0,"counters":[10,49],"obtain_stats":[{"Potion Belt":9,"Regal Pillow":7,"Nunchaku":13,"Dream Catcher":26,"MutagenicStrength":19,"Empty Cage":17,"Burning Blood":0},{"Potion Belt":2,"Regal Pillow":2,"Nunchaku":4,"Dream Catcher":8,"MutagenicStrength":6,"Empty Cage":5,"Burning Blood":0},{"Potion Belt":8,"Regal Pillow":8,"Nunchaku":13,"Dream Catcher":39,"MutagenicStrength":26,"Empty Cage":21,"Burning Blood":0}],"Burning Blood":53},"card_choices":[{"not_picked":["Bloodletting","Warcry"],"picked":"Infernal Blade","floor":0},{"not_picked":["Havoc","Ghostly Armor"],"picked":"Shrug It Off","floor":1},{"not_picked":["Shrug It Off","Heavy Blade","Warcry"],"picked":"SKIP","floor":7},{"not_picked":["Clothesline","Body Slam","Ghostly Armor"],"picked":"SKIP","floor":11},{"not_picked":["Armaments","Bloodletting"],"picked":"Demon Form","floor":12},{"not_picked":["Berserk","Juggernaut"],"picked":"Limit Break","floor":16},{"not_picked":["Twin Strike","Pommel Strike+1","Heavy Blade+1"],"picked":"SKIP","floor":18},{"not_picked":["Wild Strike","Pommel Strike","Twin Strike+1"],"picked":"SKIP","floor":20},{"not_picked":["Rage+1","True Grit+1","Armaments"],"picked":"SKIP","floor":22},{"not_picked":["Disarm","Heavy Blade","Perfected Strike+1"],"picked":"SKIP","floor":27}],"player_experience":219115,"relics_obtained":[{"floor":7,"key":"Regal Pillow"},{"floor":9,"key":"Potion Belt"},{"floor":26,"key":"Dream Catcher"}],"event_choices":[{"damage_healed":0,"gold_gain":175,"player_choice":"AGREE","damage_taken":0,"max_hp_gain":0,"max_hp_loss":0,"event_name":"Liars Game","floor":2,"gold_loss":0,"cards_obtained":["Doubt"]},{"damage_healed":0,"gold_gain":0,"player_choice":"Grow","damage_taken":0,"max_hp_gain":0,"max_hp_loss":0,"event_name":"Living Wall","floor":3,"gold_loss":0,"cards_upgraded":["Infernal Blade"]},{"damage_healed":0,"gold_gain":0,"player_choice":"Entered Light","damage_taken":16,"max_hp_gain":0,"max_hp_loss":0,"event_name":"Shining Light","floor":5,"gold_loss":0,"cards_upgraded":["Strike_R","Bash"]},{"damage_healed":0,"gold_gain":0,"player_choice":"Success","damage_taken":25,"relics_obtained":["Nunchaku"],"max_hp_gain":0,"max_hp_loss":0,"event_name":"Scrap Ooze","floor":13,"gold_loss":0},{"damage_healed":0,"gold_gain":0,"player_choice":"Upgraded","damage_taken":0,"max_hp_gain":0,"max_hp_loss":0,"event_name":"Upgrade Shrine","floor":14,"gold_loss":0,"cards_upgraded":["Demon Form"]},{"damage_healed":0,"gold_gain":0,"player_choice":"Inject Mutagens","damage_taken":0,"relics_obtained":["MutagenicStrength"],"max_hp_gain":0,"max_hp_loss":0,"event_name":"Drug Dealer","floor":19,"gold_loss":0},{"cards_removed":["Strike_R"],"damage_healed":0,"gold_gain":0,"player_choice":"Purged","damage_taken":0,"max_hp_gain":0,"max_hp_loss":0,"event_name":"Purifier","floor":21,"gold_loss":0}],"is_beta":false,"boss_relics":[{"not_picked":["Fusion Hammer","Pandora\u0027s Box"],"picked":"Empty Cage"}],"items_purged_floors":[4],"is_endless":false,"potions_floor_spawned":[12,18,22],"killed_by":"Cultist and Chosen","ascension_level":4}}