{"host":"ndpbn7fqb3wjbd7p","time":1613588034,"event":{"mods":["AchievementEnabler","Act Like it!","AlwaysNeverKeys","BaseMod","Better Vampires","Block Reminder","Colored Powertips","DeckTracker","Defuse TimeMaze Blight","Friendly Minions","Highlight Path","MarisaÅiñ∂âJÅ@ñÇóùçπÅj","Minty Spire (QoL Compilation)","Permanent Neow","Shade Mod","StSLib","SuperFastMode","Synergy Search","The Mystic","Unceasing Turn Reminder","Wandering Minibosses"],"gold_per_floor":[114,114,114,39,49,79,94,113,113,113,63,73,73,98,98,174,174,194,94,94,0,12,12,37,37,86,86,1,1,11,11,11,86,136,150,160,160,35,52,52,85,96,96,96,96,96,96],"floor_reached":46,"language":"ENG","playtime":2161,"items_purged":["Strike_B","Strike_B","Defend_B"],"score":782,"play_id":"2df6b03e-8ef6-4f62-8d4e-99dd19ba69a2","local_time":"20210217195354","is_ascension_mode":true,"campfire_choices":[{"data":"Creative AI","floor":10,"key":"SMITH"},{"data":"Zap","floor":13,"key":"SMITH"},{"data":"Leap","floor":15,"key":"SMITH"},{"floor":23,"key":"REST"},{"floor":32,"key":"REST"},{"floor":40,"key":"REST"},{"data":"Sweeping Beam","floor":44,"key":"PURGE"}],"circlet_count":0,"master_deck":["AscendersBane","Defend_B","Defend_B","Zap+1","Defragment","Self Repair","Creative AI+1","Self Repair","Turbo","Leap+1","Amplify","Double Energy","Storm+1","Glacier","BootSequence","Fission","BootSequence","Madness","Madness","Static Discharge+1","Fission","Chaos+1"],"relics":["Cracked Core","Blood Vial","Pantograph","Gremlin Horn","Fusion Hammer","Happy Flower","Regal Pillow","Ginger","Nloth\u0027s Gift","Tiny House","Question Card","Peace Pipe"],"acts_visited":["Exordium","TheCity","TheBeyond"],"potions_floor_usage":[16,16,22,33,39,41],"damage_taken":[{"damage":3,"enemies":"2 Louse","floor":1,"turns":3},{"damage":4,"enemies":"Jaw Worm","floor":5,"turns":5},{"damage":25,"enemies":"Lagavulin","floor":6,"turns":7},{"damage":7,"enemies":"Small Slimes","floor":7,"turns":5},{"damage":17,"enemies":"3 Louse","floor":8,"turns":4},{"damage":1,"enemies":"2 Fungi Beasts","floor":12,"turns":5},{"damage":45,"enemies":"Gremlin Nob","floor":14,"turns":5},{"damage":11,"enemies":"Hexaghost","floor":16,"turns":9},{"damage":35,"enemies":"Spheric Guardian","floor":18,"turns":5},{"damage":17,"enemies":"Shell Parasite","floor":22,"turns":9},{"damage":61,"enemies":"Gremlin Leader","floor":24,"turns":7},{"damage":8,"enemies":"3 Cultists","floor":30,"turns":3},{"damage":28,"enemies":"Collector","floor":33,"turns":11},{"damage":17,"enemies":"Orb Walker","floor":35,"turns":5},{"damage":24,"enemies":"3 Shapes","floor":36,"turns":4},{"damage":40,"enemies":"Maw","floor":39,"turns":9},{"damage":71,"enemies":"Reptomancer","floor":41,"turns":7},{"damage":6,"enemies":"Spire Growth","floor":42,"turns":6},{"damage":34,"enemies":"4 Shapes","floor":46,"turns":3}],"seed_played":"1051775943989859404","potions_obtained":[{"floor":1,"key":"Energy Potion"},{"floor":7,"key":"FocusPotion"},{"floor":16,"key":"SkillPotion"},{"floor":24,"key":"Weak Potion"},{"floor":34,"key":"SpeedPotion"},{"floor":39,"key":"SpeedPotion"}],"is_trial":false,"path_per_floor":["M","?","?","$","M","E","M","M","T","R","?","M","R","E","R","B",null,"M","$","?","?","M","R","E","$","T","$","?","?","M","?","R","B",null,"M","M","?","$","M","R","E","M","T","R","?","M"],"character_chosen":"DEFECT","items_purchased":[],"campfire_rested":3,"item_purchase_floors":[],"current_hp_per_floor":[67,67,60,60,58,42,44,43,43,43,43,58,58,29,29,59,71,52,52,52,52,58,75,35,35,35,35,35,35,43,43,75,68,78,77,69,59,59,35,74,19,29,29,29,29,0,0],"gold":96,"neow_bonus":"RANDOM_COMMON_RELIC","is_daily":false,"chose_seed":false,"campfire_upgraded":3,"win_rate":0.0,"timestamp":1613588034,"path_taken":["M","?","?","$","M","E","M","M","T","R","?","M","R","E","R","BOSS","M","$","?","?","M","R","E","$","T","?","?","?","M","?","R","BOSS","M","?","?","$","M","R","E","M","T","R","?","M"],"items_purchased_type":[],"build_version":"2020-12-22","purchased_purges":3,"victory":false,"max_hp_per_floor":[75,75,75,75,75,75,75,75,75,75,75,75,75,75,75,75,75,75,75,75,75,75,75,75,75,75,75,75,75,75,75,75,75,80,80,80,80,80,80,80,80,80,80,80,80,80,80],"card_choices":[{"not_picked":["Compile Driver","Redo"],"picked":"Defragment","floor":1},{"not_picked":["Cold Snap","Stack"],"picked":"Self Repair","floor":5},{"not_picked":["Compile Driver","Consume"],"picked":"Creative AI","floor":6},{"not_picked":["Chill","Barrage"],"picked":"Self Repair","floor":7},{"not_picked":["Go for the Eyes","Barrage"],"picked":"Turbo","floor":8},{"not_picked":["Hologram","Compile Driver","Cold Snap"],"picked":"SKIP","floor":12},{"not_picked":["Rebound","Steam"],"picked":"Leap","floor":14},{"not_picked":["Creative AI","Meteor Strike"],"picked":"Amplify","floor":16},{"not_picked":["Darkness","Ball Lightning"],"picked":"Double Energy","floor":18},{"not_picked":["Reinforced Body","Scrape"],"picked":"Storm","floor":22},{"not_picked":["Barrage","Reprogram","Leap"],"picked":"SKIP","floor":24},{"not_picked":["Heatsinks","Steam Power"],"picked":"BootSequence","floor":30},{"not_picked":["Multi-Cast","All For One"],"picked":"Fission","floor":33},{"not_picked":["Cold Snap","Leap"],"picked":"BootSequence","floor":35},{"not_picked":["Ball Lightning","Streamline"],"picked":"Core Surge","floor":36},{"not_picked":["Beam Cell","Redo"],"picked":"Static Discharge+1","floor":39},{"not_picked":["Rainbow","Machine Learning"],"picked":"Fission","floor":41},{"not_picked":["Ball Lightning","Leap","Cold Snap"],"picked":"Chaos+1","floor":42}],"player_experience":1224182,"relics_obtained":[{"floor":6,"key":"Ornamental Fan"},{"floor":9,"key":"Pantograph"},{"floor":14,"key":"Gremlin Horn"},{"floor":24,"key":"Happy Flower"},{"floor":26,"key":"Regal Pillow"},{"floor":41,"key":"Question Card"},{"floor":43,"key":"Peace Pipe"}],"event_choices":[{"damage_healed":0,"gold_gain":0,"player_choice":"Ignored","damage_taken":0,"max_hp_gain":0,"max_hp_loss":0,"event_name":"Liars Game","floor":2,"gold_loss":0},{"cards_removed":["Strike_B"],"damage_healed":0,"gold_gain":0,"player_choice":"Card Removal","damage_taken":7,"max_hp_gain":0,"max_hp_loss":0,"event_name":"Golden Wing","floor":3,"gold_loss":0},{"cards_removed":["Dualcast"],"damage_healed":0,"gold_gain":0,"player_choice":"Card Removal","damage_taken":0,"max_hp_gain":0,"max_hp_loss":0,"event_name":"The Cleric","floor":11,"gold_loss":50},{"damage_healed":0,"gold_gain":0,"player_choice":"Ignored","damage_taken":0,"max_hp_gain":0,"max_hp_loss":0,"event_name":"The Mausoleum","floor":20,"gold_loss":0},{"damage_healed":0,"gold_gain":0,"player_choice":"Paid Fearfully","damage_taken":0,"max_hp_gain":0,"max_hp_loss":0,"event_name":"Masked Bandits","floor":21,"gold_loss":94},{"damage_healed":0,"gold_gain":0,"player_choice":"Obtained Relic","damage_taken":0,"relics_obtained":["Ginger"],"max_hp_gain":0,"max_hp_loss":0,"event_name":"Addict","floor":28,"gold_loss":85},{"damage_healed":0,"gold_gain":0,"cards_transformed":["Strike_B","Defend_B"],"player_choice":"Became Test Subject","damage_taken":0,"max_hp_gain":0,"max_hp_loss":0,"event_name":"Drug Dealer","floor":29,"gold_loss":0,"cards_obtained":["Glacier","Sweeping Beam"]},{"damage_healed":0,"gold_gain":0,"player_choice":"Traded Relic","damage_taken":0,"relics_obtained":["Nloth\u0027s Gift"],"max_hp_gain":0,"max_hp_loss":0,"event_name":"N\u0027loth","floor":31,"relics_lost":["Ornamental Fan"],"gold_loss":0},{"damage_healed":0,"gold_gain":0,"player_choice":"Embrace Madness","damage_taken":10,"max_hp_gain":0,"max_hp_loss":0,"event_name":"Winding Halls","floor":37,"gold_loss":0,"cards_obtained":["Madness","Madness"]},{"cards_removed":["Core Surge"],"damage_healed":0,"gold_gain":0,"player_choice":"Removed Attack","damage_taken":0,"max_hp_gain":0,"max_hp_loss":0,"event_name":"Falling","floor":45,"gold_loss":0}],"is_beta":false,"boss_relics":[{"not_picked":["Ectoplasm","Philosopher\u0027s Stone"],"picked":"Fusion Hammer"},{"not_picked":["SacredBark","Velvet Choker"],"picked":"Tiny House"}],"items_purged_floors":[4,19,38],"is_endless":false,"potions_floor_spawned":[1,7,12,16,24,39],"killed_by":"4 Shapes","ascension_level":13}}