{"host":"yml0ux6c8lqydjlc","time":1613603754,"event":{"mods":["Aspiration","BaseMod","Conspire","Downfall","Hermit","Jedi Mod","Minty Spire (QoL Compilation)","Robot Space Explorer","StSLib"],"gold_per_floor":[116,116,3,22,40,40,67,67,67,81,81,100,113,140,140,242,242,256,275,26,39,138,138,151,151,151],"floor_reached":25,"language":"ENG","playtime":8454,"items_purged":["Strike_G"],"score":215,"play_id":"2f2d4c83-014a-4230-9872-a834f6a6cc0c","local_time":"20210217181554","is_ascension_mode":false,"campfire_choices":[{"data":"jedi:unstablefumes","floor":6,"key":"SMITH"},{"data":"Phantasmal Killer","floor":8,"key":"SMITH"},{"data":"Dash","floor":11,"key":"SMITH"},{"floor":15,"key":"REST"},{"floor":23,"key":"REST"}],"circlet_count":0,"master_deck":["Strike_G","Strike_G","Defend_G","Defend_G","Defend_G","Defend_G","Defend_G","Survivor","Neutralize","Tactician","Flying Knee","Phantasmal Killer+1","jedi:unstablefumes+1","Dash+1","Dagger Throw","Quick Slash","Backflip","Backstab","jedi:pocketpoison","Acrobatics","Tools of the Trade","Tactician","Flying Knee","Prepared","Poisoned Stab","Blade Dance"],"relics":["Ring of the Snake","Bag of Preparation","jedi:catwich","InkBottle","WristBlade","Strawberry"],"acts_visited":["Exordium","TheCity"],"potions_floor_usage":[16,19],"damage_taken":[{"damage":0,"enemies":"Small Slimes","floor":1,"turns":3},{"damage":1,"enemies":"conspire:RoseBush","floor":4,"turns":4},{"damage":0,"enemies":"Cultist","floor":5,"turns":4},{"damage":20,"enemies":"3 Sentries","floor":7,"turns":11},{"damage":0,"enemies":"Red Slaver","floor":10,"turns":3},{"damage":0,"enemies":"Blue Slaver","floor":12,"turns":3},{"damage":5,"enemies":"Looter","floor":13,"turns":3},{"damage":21,"enemies":"Lagavulin","floor":14,"turns":7},{"damage":15,"enemies":"Hexaghost","floor":16,"turns":8},{"damage":1,"enemies":"Chosen","floor":18,"turns":3},{"damage":16,"enemies":"Spheric Guardian","floor":19,"turns":4},{"damage":39,"enemies":"3 Cultists","floor":21,"turns":7},{"damage":40,"enemies":"Snecko","floor":24,"turns":7},{"damage":5,"enemies":"Snake Plant","floor":25,"turns":2}],"seed_played":"5929603866268962686","potions_obtained":[{"floor":1,"key":"GamblersBrew"},{"floor":5,"key":"Block Potion"},{"floor":13,"key":"GamblersBrew"},{"floor":18,"key":"hexamod:SoulburnPotion"},{"floor":19,"key":"Swift Potion"},{"floor":21,"key":"jedi:StrikingPotion"}],"is_trial":false,"path_per_floor":["M","?","$","M","M","R","E","R","T","M","R","M","M","E","R","B",null,"M","M","$","M","?","R","M","M"],"character_chosen":"THE_SILENT","items_purchased":["jedi:unstablefumes","Dash","Strawberry","Prepared"],"campfire_rested":2,"item_purchase_floors":[3,3,20,20],"current_hp_per_floor":[70,70,70,69,69,69,49,49,49,49,49,49,44,23,44,29,70,69,53,60,21,21,44,4,0,0],"gold":151,"neow_bonus":"TRANSFORM_CARD","is_daily":false,"chose_seed":false,"campfire_upgraded":3,"win_rate":0.0,"timestamp":1613603754,"path_taken":["M","?","$","M","M","R","E","R","T","M","R","M","M","E","R","BOSS","M","M","$","M","?","R","M","M"],"items_purchased_type":["Card","Card","Relic","Card"],"build_version":"2020-12-22","purchased_purges":1,"victory":false,"max_hp_per_floor":[70,70,70,70,70,70,70,70,70,70,70,70,70,70,70,70,70,70,70,77,77,77,77,77,77,77],"card_choices":[{"not_picked":["Prepared","Outmaneuver"],"picked":"Flying Knee","floor":1},{"not_picked":["Acrobatics","Riddle With Holes"],"picked":"Dagger Throw","floor":4},{"not_picked":["Outmaneuver","Cloak And Dagger"],"picked":"Quick Slash","floor":5},{"not_picked":["Riddle With Holes","Bullet Time","Underhanded Strike"],"picked":"SKIP","floor":7},{"not_picked":["Bane","Dodge and Roll"],"picked":"Backflip","floor":10},{"not_picked":["Choke","Cloak And Dagger"],"picked":"Backstab","floor":12},{"not_picked":["Prepared","Escape Plan"],"picked":"jedi:pocketpoison","floor":13},{"not_picked":["PiercingWail","Deflect"],"picked":"Acrobatics","floor":14},{"not_picked":["jedi:rejectivetoxin","Phantasmal Killer"],"picked":"Tools of the Trade","floor":16},{"not_picked":["Accuracy+1","Backstab+1"],"picked":"Tactician","floor":18},{"not_picked":["Dodge and Roll","Prepared"],"picked":"Flying Knee","floor":19},{"not_picked":["Masterful Stab","jedi:pocketpoison"],"picked":"Poisoned Stab","floor":21},{"not_picked":["Acrobatics+1","Deflect"],"picked":"Blade Dance","floor":24}],"player_experience":105986,"relics_obtained":[{"floor":7,"key":"Bag of Preparation"},{"floor":9,"key":"jedi:catwich"},{"floor":14,"key":"InkBottle"}],"event_choices":[{"damage_healed":0,"gold_gain":0,"cards_transformed":["Strike_G"],"player_choice":"Change","damage_taken":0,"max_hp_gain":0,"max_hp_loss":0,"event_name":"Living Wall","floor":2,"gold_loss":0,"cards_obtained":["Phantasmal Killer"]},{"damage_healed":0,"gold_gain":99,"player_choice":"Stole From Cult","damage_taken":0,"max_hp_gain":0,"max_hp_loss":0,"event_name":"Nest","floor":22,"gold_loss":0}],"is_beta":false,"boss_relics":[{"not_picked":["Ring of the Serpent","jedi:hotpepper"],"picked":"WristBlade"}],"items_purged_floors":[20],"is_endless":false,"potions_floor_spawned":[1,5,13,14,18,19,21],"killed_by":"Snake Plant","ascension_level":0}}