{"host":"lktusdb9orijgc6z","time":1613521732,"event":{"mods":["BaseMod","Bestiary","Colored Map","Colored Powertips","Filter the Spire","Minty Spire (QoL Compilation)","Permanent Neow","Quick Restart","Relic Stats","StSLib","everything is the same but u backflip on backflip","slay the spire mod where everything is the same but ironclad has a cowboy hat"],"gold_per_floor":[113,130,147,158,40,40,73,84,84,98,133,133,148,73,73,150,150,160,175,18,29,29,59,59,92,104,136,177,189,201,231,243,331,343,372,384,396,426,453,491,503,542,554,578,21,48,62,94,94,94,94,94],"floor_reached":51,"language":"ENG","playtime":2482,"items_purged":["Strike_B","Defend_B"],"score":2128,"play_id":"c6f629f3-0059-4564-a1bc-c33508c6af1a","local_time":"20210217012852","is_ascension_mode":true,"campfire_choices":[{"data":"Doom and Gloom","floor":6.0,"key":"SMITH"},{"data":"Consume","floor":12.0,"key":"SMITH"},{"data":"Lockon","floor":15.0,"key":"SMITH"},{"data":"Hologram","floor":29.0,"key":"SMITH"},{"data":"Hologram","floor":32.0,"key":"SMITH"},{"floor":41.0,"key":"REST"},{"floor":49.0,"key":"RECALL"}],"circlet_count":0,"master_deck":["AscendersBane","Defend_B+1","Defend_B","Defend_B","Zap","Dualcast+1","Doom and Gloom+1","Glacier","Undo","Ball Lightning","Lockon+1","Tempest","Consume+1","Reinforced Body","Skim","Coolheaded","All For One","Hologram+1","Sweeping Beam","Cold Snap","Meteor Strike","Loop+1","Heatsinks","Electrodynamics","Double Energy","Undo+1","Hologram+1","Meteor Strike","Melter","Creative AI+1","Electrodynamics+1","Machine Learning+1","Loop+1","Reinforced Body"],"relics":["Snecko Eye","Lantern","Cables","Nunchaku","SlaversCollar","War Paint","Gambling Chip","MawBank","Frozen Egg 2","Boot","Inserter","Orichalcum","Pen Nib","DataDisk","OrangePellets","Omamori","Akabeko"],"acts_visited":["Exordium","TheCity","TheBeyond"],"potions_floor_usage":[51,51],"damage_taken":[{"damage":2.0,"enemies":"Cultist","floor":1.0,"turns":4.0},{"damage":2.0,"enemies":"Small Slimes","floor":2.0,"turns":3.0},{"damage":7.0,"enemies":"Jaw Worm","floor":3.0,"turns":2.0},{"damage":1.0,"enemies":"Blue Slaver","floor":4.0,"turns":4.0},{"damage":0.0,"enemies":"Lagavulin","floor":7.0,"turns":7.0},{"damage":0.0,"enemies":"3 Louse","floor":8.0,"turns":2.0},{"damage":0.0,"enemies":"Lots of Slimes","floor":10.0,"turns":1.0},{"damage":14.0,"enemies":"3 Sentries","floor":11.0,"turns":4.0},{"damage":0.0,"enemies":"Blue Slaver","floor":13.0,"turns":2.0},{"damage":4.0,"enemies":"Hexaghost","floor":16.0,"turns":7.0},{"damage":0.0,"enemies":"2 Thieves","floor":18.0,"turns":2.0},{"damage":0.0,"enemies":"3 Byrds","floor":19.0,"turns":3.0},{"damage":0.0,"enemies":"Snecko","floor":21.0,"turns":2.0},{"damage":0.0,"enemies":"Book of Stabbing","floor":23.0,"turns":4.0},{"damage":0.0,"enemies":"Slavers","floor":25.0,"turns":3.0},{"damage":0.0,"enemies":"Sentry and Sphere","floor":27.0,"turns":3.0},{"damage":0.0,"enemies":"Gremlin Leader","floor":28.0,"turns":3.0},{"damage":0.0,"enemies":"Centurion and Healer","floor":31.0,"turns":3.0},{"damage":0.0,"enemies":"Automaton","floor":33.0,"turns":7.0},{"damage":19.0,"enemies":"3 Darklings","floor":35.0,"turns":3.0},{"damage":0.0,"enemies":"3 Shapes","floor":38.0,"turns":2.0},{"damage":32.0,"enemies":"Spire Growth","floor":39.0,"turns":4.0},{"damage":0.0,"enemies":"Nemesis","floor":40.0,"turns":5.0},{"damage":3.0,"enemies":"Giant Head","floor":42.0,"turns":4.0},{"damage":24.0,"enemies":"Transient","floor":44.0,"turns":6.0},{"damage":0.0,"enemies":"Nemesis","floor":46.0,"turns":3.0},{"damage":0.0,"enemies":"Sphere and 2 Shapes","floor":47.0,"turns":3.0},{"damage":5.0,"enemies":"Giant Head","floor":48.0,"turns":6.0},{"damage":0.0,"enemies":"Donu and Deca","floor":50.0,"turns":5.0},{"damage":10,"enemies":"Awakened One","floor":51,"turns":2}],"seed_played":"9121831069981917105","potions_obtained":[{"floor":1.0,"key":"BlessingOfTheForge"},{"floor":3.0,"key":"Weak Potion"},{"floor":8.0,"key":"SkillPotion"},{"floor":11.0,"key":"LiquidMemories"},{"floor":19.0,"key":"Ancient Potion"},{"floor":25.0,"key":"SteroidPotion"},{"floor":44.0,"key":"EntropicBrew"},{"floor":48.0,"key":"SpeedPotion"}],"is_trial":false,"path_per_floor":["M","M","M","M","$","R","E","M","T","M","E","R","M","?","R","B",null,"M","M","$","M","?","E","?","E","T","M","E","R","?","M","R","B",null,"M","$","?","M","M","E","R","E","T","M","$","E","M","E","R","B","B"],"character_chosen":"DEFECT","items_purchased":["Lockon","War Paint","DataDisk","OrangePellets","Machine Learning+1"],"campfire_rested":1,"item_purchase_floors":[5,20,45,45,45],"current_hp_per_floor":[62,60,53,52,52,52,52,52,52,52,38,38,38,38,38,34,62,62,62,62,62,62,62,62,62,62,62,62,62,62,62,62,62,69,50,50,50,50,18,18,39,36,36,12,12,12,12,7,7,7,0,0],"gold":94,"neow_bonus":"BOSS_RELIC","is_daily":false,"chose_seed":false,"campfire_upgraded":5,"win_rate":0.0,"timestamp":1613521732,"path_taken":["M","M","M","M","$","R","E","?","T","M","E","R","M","?","R","BOSS","M","M","$","M","?","E","?","E","T","M","E","R","?","M","R","BOSS","M","$","?","?","M","E","R","E","T","M","$","E","M","E","R","BOSS","BOSS"],"items_purchased_type":["Card","Relic","Relic","Relic","Card"],"build_version":"2020-12-22","purchased_purges":2,"victory":false,"max_hp_per_floor":[71,71,71,71,71,71,71,71,71,71,71,71,71,71,71,71,71,71,71,71,71,71,71,71,71,71,71,71,71,71,71,71,71,71,71,71,71,71,71,71,71,71,71,71,71,71,71,71,71,71,71,71],"relic_stats":{"Inserter":[21],"counters":[30,109],"Pen Nib":[5],"War Paint":["Defend_B","Dualcast"],"Orichalcum":[12],"MawBank":240,"Boot":[35],"Cables":[68,32,18,8,10],"OrangePellets":[7],"Nunchaku":[16],"Gambling Chip":[60],"Snecko Eye":[169,206,165,180],"obtain_stats":[{"Lantern":7,"Inserter":34,"Pen Nib":42,"Omamori":46,"War Paint":20,"Frozen Egg 2":26,"Orichalcum":40,"MawBank":25,"Boot":28,"Akabeko":48,"Cables":9,"SlaversCollar":17,"OrangePellets":45,"Nunchaku":11,"DataDisk":45,"Gambling Chip":23,"Snecko Eye":0,"Cracked Core":0},{"Lantern":5,"Inserter":19,"Pen Nib":24,"Omamori":26,"War Paint":12,"Frozen Egg 2":15,"Orichalcum":23,"MawBank":15,"Boot":17,"Akabeko":28,"Cables":6,"SlaversCollar":10,"OrangePellets":25,"Nunchaku":8,"DataDisk":25,"Gambling Chip":14,"Snecko Eye":0,"Cracked Core":0},{"Lantern":20,"Inserter":66,"Pen Nib":84,"Omamori":93,"War Paint":41,"Frozen Egg 2":50,"Orichalcum":80,"MawBank":50,"Boot":56,"Akabeko":102,"Cables":22,"SlaversCollar":36,"OrangePellets":90,"Nunchaku":27,"DataDisk":90,"Gambling Chip":47,"Snecko Eye":0,"Cracked Core":0}]},"card_choices":[{"not_picked":["Compile Driver","Redo"],"picked":"Doom and Gloom","floor":1.0},{"not_picked":["Double Energy","Skim"],"picked":"Glacier","floor":2.0},{"not_picked":["Sweeping Beam","Melter"],"picked":"Undo","floor":3.0},{"not_picked":["Steam","BootSequence"],"picked":"Ball Lightning","floor":4.0},{"not_picked":["Aggregate","Beam Cell"],"picked":"Tempest","floor":7.0},{"not_picked":["Recycle","Stack"],"picked":"Consume","floor":8.0},{"not_picked":["Leap","Genetic Algorithm"],"picked":"Reinforced Body","floor":10.0},{"not_picked":["Go for the Eyes","Leap"],"picked":"Skim","floor":11.0},{"not_picked":["Chill","Beam Cell"],"picked":"Coolheaded","floor":13.0},{"not_picked":["Hyperbeam","Machine Learning"],"picked":"All For One","floor":16.0},{"not_picked":["Ball Lightning","Auto Shields"],"picked":"Hologram","floor":18.0},{"not_picked":["Ball Lightning","Leap+1"],"picked":"Sweeping Beam","floor":19.0},{"not_picked":["Lockon","Streamline"],"picked":"Cold Snap","floor":21.0},{"not_picked":["Lockon+1","Conserve Battery"],"picked":"Loop+1","floor":23.0},{"not_picked":["Redo+1","Go for the Eyes","Conserve Battery"],"picked":"SKIP","floor":25.0},{"not_picked":["Thunder Strike","Steam"],"picked":"Double Energy","floor":27.0},{"not_picked":["Barrage","Scrape"],"picked":"Undo+1","floor":28.0},{"not_picked":["BootSequence","FTL"],"picked":"Hologram","floor":31.0},{"not_picked":["Rainbow","Biased Cognition+1"],"picked":"Meteor Strike","floor":33.0},{"not_picked":["Turbo","Steam","Beam Cell"],"picked":"SKIP","floor":35.0},{"not_picked":["Double Energy","Barrage","Cold Snap"],"picked":"SKIP","floor":38.0},{"not_picked":["Compile Driver","Consume","Turbo+1"],"picked":"SKIP","floor":39.0},{"not_picked":["Hologram","Sweeping Beam","Compile Driver"],"picked":"SKIP","floor":40.0},{"not_picked":["Cold Snap+1","Go for the Eyes"],"picked":"Electrodynamics+1","floor":42.0},{"not_picked":["Coolheaded","Fusion","Streamline+1"],"picked":"SKIP","floor":44.0},{"not_picked":["Darkness","Gash"],"picked":"Loop+1","floor":46.0},{"not_picked":["Redo","Undo","Steam"],"picked":"SKIP","floor":47.0},{"not_picked":["Redo","Gash"],"picked":"Reinforced Body","floor":48.0}],"player_experience":796045,"relics_obtained":[{"floor":7.0,"key":"Lantern"},{"floor":9.0,"key":"Cables"},{"floor":11.0,"key":"Nunchaku"},{"floor":23.0,"key":"Gambling Chip"},{"floor":25.0,"key":"MawBank"},{"floor":26.0,"key":"Frozen Egg 2"},{"floor":28.0,"key":"Boot"},{"floor":40.0,"key":"Orichalcum"},{"floor":42.0,"key":"Pen Nib"},{"floor":46.0,"key":"Omamori"},{"floor":48.0,"key":"Akabeko"}],"event_choices":[{"cards_removed":["Strike_B"],"damage_healed":0.0,"max_hp_gain":0.0,"max_hp_loss":0.0,"gold_gain":0.0,"event_name":"The Cleric","player_choice":"Card Removal","floor":14.0,"gold_loss":75.0,"damage_taken":0.0},{"damage_healed":0.0,"max_hp_gain":0.0,"max_hp_loss":0.0,"gold_gain":0.0,"event_name":"The Library","player_choice":"Read","floor":22.0,"gold_loss":0.0,"damage_taken":0.0,"cards_obtained":["Meteor Strike"]},{"damage_healed":0.0,"max_hp_gain":0.0,"max_hp_loss":0.0,"gold_gain":0.0,"cards_transformed":["Strike_B","Strike_B"],"event_name":"Drug Dealer","player_choice":"Became Test Subject","floor":24.0,"gold_loss":0.0,"damage_taken":0.0,"cards_obtained":["Heatsinks","Electrodynamics"]},{"damage_healed":0.0,"max_hp_gain":0.0,"max_hp_loss":0.0,"gold_gain":0.0,"event_name":"Vampires","player_choice":"Ignored","floor":30.0,"gold_loss":0.0,"damage_taken":0.0},{"damage_healed":0.0,"max_hp_gain":0.0,"max_hp_loss":0.0,"gold_gain":0.0,"event_name":"Match and Keep!","player_choice":"2 cards matched","floor":37.0,"gold_loss":0.0,"damage_taken":0.0,"cards_obtained":["Melter","Creative AI"]}],"is_beta":false,"boss_relics":[{"not_picked":["Runic Dome","Tiny House"],"picked":"SlaversCollar"},{"not_picked":["Cursed Key","Astrolabe"],"picked":"Inserter"}],"items_purged_floors":[5,45],"is_endless":false,"potions_floor_spawned":[1,3,8,11,13,19,23,25,28,42,44,46,48],"killed_by":"Awakened One","ascension_level":20}}