{"host":"99l0i25nwwr6z99u","time":1613528290,"event":{"mods":["Act Like it!","BaseMod","Colored Map","Colored Powertips","Googly Eyes","Minty Spire (QoL Compilation)","Quick Restart","StSLib"],"gold_per_floor":[114,133,133,152,171,171,171,202,202,234,234,38,65,76,76,152,152,167,167,1,1,19,319,352,352,376,402,137,164,191,224,224,299,299,333,555,578,251,272,306,306,306,395,426,426,437,82,112,112,112,112,112,112,26,60,60],"floor_reached":57,"language":"ENG","playtime":3022,"items_purged":["Shame","Regret"],"score":3039,"play_id":"2c7069b5-7f76-406d-8381-92c27ed1c1b7","local_time":"20210216211810","is_ascension_mode":true,"campfire_choices":[{"data":"Perfected Strike","floor":6.0,"key":"SMITH"},{"floor":11.0,"key":"REST"},{"floor":15.0,"key":"DIG"},{"floor":23.0,"key":"DIG"},{"floor":25.0,"key":"REST"},{"floor":32.0,"key":"REST"},{"floor":42.0,"key":"DIG"},{"floor":45.0,"key":"RECALL"},{"floor":49.0,"key":"DIG"},{"data":"Apotheosis","floor":53.0,"key":"SMITH"}],"circlet_count":0,"master_deck":["AscendersBane","Strike_R+1","Strike_R","Strike_R","Strike_R","Strike_R","Defend_R","Defend_R","Defend_R","Defend_R","Bash","Wild Strike","Perfected Strike+1","Carnage+1","Twin Strike","Juggernaut","Metallicize","Power Through","Evolve","Offering+1","Inflame","True Grit+1","Immolate","Havoc+1","Inflame","Battle Trance","Spot Weakness","Battle Trance","Burning Pact+1","Feel No Pain","Reckless Charge","Double Tap","Reaper","CurseOfTheBell","Feel No Pain+1","Warcry","Warcry+1","Dark Embrace+1","Master of Strategy","Sever Soul","Barricade+1","Demon Form+1","Apotheosis+1"],"relics":["Burning Blood","Nunchaku","Prayer Wheel","Ornamental Fan","Shovel","Membership Card","FossilizedHelix","WingedGreaves","Cursed Key","Incense Burner","Old Coin","Bag of Preparation","Blood Vial","War Paint","Oddly Smooth Stone","Lee\u0027s Waffle","Juzu Bracelet","Red Mask","Bag of Marbles","Calling Bell","CeramicFish","Matryoshka","Dead Branch","Frozen Egg 2","Orrery","Blue Candle","Self Forming Clay","StrikeDummy","InkBottle","Bottled Lightning","PreservedInsect","Regal Pillow","Akabeko","Whetstone","Gambling Chip"],"acts_visited":["Exordium","TheCity","TheBeyond","TheEnding"],"potions_floor_usage":[],"damage_taken":[{"damage":1.0,"enemies":"Cultist","floor":1.0,"turns":3.0},{"damage":5.0,"enemies":"Small Slimes","floor":2.0,"turns":3.0},{"damage":7.0,"enemies":"Jaw Worm","floor":4.0,"turns":3.0},{"damage":10.0,"enemies":"2 Fungi Beasts","floor":5.0,"turns":3.0},{"damage":35.0,"enemies":"3 Sentries","floor":8.0,"turns":7.0},{"damage":7.0,"enemies":"Lagavulin","floor":10.0,"turns":5.0},{"damage":15.0,"enemies":"Gremlin Nob","floor":13.0,"turns":4.0},{"damage":0.0,"enemies":"3 Louse","floor":14.0,"turns":5.0},{"damage":32.0,"enemies":"Hexaghost","floor":16.0,"turns":8.0},{"damage":0.0,"enemies":"Spheric Guardian","floor":18.0,"turns":3.0},{"damage":10.0,"enemies":"Shell Parasite","floor":22.0,"turns":4.0},{"damage":21.0,"enemies":"Book of Stabbing","floor":24.0,"turns":4.0},{"damage":22.0,"enemies":"Gremlin Leader","floor":27.0,"turns":5.0},{"damage":49.0,"enemies":"Book of Stabbing","floor":29.0,"turns":4.0},{"damage":0.0,"enemies":"Masked Bandits","floor":30.0,"turns":2.0},{"damage":18.0,"enemies":"Gremlin Leader","floor":31.0,"turns":5.0},{"damage":42.0,"enemies":"Champ","floor":33.0,"turns":10.0},{"damage":0.0,"enemies":"Orb Walker","floor":35.0,"turns":4.0},{"damage":0.0,"enemies":"3 Shapes","floor":37.0,"turns":5.0},{"damage":9.0,"enemies":"Sphere and 2 Shapes","floor":39.0,"turns":4.0},{"damage":23.0,"enemies":"Nemesis","floor":40.0,"turns":9.0},{"damage":3.0,"enemies":"Giant Head","floor":44.0,"turns":6.0},{"damage":1.0,"enemies":"3 Darklings","floor":46.0,"turns":2.0},{"damage":6.0,"enemies":"Reptomancer","floor":48.0,"turns":7.0},{"damage":42.0,"enemies":"Donu and Deca","floor":50.0,"turns":9.0},{"damage":28.0,"enemies":"Awakened One","floor":51.0,"turns":11.0},{"damage":29.0,"enemies":"Shield and Spear","floor":55.0,"turns":6.0},{"damage":47,"enemies":"The Heart","floor":56,"turns":9}],"seed_played":"7736335828450851779","potions_obtained":[{"floor":8.0,"key":"ColorlessPotion"},{"floor":13.0,"key":"Energy Potion"},{"floor":16.0,"key":"LiquidBronze"},{"floor":22.0,"key":"GamblersBrew"},{"floor":30.0,"key":"ColorlessPotion"},{"floor":31.0,"key":"ColorlessPotion"},{"floor":35.0,"key":"SpeedPotion"},{"floor":39.0,"key":"Weak Potion"},{"floor":44.0,"key":"DistilledChaos"},{"floor":48.0,"key":"GamblersBrew"},{"floor":55.0,"key":"SteroidPotion"}],"is_trial":false,"path_per_floor":["M","M","$","M","M","R","?","E","T","E","R","$","E","M","R","B",null,"M","?","$","?","M","R","E","R","T","E","$","E","?","E","R","B",null,"M","?","M","$","M","E","?","R","T","E","R","M","$","E","R","B","B",null,"R","$","E","B",null],"character_chosen":"IRONCLAD","items_purchased":["Membership Card","Evolve","Incense Burner","Oddly Smooth Stone","Feel No Pain","Lee\u0027s Waffle","PowerPotion","Frozen Egg 2","Dark Embrace+1","Master of Strategy","Orrery","Apotheosis","Bottled Lightning","PreservedInsect","Whetstone"],"campfire_rested":3,"item_purchase_floors":[12,12,20,28,28,28,28,38,38,38,38,47,47,47,54],"current_hp_per_floor":[73,74,74,73,69,69,58,29,29,28,50,50,41,47,47,21,62,68,68,68,47,43,43,28,52,52,38,87,44,52,42,68,34,74,82,82,87,87,84,87,87,87,87,87,87,87,87,87,87,61,41,76,76,76,61,22],"gold":60,"neow_bonus":"THREE_CARDS","is_daily":false,"chose_seed":false,"campfire_upgraded":2,"win_rate":0.0,"timestamp":1613528290,"path_taken":["M","M","?","M","M","R","?","E","T","E","R","?","E","M","R","BOSS","M","?","$","?","M","R","E","R","T","E","$","E","?","E","R","BOSS","M","?","M","$","M","E","?","R","T","E","R","M","$","E","R","BOSS","BOSS","R","$","E","BOSS"],"items_purchased_type":["Relic","Card","Relic","Relic","Card","Relic","Potion","Relic","Card","Card","Relic","Card","Relic","Relic","Relic"],"build_version":"2020-12-22","purchased_purges":2,"victory":true,"max_hp_per_floor":[75,75,75,75,75,75,75,75,75,75,75,75,75,75,75,75,75,75,75,75,80,80,80,80,80,80,80,87,87,87,87,87,87,87,87,87,87,87,87,87,87,87,87,87,87,87,87,87,87,87,87,87,87,87,87,87],"card_choices":[{"not_picked":["Iron Wave","Intimidate"],"picked":"Wild Strike","floor":0.0},{"not_picked":["Pommel Strike","Burning Pact"],"picked":"Perfected Strike","floor":1.0},{"not_picked":["Shrug It Off","Power Through"],"picked":"Carnage","floor":2.0},{"not_picked":["Wild Strike","Cleave"],"picked":"Twin Strike","floor":4.0},{"not_picked":["Body Slam","Twin Strike"],"picked":"Juggernaut","floor":5.0},{"not_picked":["Headbutt","Heavy Blade"],"picked":"Metallicize","floor":8.0},{"not_picked":["Pummel","Carnage"],"picked":"Power Through","floor":10.0},{"not_picked":["Headbutt","Iron Wave"],"picked":"Offering","floor":13.0},{"not_picked":["Iron Wave","Fire Breathing"],"picked":"Inflame","floor":14.0},{"not_picked":["Carnage","Wild Strike"],"picked":"True Grit","floor":14.0},{"not_picked":["Berserk","Offering"],"picked":"Immolate","floor":16.0},{"not_picked":["Thunderclap","Twin Strike"],"picked":"Havoc+1","floor":18.0},{"not_picked":["Body Slam","Perfected Strike"],"picked":"Inflame","floor":18.0},{"not_picked":["Warcry","Corruption"],"picked":"Battle Trance","floor":22.0},{"not_picked":["Body Slam","True Grit"],"picked":"Spot Weakness","floor":22.0},{"not_picked":["Cleave","Pommel Strike"],"picked":"Battle Trance","floor":24.0},{"not_picked":["Armaments","Body Slam+1"],"picked":"Burning Pact+1","floor":27.0},{"not_picked":["Clash","Twin Strike","Feed"],"picked":"SKIP","floor":29.0},{"not_picked":["Ghostly Armor","True Grit"],"picked":"Reckless Charge","floor":30.0},{"not_picked":["Warcry","Bludgeon"],"picked":"Double Tap","floor":31.0},{"not_picked":["Feed","Berserk"],"picked":"Reaper","floor":33.0},{"not_picked":["Iron Wave","Twin Strike"],"picked":"Feel No Pain+1","floor":35.0},{"not_picked":["Pommel Strike+1","Clothesline"],"picked":"Warcry","floor":35.0},{"not_picked":["Whirlwind","Burning Pact+1"],"picked":"Warcry+1","floor":37.0},{"not_picked":["Double Tap","Perfected Strike+1","Shrug It Off"],"picked":"SKIP","floor":37.0},{"not_picked":["Combust+1","Iron Wave"],"picked":"Sever Soul","floor":38.0},{"not_picked":["Seeing Red+1","Rage"],"picked":"Barricade+1","floor":39.0},{"not_picked":["Perfected Strike","Inflame+1","Rupture+1"],"picked":"SKIP","floor":39.0},{"not_picked":["Anger","Thunderclap"],"picked":"Demon Form+1","floor":40.0},{"not_picked":["Clash","Pommel Strike+1","Rupture+1"],"picked":"SKIP","floor":44.0},{"not_picked":["Pommel Strike","Flex+1","Clothesline"],"picked":"SKIP","floor":46.0},{"not_picked":["Dual Wield","Armaments","Shockwave"],"picked":"SKIP","floor":46.0},{"not_picked":["Armaments","Seeing Red","Immolate"],"picked":"SKIP","floor":48.0},{"not_picked":["Sword Boomerang","Pummel","Cleave"],"picked":"SKIP","floor":55.0}],"player_experience":783017,"relics_obtained":[{"floor":8.0,"key":"Prayer Wheel"},{"floor":9.0,"key":"Ornamental Fan"},{"floor":10.0,"key":"Shovel"},{"floor":13.0,"key":"FossilizedHelix"},{"floor":15.0,"key":"WingedGreaves"},{"floor":23.0,"key":"Old Coin"},{"floor":24.0,"key":"Bag of Preparation"},{"floor":26.0,"key":"Blood Vial"},{"floor":27.0,"key":"War Paint"},{"floor":29.0,"key":"Juzu Bracelet"},{"floor":30.0,"key":"Red Mask"},{"floor":31.0,"key":"Bag of Marbles"},{"floor":34.0,"key":"CeramicFish"},{"floor":34.0,"key":"Matryoshka"},{"floor":34.0,"key":"Dead Branch"},{"floor":40.0,"key":"Blue Candle"},{"floor":42.0,"key":"Self Forming Clay"},{"floor":43.0,"key":"StrikeDummy"},{"floor":44.0,"key":"InkBottle"},{"floor":48.0,"key":"Regal Pillow"},{"floor":49.0,"key":"Akabeko"},{"floor":55.0,"key":"Gambling Chip"}],"event_choices":[{"damage_healed":0.0,"max_hp_gain":0.0,"max_hp_loss":0.0,"gold_gain":0.0,"event_name":"Scrap Ooze","player_choice":"Success","floor":7.0,"gold_loss":0.0,"damage_taken":11.0,"relics_obtained":["Nunchaku"]},{"damage_healed":0.0,"max_hp_gain":0.0,"max_hp_loss":0.0,"gold_gain":0.0,"event_name":"Vampires","player_choice":"Ignored","floor":19.0,"gold_loss":0.0,"damage_taken":0.0},{"damage_healed":0.0,"max_hp_gain":5.0,"max_hp_loss":0.0,"gold_gain":0.0,"event_name":"Forgotten Altar","player_choice":"Shed Blood","floor":21.0,"gold_loss":0.0,"damage_taken":26.0},{"damage_healed":0.0,"max_hp_gain":0.0,"max_hp_loss":0.0,"gold_gain":0.0,"event_name":"Masked Bandits","player_choice":"Fought Bandits","floor":30.0,"gold_loss":0.0,"damage_taken":0.0},{"damage_healed":0.0,"max_hp_gain":0.0,"max_hp_loss":0.0,"gold_gain":222.0,"event_name":"Tomb of Lord Red Mask","player_choice":"Wore Mask","floor":36.0,"gold_loss":0.0,"damage_taken":0.0},{"damage_healed":0.0,"max_hp_gain":0.0,"max_hp_loss":0.0,"gold_gain":0.0,"event_name":"SensoryStone","player_choice":"Memory 1","floor":41.0,"gold_loss":0.0,"damage_taken":0.0}],"is_beta":false,"boss_relics":[{"not_picked":["Mark of Pain","Fusion Hammer"],"picked":"Cursed Key"},{"not_picked":["SacredBark","Black Blood"],"picked":"Calling Bell"}],"items_purged_floors":[28,47],"is_endless":false,"potions_floor_spawned":[8,13,16,22,30,31,35,39,44,48,55],"ascension_level":20}}