{"host":"iv5atf0fne3n7zmv","time":1613574507,"event":{"mods":["BaseMod","Minty Spire (QoL Compilation)","StSLib"],"gold_per_floor":[109,109,121,121,131,131,160,160,211,4,4,35,105,5,5,5,5],"floor_reached":16,"language":"ENG","playtime":680,"items_purged":["Strike_B","Defend_B"],"score":111,"play_id":"dccc4bff-3cfb-4bee-bfdf-9ddeffc69f9d","local_time":"20210217070827","is_ascension_mode":true,"campfire_choices":[{"data":"Sweeping Beam","floor":8,"key":"SMITH"},{"floor":11,"key":"RECALL"},{"data":"Gash","floor":15,"key":"SMITH"}],"circlet_count":0,"master_deck":["Strike_B+1","Strike_B+1","Strike_B+1","Defend_B","Defend_B","Defend_B","Zap","Dualcast","Sweeping Beam+1","Sunder","Self Repair","Blizzard+1","Hello World","Gash+1"],"relics":["Cracked Core","NeowsBlessing","MealTicket","Boot","Whetstone"],"acts_visited":["Exordium"],"potions_floor_usage":[7,12,16],"damage_taken":[{"damage":0,"enemies":"2 Louse","floor":1,"turns":1},{"damage":0,"enemies":"Small Slimes","floor":3,"turns":1},{"damage":0,"enemies":"Jaw Worm","floor":5,"turns":1},{"damage":40,"enemies":"Lagavulin","floor":7,"turns":6},{"damage":36,"enemies":"3 Sentries","floor":12,"turns":6},{"damage":37,"enemies":"The Guardian","floor":16,"turns":5}],"seed_played":"-1450763599184182063","potions_obtained":[{"floor":3,"key":"ColorlessPotion"},{"floor":7,"key":"BlessingOfTheForge"},{"floor":12,"key":"BlessingOfTheForge"}],"is_trial":false,"path_per_floor":["M","?","M","$","M","?","E","R","T","$","R","E","?","$","R","B"],"character_chosen":"DEFECT","items_purchased":["Hello World","Swift Potion"],"campfire_rested":0,"item_purchase_floors":[10,10],"current_hp_per_floor":[75,80,80,80,80,64,31,31,31,46,46,17,17,32,32,0,0],"gold":5,"neow_bonus":"THREE_ENEMY_KILL","is_daily":false,"chose_seed":false,"campfire_upgraded":2,"win_rate":0.0,"timestamp":1613574507,"path_taken":["M","?","M","$","M","?","E","R","T","$","R","E","?","$","R","BOSS"],"items_purchased_type":["Card","Potion"],"build_version":"2020-12-22","purchased_purges":2,"victory":false,"max_hp_per_floor":[75,80,80,80,80,80,80,80,80,80,80,80,80,80,80,80,80],"card_choices":[{"not_picked":["Coolheaded","Cold Snap"],"picked":"Sweeping Beam","floor":1},{"not_picked":["Streamline","Cold Snap"],"picked":"Sunder","floor":3},{"not_picked":["BootSequence","Melter"],"picked":"Self Repair","floor":5},{"not_picked":["Leap","Hello World"],"picked":"Blizzard","floor":7},{"not_picked":["Echo Form","Go for the Eyes"],"picked":"Gash","floor":12}],"player_experience":327869,"relics_obtained":[{"floor":7,"key":"MealTicket"},{"floor":9,"key":"Boot"},{"floor":12,"key":"Whetstone"}],"event_choices":[{"damage_healed":0,"gold_gain":0,"player_choice":"Donut","damage_taken":0,"max_hp_gain":5,"max_hp_loss":0,"event_name":"Big Fish","floor":2,"gold_loss":0},{"damage_healed":0,"gold_gain":0,"player_choice":"Entered Light","damage_taken":16,"max_hp_gain":0,"max_hp_loss":0,"event_name":"Shining Light","floor":6,"gold_loss":0,"cards_upgraded":["Strike_B","Strike_B"]},{"damage_healed":0,"gold_gain":70,"player_choice":"Gained Gold","damage_taken":0,"max_hp_gain":0,"max_hp_loss":0,"event_name":"Golden Wing","floor":13,"gold_loss":0}],"is_beta":false,"boss_relics":[],"items_purged_floors":[10,14],"is_endless":false,"potions_floor_spawned":[3,7,12],"killed_by":"The Guardian","ascension_level":1}}