{"host":"nn0usk9aafse27ii","time":1613599736,"event":{"mods":["BaseMod","Colored Map","Downfall","Highlight Path","Minty Spire (QoL Compilation)","Shop Mod","StSLib"],"gold_per_floor":[99,114,125,137,137,137,137,154,33,63,73,91,101,131,142,246,246,246,265,278,217,217,117,142,168,180,211,251,163,185,215,243,255,255,255],"floor_reached":33,"language":"ENG","playtime":6298,"items_purged":[],"score":300,"play_id":"e555882b-9662-4e71-8cbf-9fe96e9770a5","local_time":"20210217140856","is_ascension_mode":false,"campfire_choices":[{"data":"Slimebound:Split","floor":1.0,"key":"SMITH"},{"floor":6.0,"key":"RECALL"},{"data":"Slimebound:Darklings","floor":18.0,"key":"SMITH"},{"data":"Slimebound:Gluttony","floor":23.0,"key":"SMITH"},{"data":"Slimebound:Equalize","floor":26.0,"key":"SMITH"},{"floor":29.0,"key":"REST"}],"circlet_count":0,"master_deck":["Slimebound:Strike_Slimebound","Slimebound:Defend_Slimebound","Slimebound:Defend_Slimebound","Slimebound:Defend_Slimebound","Slimebound:Defend_Slimebound","Slimebound:Split+1","Slimebound:CorrosiveSpit","Slimebound:AcidTongue","Slimebound:LeechingTouch","Slimebound:ItLooksTasty","Slimebound:LivingWall","Slimebound:LivingWall","Slimebound:MegaLick","Slimebound:ServeAndProtect","Slimebound:RainOfGoop","Slimebound:Equalize+1","Slimebound:DivideAndConquer","Slimebound:Gluttony+1","Slimebound:Nibble","Slimebound:Darklings+1","Slimebound:SplitSpecialist","Slimebound:Dissolve","Slimebound:SplitBruiser","Slimebound:Prepare","Slimebound:SplitBruiser","Slimebound:Nibble","Slimebound:GoopSpray","Slimebound:Replication"],"relics":["Slimebound:AbsorbEndCombat","HornCleat","Eternal Feather","Singing Bowl","Odd Mushroom","Empty Cage","downfall:HeartBlessingRed","MawBank","Blue Candle","downfall:HeartBlessingGreen"],"acts_visited":["Exordium","TheCity"],"potions_floor_usage":[33,33,33],"damage_taken":[{"damage":11.0,"enemies":"Jaw Worm","floor":2.0,"turns":5.0},{"damage":0.0,"enemies":"2 Louse","floor":3.0,"turns":3.0},{"damage":7.0,"enemies":"Small Slimes","floor":4.0,"turns":4.0},{"damage":15.0,"enemies":"Exordium Wildlife","floor":8.0,"turns":4.0},{"damage":0.0,"enemies":"downfall:FleeingMerchant","floor":9.0,"turns":4.0},{"damage":0.0,"enemies":"Lagavulin","floor":10.0,"turns":5.0},{"damage":27.0,"enemies":"Gremlin Gang","floor":11.0,"turns":5.0},{"damage":18.0,"enemies":"Large Slime","floor":12.0,"turns":10.0},{"damage":10.0,"enemies":"3 Louse","floor":13.0,"turns":3.0},{"damage":0.0,"enemies":"The Mushroom Lair","floor":14.0,"turns":3.0},{"damage":1.0,"enemies":"Red Slaver","floor":15.0,"turns":4.0},{"damage":45.0,"enemies":"IC_STATUS_ARCHETYPE","floor":16.0,"turns":11.0},{"damage":5.0,"enemies":"Shell Parasite","floor":19.0,"turns":5.0},{"damage":60.0,"enemies":"3 Cultists","floor":20.0,"turns":7.0},{"damage":1.0,"enemies":"downfall:FleeingMerchant","floor":21.0,"turns":4.0},{"damage":12.0,"enemies":"Shelled Parasite and Fungi","floor":25.0,"turns":5.0},{"damage":0.0,"enemies":"Snake Plant","floor":27.0,"turns":4.0},{"damage":78.0,"enemies":"Slavers","floor":28.0,"turns":7.0},{"damage":17.0,"enemies":"Chosen and Byrds","floor":30.0,"turns":7.0},{"damage":4.0,"enemies":"Cultist and Chosen","floor":31.0,"turns":5.0},{"damage":0,"enemies":"Snecko","floor":32,"turns":3},{"damage":81,"enemies":"SI_MIRROR_ARCHETYPE","floor":33,"turns":12}],"seed_played":"2284330635388455114","potions_obtained":[{"floor":3.0,"key":"AttackPotion"},{"floor":11.0,"key":"champ:CounterPotion"},{"floor":13.0,"key":"ColorlessPotion"},{"floor":14.0,"key":"Energy Potion"},{"floor":15.0,"key":"Block Potion"},{"floor":16.0,"key":"Slimebound:SlimyTonguePotion"},{"floor":20.0,"key":"sneckomod:MuddlingPotion"},{"floor":27.0,"key":"Swift Potion"},{"floor":30.0,"key":"DistilledChaos"},{"floor":31.0,"key":"PowerPotion"},{"floor":32,"key":"AttackPotion"}],"is_trial":false,"path_per_floor":["R","M","M","M","?","R","T","M","$","E","M","M","M","?","M","B",null,"R","M","M","$","?","R","T","M","R","M","E","R","M","M","M","B"],"character_chosen":"SLIMEBOUND","items_purchased":["Slimebound:ServeAndProtect","Slimebound:RainOfGoop","Slimebound:Prepare"],"campfire_rested":1,"item_purchase_floors":[9,9,21],"current_hp_per_floor":[65,58,60,57,57,57,57,48,52,60,47,43,43,55,58,27,69,69,68,17,32,32,44,44,48,63,69,11,47,38,42,58,0,0,0],"gold":255,"neow_bonus":"TRANSFORM_CARD","is_daily":false,"chose_seed":false,"campfire_upgraded":4,"win_rate":0.0,"timestamp":1613599736,"path_taken":["R","M","M","M","?","R","T","M","$","E","M","M","M","?","M","BOSS","R","M","M","$","?","R","T","M","R","M","E","R","M","M","M","BOSS"],"items_purchased_type":["Card","Card","Card"],"build_version":"2020-12-22","purchased_purges":0,"victory":false,"max_hp_per_floor":[65,65,65,65,65,65,65,65,65,65,67,69,69,69,69,69,69,69,69,69,69,69,69,69,69,69,69,71,71,73,73,73,73,73,73],"card_choices":[{"not_picked":["Slimebound:SplitMire","Slimebound:Chomp"],"picked":"Slimebound:LeechingTouch","floor":2.0},{"not_picked":["Slimebound:GoopTackle","Slimebound:FormOfPuddle"],"picked":"Slimebound:ItLooksTasty","floor":3.0},{"not_picked":["Slimebound:PressTheAttack","Slimebound:SplitLeeching"],"picked":"Slimebound:LivingWall","floor":4.0},{"not_picked":["Slimebound:SlimeSpikes","Slimebound:ItLooksTasty"],"picked":"Slimebound:LivingWall","floor":8.0},{"not_picked":["Slimebound:SplitLeeching","Slimebound:SplitAcid"],"picked":"Slimebound:MegaLick","floor":9.0},{"not_picked":["Slimebound:AcidTongue","Slimebound:RollThrough"],"picked":"Slimebound:Equalize","floor":10.0},{"not_picked":["Slimebound:LivingWall","Slimebound:GoopSpray","Slimebound:SlimeBrawl"],"picked":"Singing Bowl","floor":11.0},{"not_picked":["Slimebound:ForwardTackle","Slimebound:LeechingTouch","Slimebound:SlimeBarrage"],"picked":"Singing Bowl","floor":12.0},{"not_picked":["Slimebound:Schlurp","Slimebound:LivingWall"],"picked":"Slimebound:DivideAndConquer","floor":13.0},{"not_picked":["Slimebound:SplitMire","Slimebound:RainOfGoop"],"picked":"Slimebound:Gluttony","floor":14.0},{"not_picked":["Slimebound:LeechingTouch","Slimebound:Chomp"],"picked":"Slimebound:Nibble","floor":15.0},{"not_picked":["Slimebound:FirmFortitude","Slimebound:DouseInSlime"],"picked":"Slimebound:Darklings","floor":16.0},{"not_picked":["Slimebound:ProtectTheBoss+1","Slimebound:SamplingLick"],"picked":"Slimebound:SplitSpecialist","floor":19.0},{"not_picked":["Slimebound:GoopTackle","Slimebound:SlimeTap"],"picked":"Slimebound:Dissolve","floor":20.0},{"not_picked":["Slimebound:AcidTongue","Slimebound:RollThrough+1"],"picked":"Slimebound:SplitBruiser","floor":21.0},{"not_picked":["Slimebound:TongueLash","Slimebound:SplitAcid"],"picked":"Slimebound:SplitBruiser","floor":25.0},{"not_picked":["Slimebound:SamplingLick+1","Slimebound:FirmFortitude"],"picked":"Slimebound:Nibble","floor":27.0},{"not_picked":["Slimebound:SplitBruiser+1","Slimebound:RollThrough","Slimebound:ProtectTheBoss"],"picked":"Singing Bowl","floor":28.0},{"not_picked":["Slimebound:Prepare","Slimebound:SlimeSpikes","Slimebound:Gluttony"],"picked":"Singing Bowl","floor":30.0},{"not_picked":["Slimebound:HungryTackle","Slimebound:SplitSpecialist+1"],"picked":"Slimebound:GoopSpray","floor":31.0},{"not_picked":["Slimebound:Nibble","Slimebound:SlimeSpikes+1"],"picked":"Slimebound:Replication","floor":32}],"player_experience":784572,"relics_obtained":[{"floor":7.0,"key":"Eternal Feather"},{"floor":10.0,"key":"Singing Bowl"},{"floor":14.0,"key":"Odd Mushroom"},{"floor":24.0,"key":"MawBank"},{"floor":28.0,"key":"Blue Candle"}],"event_choices":[{"damage_healed":0.0,"max_hp_gain":0.0,"max_hp_loss":0.0,"gold_gain":0.0,"event_name":"Mushrooms","player_choice":"Fought Mushrooms","floor":14.0,"gold_loss":0.0,"damage_taken":0.0}],"is_beta":false,"boss_relics":[{"not_picked":["Runic Dome","SacredBark"],"picked":"Empty Cage"}],"items_purged_floors":[],"is_endless":false,"potions_floor_spawned":[3,11,13,14,15,16,20,27,30,31,32],"killed_by":"SI_MIRROR_ARCHETYPE","ascension_level":0}}