{"host":"xp27heuvanyklt0b","time":1613572983,"event":{"mods":["100% Spire Juice","BaseMod","CapriCore","Koishi","Lobotomy","Minty Spire (QoL Compilation)","StSLib","The Immortal"],"gold_per_floor":[114,65,80,98,114,114,139,139,166,181,147,147,164,164,164,164,164,164],"floor_reached":16,"language":"KOR","playtime":507,"items_purged":[],"score":102,"play_id":"d8e48ce2-7bcd-4c96-813e-675c467abf74","local_time":"20210217234303","is_ascension_mode":false,"campfire_choices":[{"data":"MokouMod:Ember","floor":6,"key":"SMITH"},{"floor":12,"key":"REST"},{"data":"MokouMod:ResoluteFlare","floor":15,"key":"SMITH"}],"circlet_count":0,"master_deck":["MokouMod:Strike","MokouMod:Strike","MokouMod:Strike","MokouMod:Defend","MokouMod:Defend","MokouMod:Defend","MokouMod:Defend","MokouMod:HeatSpark","MokouMod:Ember+1","MokouMod:Stoke","MokouMod:ScorchingColumn","MokouMod:IndiscriminateIgnition","MokouMod:IndiscriminateIgnition","MokouMod:ScorchingColumn","MokouMod:Singe","MokouMod:Rebirth","MokouMod:ResoluteFlare+1","MokouMod:ProfanedFlare"],"relics":["MokouMod:PhoenixFeather","Art of War","Mercury Hourglass"],"acts_visited":["Exordium"],"potions_floor_usage":[16,16],"damage_taken":[{"damage":1,"enemies":"Cultist","floor":1,"turns":3},{"damage":1,"enemies":"Jaw Worm","floor":3,"turns":3},{"damage":5,"enemies":"Small Slimes","floor":4,"turns":3},{"damage":7,"enemies":"Blue Slaver","floor":5,"turns":3},{"damage":31,"enemies":"Lagavulin","floor":7,"turns":4},{"damage":11,"enemies":"Exordium Wildlife","floor":10,"turns":4},{"damage":6,"enemies":"Red Slaver","floor":13,"turns":3},{"damage":92,"enemies":"The Guardian","floor":16,"turns":13}],"seed_played":"-4250378001640942341","potions_obtained":[{"floor":1,"key":"Fire Potion"},{"floor":3,"key":"SmokeBomb"},{"floor":13,"key":"Energy Potion"}],"is_trial":false,"path_per_floor":["M","$","M","M","M","R","E","?","T","M","?","R","M","T","R","B"],"character_chosen":"MKU","items_purchased":["MokouMod:IndiscriminateIgnition"],"campfire_rested":1,"item_purchase_floors":[2],"current_hp_per_floor":[67,67,66,61,54,54,23,23,23,12,12,32,26,26,26,0,0,0],"gold":164,"neow_bonus":"TRANSFORM_TWO_CARDS","is_daily":false,"chose_seed":false,"campfire_upgraded":2,"win_rate":0.0,"timestamp":1613572983,"path_taken":["M","$","M","M","?","R","E","?","T","M","?","R","M","?","R","BOSS"],"items_purchased_type":["Card"],"build_version":"2020-12-22","purchased_purges":0,"victory":false,"max_hp_per_floor":[68,68,68,68,68,68,68,68,68,68,68,68,68,68,68,68,68,68],"card_choices":[{"not_picked":["MokouMod:CrimsonArmoury","MokouMod:ResoluteFlare"],"picked":"MokouMod:ScorchingColumn","floor":1},{"not_picked":["MokouMod:FlickeringFlame","MokouMod:BlazingComet"],"picked":"MokouMod:IndiscriminateIgnition","floor":3},{"not_picked":["MokouMod:Firecracker","MokouMod:BurningDraft"],"picked":"MokouMod:ScorchingColumn","floor":4},{"not_picked":["MokouMod:ResonanceReactor","MokouMod:ShiftIgnition"],"picked":"MokouMod:Singe","floor":5},{"not_picked":["MokouMod:AdaptivePyromancy","MokouMod:ResonanceReactor"],"picked":"MokouMod:Rebirth","floor":7},{"not_picked":["MokouMod:EternalBurstReactor","MokouMod:AdaptivePyromancy"],"picked":"MokouMod:ResoluteFlare","floor":10},{"not_picked":["MokouMod:Overheat","MokouMod:ScorchedEarth"],"picked":"MokouMod:ProfanedFlare","floor":13}],"player_experience":325730,"relics_obtained":[{"floor":7,"key":"Art of War"},{"floor":14,"key":"Mercury Hourglass"}],"event_choices":[{"damage_healed":0,"gold_gain":0,"player_choice":"Ignored","damage_taken":0,"max_hp_gain":0,"max_hp_loss":0,"event_name":"Liars Game","floor":8,"gold_loss":0},{"damage_healed":0,"gold_gain":0,"player_choice":"Left Gold","damage_taken":0,"max_hp_gain":0,"max_hp_loss":0,"event_name":"World of Goop","floor":11,"gold_loss":34}],"is_beta":false,"boss_relics":[],"items_purged_floors":[],"is_endless":false,"potions_floor_spawned":[1,3,13],"killed_by":"The Guardian","ascension_level":0}}