{"host":"0ma1l65sntb3rtgl","time":1613538007,"event":{"mods":["AchievementEnabler","BaseMod","Better Note","Better Third Choice","Colored Map","Colored Powertips","Curses Come First","Highlight Path","Minty Spire (QoL Compilation)","Rare Cards Sparkle","Relic Stats","Spire Arcade","StSLib"],"gold_per_floor":[118,118,137,37,52,52,78,78,78,104,114,133,150,164,164,266,266,280,21,36,56,56,85,103,103,157,172,198,198,224,238,238,335,335,350,650,667,18,18,18,48,62,62,62,79,79,79,99,99,99,99,99,22,56,56,56],"floor_reached":55,"language":"ENG","playtime":4367,"items_purged":["Strike_G","Strike_G"],"score":826,"play_id":"06239856-1529-4132-b54d-3db11e5ca24c","local_time":"20210216230007","is_ascension_mode":false,"campfire_choices":[{"data":"Footwork","floor":6.0,"key":"SMITH"},{"data":"Neutralize","floor":8.0,"key":"SMITH"},{"data":"Distraction","floor":15.0,"key":"SMITH"},{"data":"Venomology","floor":25.0,"key":"SMITH"},{"floor":32.0,"key":"RECALL"},{"data":"Adrenaline","floor":40,"key":"SMITH"},{"data":"Catalyst","floor":47,"key":"SMITH"},{"floor":49,"key":"REST"},{"data":"Terror","floor":52,"key":"SMITH"}],"circlet_count":0,"master_deck":["Strike_G","Strike_G","Defend_G+1","Defend_G","Defend_G","Defend_G","Defend_G","Survivor","Neutralize+1","Crippling Poison","Outmaneuver","Footwork+1","PiercingWail","Acrobatics","Flying Knee","Venomology+1","Noxious Fumes","Quick Slash","Deadly Poison","Distraction+1","Malaise+1","Noxious Fumes+1","Noxious Fumes","Noxious Fumes+1","Terror+1","Backflip","Quick Slash","Backflip","Backflip","Adrenaline+1","Footwork+1","Catalyst+1","Backflip+1"],"relics":["SlaversCollar","Eternal Feather","Blood Vial","Omamori","SacredBark","Chemical X","Anchor","MealTicket","War Paint","HoveringKite","StoneCalendar","Mercury Hourglass","Potion Belt","Blue Candle","Bottled Tornado","Gremlin Horn"],"acts_visited":["Exordium","TheCity","TheBeyond","TheEnding"],"potions_floor_usage":[41,42,50,50,54,54,54,55,55,55,55],"damage_taken":[{"damage":0.0,"enemies":"2 Louse","floor":1.0,"turns":3.0},{"damage":2.0,"enemies":"Cultist","floor":3.0,"turns":5.0},{"damage":2.0,"enemies":"Jaw Worm","floor":5.0,"turns":7.0},{"damage":39.0,"enemies":"Gremlin Nob","floor":7.0,"turns":6.0},{"damage":5.0,"enemies":"Lagavulin","floor":10.0,"turns":10.0},{"damage":5.0,"enemies":"Blue Slaver","floor":11.0,"turns":6.0},{"damage":0.0,"enemies":"3 Louse","floor":12.0,"turns":4.0},{"damage":9.0,"enemies":"Large Slime","floor":13.0,"turns":8.0},{"damage":11.0,"enemies":"2 Fungi Beasts","floor":14.0,"turns":5.0},{"damage":12.0,"enemies":"Slime Boss","floor":16.0,"turns":12.0},{"damage":8.0,"enemies":"3 Byrds","floor":18.0,"turns":5.0},{"damage":23.0,"enemies":"Spheric Guardian","floor":20.0,"turns":5.0},{"damage":30.0,"enemies":"Centurion and Healer","floor":21.0,"turns":7.0},{"damage":36.0,"enemies":"Gremlin Leader","floor":23.0,"turns":8.0},{"damage":6.0,"enemies":"Cultist and Chosen","floor":24.0,"turns":6.0},{"damage":3.0,"enemies":"Snake Plant","floor":27.0,"turns":5.0},{"damage":0.0,"enemies":"Book of Stabbing","floor":28.0,"turns":7.0},{"damage":5.0,"enemies":"3 Cultists","floor":31.0,"turns":6.0},{"damage":49.0,"enemies":"Automaton","floor":33.0,"turns":10.0},{"damage":29.0,"enemies":"3 Shapes","floor":35.0,"turns":6.0},{"damage":28.0,"enemies":"Orb Walker","floor":37.0,"turns":5.0},{"damage":16,"enemies":"Nemesis","floor":41,"turns":7},{"damage":11,"enemies":"Sphere and 2 Shapes","floor":42,"turns":5},{"damage":7,"enemies":"Writhing Mass","floor":45,"turns":8},{"damage":9,"enemies":"Transient","floor":48,"turns":5},{"damage":21,"enemies":"Time Eater","floor":50,"turns":8},{"damage":30,"enemies":"Shield and Spear","floor":54,"turns":7},{"damage":44,"enemies":"The Heart","floor":55,"turns":6}],"seed_played":"-846177018974777842","potions_obtained":[{"floor":5.0,"key":"Dexterity Potion"},{"floor":11.0,"key":"LiquidMemories"},{"floor":14.0,"key":"LiquidMemories"},{"floor":16.0,"key":"PowerPotion"},{"floor":20.0,"key":"Regen Potion"},{"floor":23.0,"key":"Energy Potion"},{"floor":33.0,"key":"Fire Potion"},{"floor":41,"key":"Weak Potion"},{"floor":54,"key":"Dexterity Potion"}],"is_trial":false,"path_per_floor":["M","?","M","$","M","R","E","R","T","E","M","M","M","M","R","B",null,"M","$","M","M","$","E","M","R","T","M","E","?","T","M","R","B",null,"M","?","M","$","?","R","E","M","T","T","M","?","R","M","R","B",null,"R","$","E","B"],"character_chosen":"THE_SILENT","items_purchased":["Footwork","PiercingWail","Noxious Fumes","Chemical X","StoneCalendar","Mercury Hourglass","LiquidBronze"],"campfire_rested":1,"item_purchase_floors":[4,4,19,19,38,38,53],"current_hp_per_floor":[70,70,68,68,66,66,27,36,36,33,30,32,25,16,28,18,70,62,62,41,58,58,24,20,35,35,34,36,36,36,33,51,4,70,41,41,15,30,30,48,34,25,25,25,20,20,38,31,70,49,70,70,70,40,0,0],"gold":56,"neow_bonus":"BOSS_RELIC","is_daily":false,"chose_seed":false,"campfire_upgraded":7,"win_rate":0.0,"timestamp":1613538007,"path_taken":["M","?","M","$","M","R","E","R","T","E","M","?","M","M","R","BOSS","M","$","?","M","?","E","M","R","T","M","E","?","?","M","R","BOSS","M","?","M","$","?","R","E","M","T","?","M","?","R","M","R","BOSS","R","$","E","BOSS"],"items_purchased_type":["Card","Card","Card","Relic","Relic","Relic","Potion"],"build_version":"2020-12-22","purchased_purges":2,"victory":false,"max_hp_per_floor":[70,70,70,70,70,70,70,70,70,70,70,70,70,70,70,70,70,70,70,70,70,70,70,70,70,70,70,70,70,70,70,70,70,70,70,70,70,70,70,70,70,70,70,70,70,70,70,70,70,70,70,70,70,70,70,70],"relic_stats":{"Blood Vial":40,"Gremlin Horn":[0,0],"counters":[28,182],"Blue Candle":[0],"HoveringKite":[10],"Eternal Feather":108,"MealTicket":15,"StoneCalendar":[130],"Chemical X":[17],"War Paint":["Defend_G","Malaise"],"obtain_stats":[{"Potion Belt":41,"Gremlin Horn":54,"SacredBark":17,"Blue Candle":43,"HoveringKite":34,"Eternal Feather":7,"StoneCalendar":38,"Omamori":10,"War Paint":30,"Bottled Tornado":44,"Mercury Hourglass":38,"Blood Vial":9,"SlaversCollar":0,"Anchor":23,"MealTicket":28,"Chemical X":19,"Ring of the Snake":0},{"Potion Belt":22,"Gremlin Horn":27,"SacredBark":10,"Blue Candle":23,"HoveringKite":19,"Eternal Feather":4,"StoneCalendar":21,"Omamori":5,"War Paint":17,"Bottled Tornado":23,"Mercury Hourglass":21,"Blood Vial":4,"SlaversCollar":0,"Anchor":14,"MealTicket":17,"Chemical X":11,"Ring of the Snake":0},{"Potion Belt":143,"Gremlin Horn":176,"SacredBark":66,"Blue Candle":148,"HoveringKite":125,"Eternal Feather":21,"StoneCalendar":136,"Omamori":31,"War Paint":109,"Bottled Tornado":148,"Mercury Hourglass":136,"Blood Vial":21,"SlaversCollar":0,"Anchor":91,"MealTicket":109,"Chemical X":71,"Ring of the Snake":0}],"Mercury Hourglass":[136]},"card_choices":[{"not_picked":["Slice","Calculated Gamble"],"picked":"Crippling Poison","floor":1.0},{"not_picked":["Expertise","Deflect"],"picked":"Outmaneuver","floor":3.0},{"not_picked":["Dagger Throw","Prepared"],"picked":"Acrobatics","floor":5.0},{"not_picked":["Prepared","Bane"],"picked":"Flying Knee","floor":7.0},{"not_picked":["Infinite Blades","Well Laid Plans"],"picked":"Venomology","floor":10.0},{"not_picked":["Blade Dance","Deadly Poison"],"picked":"Noxious Fumes","floor":11.0},{"not_picked":["Flying Knee","Cloak And Dagger"],"picked":"Quick Slash","floor":12.0},{"not_picked":["Outmaneuver","Concentrate"],"picked":"Deadly Poison","floor":13.0},{"not_picked":["Underhanded Strike","Dodge and Roll"],"picked":"Distraction","floor":14.0},{"not_picked":["Adrenaline","A Thousand Cuts"],"picked":"Malaise","floor":16.0},{"not_picked":["Dagger Throw","Deflect"],"picked":"Noxious Fumes+1","floor":18.0},{"not_picked":["Backflip","Deflect"],"picked":"Noxious Fumes+1","floor":20.0},{"not_picked":["Choke+1","Deadly Poison"],"picked":"Terror","floor":21.0},{"not_picked":["Deadly Poison+1","A Thousand Cuts"],"picked":"Backflip","floor":23.0},{"not_picked":["Terror","Dagger Spray"],"picked":"Quick Slash","floor":24.0},{"not_picked":["Finisher","Underhanded Strike"],"picked":"Backflip","floor":27.0},{"not_picked":["Reflex","Deadly Poison"],"picked":"Backflip","floor":28.0},{"not_picked":["Crippling Poison","Sucker Punch+1","Caltrops"],"picked":"SKIP","floor":31.0},{"not_picked":["Bullet Time","Grand Finale"],"picked":"Adrenaline","floor":33.0},{"not_picked":["Concentrate+1","Deflect","Cloak And Dagger+1"],"picked":"SKIP","floor":35.0},{"not_picked":["Skewer","Infinite Blades","Blade Dance+1"],"picked":"SKIP","floor":37.0},{"not_picked":["Dagger Spray","Tactician","Infinite Blades+1"],"picked":"SKIP","floor":41},{"not_picked":["Quick Slash+1","Expertise+1"],"picked":"Footwork+1","floor":42},{"not_picked":["Deadly Poison","Outmaneuver"],"picked":"Catalyst","floor":45},{"not_picked":["Infinite Blades+1","Acrobatics"],"picked":"Backflip+1","floor":48},{"not_picked":["Dagger Spray+1","Crippling Poison+1","Flying Knee"],"picked":"SKIP","floor":54}],"player_experience":407236,"relics_obtained":[{"floor":7.0,"key":"Eternal Feather"},{"floor":9.0,"key":"Blood Vial"},{"floor":10.0,"key":"Omamori"},{"floor":23.0,"key":"Anchor"},{"floor":28.0,"key":"MealTicket"},{"floor":30.0,"key":"War Paint"},{"floor":41,"key":"Potion Belt"},{"floor":43,"key":"Blue Candle"},{"floor":44,"key":"Bottled Tornado"},{"floor":54,"key":"Gremlin Horn"}],"event_choices":[{"damage_healed":0.0,"max_hp_gain":0.0,"max_hp_loss":0.0,"gold_gain":0.0,"event_name":"Wheel of Change","player_choice":"Full Heal","floor":2.0,"gold_loss":0.0,"damage_taken":0.0},{"damage_healed":0.0,"max_hp_gain":0.0,"max_hp_loss":0.0,"gold_gain":0.0,"event_name":"betterNote:BetterNote","player_choice":"Ignored","floor":29.0,"gold_loss":0.0,"damage_taken":0.0,"cards_obtained":["Pray"]},{"damage_healed":0.0,"max_hp_gain":0.0,"max_hp_loss":0.0,"gold_gain":0.0,"event_name":"Mysterious Sphere","player_choice":"Ignored","floor":39.0,"gold_loss":0.0,"damage_taken":0.0},{"cards_removed":["Strike_G"],"damage_healed":0,"gold_gain":0,"player_choice":"Purged","damage_taken":0,"max_hp_gain":0,"max_hp_loss":0,"event_name":"Purifier","floor":46,"gold_loss":0}],"is_beta":false,"boss_relics":[{"not_picked":["Ectoplasm","Astrolabe"],"picked":"SacredBark"},{"not_picked":["Velvet Choker","WristBlade"],"picked":"HoveringKite"}],"items_purged_floors":[19,38],"is_endless":false,"potions_floor_spawned":[5,11,12,14,16,20,21,23,33,41,48,54],"killed_by":"The Heart","ascension_level":0}}