{"host":"xz7n3qy1zq36rzpg","time":1613570357,"event":{"mods":["BaseMod","Colored Map","Colored Powertips","Highlight Path","Minty Spire (QoL Compilation)","Quick Restart","Shop Mod"],"gold_per_floor":[109,109,20,120,141,176,190,190,244,244,259,259,307,331,331,331,331],"floor_reached":16,"language":"ENG","playtime":967,"items_purged":[],"score":138,"play_id":"5a418ce3-1a1b-49d2-a187-a9aad96a18a5","local_time":"20210217145917","is_ascension_mode":true,"campfire_choices":[{"data":"Iron Wave","floor":8,"key":"SMITH"},{"floor":10,"key":"REST"},{"data":"Seeing Red","floor":12,"key":"SMITH"},{"data":"Infernal Blade","floor":15,"key":"SMITH"}],"circlet_count":0,"master_deck":["Strike_R","Strike_R","Strike_R","Strike_R","Strike_R","Defend_R","Defend_R","Defend_R","Defend_R","Bash","CurseOfTheBell","Seeing Red+1","Bandage Up","Iron Wave+1","Infernal Blade+1","Disarm","Intimidate","Feed","Cleave"],"relics":["Calling Bell","Ancient Tea Set","Question Card","Dead Branch","Golden Idol","Vajra","MealTicket","CeramicFish"],"acts_visited":["Exordium"],"potions_floor_usage":[11],"damage_taken":[{"damage":3,"enemies":"Small Slimes","floor":1,"turns":6},{"damage":7,"enemies":"Jaw Worm","floor":5,"turns":3},{"damage":40,"enemies":"Lagavulin","floor":6,"turns":6},{"damage":0,"enemies":"Cultist","floor":7,"turns":2},{"damage":0,"enemies":"Blue Slaver","floor":11,"turns":3},{"damage":17,"enemies":"Gremlin Nob","floor":13,"turns":4},{"damage":4,"enemies":"Exordium Thugs","floor":14,"turns":3},{"damage":59,"enemies":"Hexaghost","floor":16,"turns":11}],"seed_played":"-3451421304041300778","potions_obtained":[{"floor":7,"key":"Energy Potion"}],"is_trial":false,"path_per_floor":["M","?","$","?","M","E","M","R","T","R","M","R","E","M","R","B"],"character_chosen":"IRONCLAD","items_purchased":["Bandage Up"],"campfire_rested":1,"item_purchase_floors":[3],"current_hp_per_floor":[77,74,74,74,71,34,34,34,34,56,60,60,47,50,50,0,0],"gold":331,"neow_bonus":"BOSS_RELIC","is_daily":false,"chose_seed":false,"campfire_upgraded":3,"win_rate":0.0,"timestamp":1613570357,"path_taken":["M","?","$","?","M","E","M","R","T","R","M","R","E","?","R","BOSS"],"items_purchased_type":["Card"],"build_version":"2020-12-22","purchased_purges":0,"victory":false,"max_hp_per_floor":[80,74,74,74,74,74,74,74,74,74,74,74,74,77,77,77,77],"card_choices":[{"not_picked":["Havoc","Wild Strike","Sword Boomerang"],"picked":"Seeing Red","floor":1},{"not_picked":["Havoc","Anger","Impervious"],"picked":"Iron Wave","floor":5},{"not_picked":["Havoc","Combust","Twin Strike"],"picked":"Infernal Blade","floor":6},{"not_picked":["Shrug It Off","Warcry","Bloodletting"],"picked":"Disarm","floor":7},{"not_picked":["Whirlwind","Thunderclap","Body Slam"],"picked":"Intimidate","floor":11},{"not_picked":["Headbutt","Perfected Strike","Warcry"],"picked":"Feed","floor":13},{"not_picked":["Twin Strike","Havoc","Warcry"],"picked":"Cleave","floor":14}],"player_experience":531169,"relics_obtained":[{"floor":0,"key":"Ancient Tea Set"},{"floor":0,"key":"Question Card"},{"floor":0,"key":"Dead Branch"},{"floor":6,"key":"Vajra"},{"floor":9,"key":"MealTicket"},{"floor":13,"key":"CeramicFish"}],"event_choices":[{"damage_healed":0,"gold_gain":0,"player_choice":"Lose Max HP","damage_taken":0,"relics_obtained":["Golden Idol"],"max_hp_gain":0,"max_hp_loss":6,"event_name":"Golden Idol","floor":2,"gold_loss":0},{"damage_healed":0,"gold_gain":100,"player_choice":"Pray","damage_taken":0,"max_hp_gain":0,"max_hp_loss":0,"event_name":"Golden Shrine","floor":4,"gold_loss":0}],"is_beta":false,"boss_relics":[],"items_purged_floors":[],"is_endless":false,"potions_floor_spawned":[7],"killed_by":"Hexaghost","ascension_level":5}}