{"host":"oehe2dxjvdgux73m","time":1613576253,"event":{"mods":["AchievementEnabler","BaseMod","Colored Map","Colored Powertips","DeckTracker","Keyboard Shortcuts","Minty Spire (QoL Compilation)","Permanent Neow","Quick Restart","StSLib","SuperFastMode"],"gold_per_floor":[364,383,68,78,3,34,34,53,53,53,72,100,115,135,135,212,212,232,157,72,72,91,91,91],"floor_reached":23,"language":"KOR","playtime":537,"items_purged":["Strike_G"],"score":456,"play_id":"52838f71-cab5-45fb-a79a-26186131e24a","local_time":"20210218003733","is_ascension_mode":true,"campfire_choices":[{"floor":15.0,"key":"REST"}],"circlet_count":0,"master_deck":["AscendersBane","Strike_G","Strike_G","Strike_G","Defend_G","Defend_G","Defend_G","Defend_G","Defend_G","Survivor","Neutralize","Dash","Predator","Concentrate","Leg Sweep","PiercingWail","Tactician","Dagger Spray","Dagger Throw","Footwork","Noxious Fumes"],"relics":["Ring of the Snake","Pocketwatch","Tough Bandages","Question Card","Gremlin Horn","SlaversCollar","Bronze Scales"],"acts_visited":["Exordium","TheCity"],"potions_floor_usage":[],"damage_taken":[{"damage":3.0,"enemies":"2 Louse","floor":1.0,"turns":3.0},{"damage":7.0,"enemies":"Cultist","floor":2.0,"turns":5.0},{"damage":3.0,"enemies":"Small Slimes","floor":4.0,"turns":3.0},{"damage":18.0,"enemies":"Gremlin Nob","floor":6.0,"turns":4.0},{"damage":2.0,"enemies":"2 Fungi Beasts","floor":8.0,"turns":3.0},{"damage":8.0,"enemies":"3 Louse","floor":11.0,"turns":3.0},{"damage":0.0,"enemies":"Lagavulin","floor":12.0,"turns":5.0},{"damage":5.0,"enemies":"Gremlin Gang","floor":13.0,"turns":5.0},{"damage":2.0,"enemies":"Large Slime","floor":14.0,"turns":6.0},{"damage":21.0,"enemies":"Slime Boss","floor":16.0,"turns":9.0},{"damage":15.0,"enemies":"Chosen","floor":18.0,"turns":7.0},{"damage":16,"enemies":"Spheric Guardian","floor":22,"turns":9},{"damage":20,"enemies":"Slavers","floor":23,"turns":1}],"seed_played":"-3038632702499864343","potions_obtained":[{"floor":2.0,"key":"Explosive Potion"},{"floor":4.0,"key":"LiquidMemories"},{"floor":11.0,"key":"Fire Potion"},{"floor":13.0,"key":"Fire Potion"}],"is_trial":false,"path_per_floor":["M","M","$","M","$","E","?","M","T","$","M","E","M","M","R","B",null,"M","?","?","?","M","E"],"character_chosen":"THE_SILENT","items_purchased":["Pocketwatch"],"campfire_rested":1,"item_purchase_floors":[3],"current_hp_per_floor":[56,49,49,46,46,28,28,26,26,26,18,18,13,11,29,8,47,32,32,32,32,16,0,0],"gold":91,"neow_bonus":"TWO_FIFTY_GOLD","is_daily":false,"chose_seed":false,"campfire_upgraded":0,"win_rate":0.0,"timestamp":1613576253,"path_taken":["M","M","$","M","$","E","?","?","T","$","M","E","M","M","R","BOSS","M","?","?","?","M","E"],"items_purchased_type":["Relic"],"build_version":"2020-12-22","purchased_purges":1,"victory":false,"max_hp_per_floor":[60,60,60,60,60,60,60,60,60,60,60,60,60,60,60,60,60,60,60,60,60,60,60,60],"card_choices":[{"not_picked":["Acrobatics","Bane"],"picked":"Dash","floor":1.0},{"not_picked":["Endless Agony","Flying Knee"],"picked":"Predator","floor":2.0},{"not_picked":["Skewer","Choke","Flechettes"],"picked":"SKIP","floor":4.0},{"not_picked":["Backflip","Underhanded Strike"],"picked":"Concentrate","floor":6.0},{"not_picked":["Flying Knee","Poisoned Stab","Slice"],"picked":"SKIP","floor":8.0},{"not_picked":["Phantasmal Killer","Deflect","Escape Plan"],"picked":"PiercingWail","floor":11.0},{"not_picked":["Blur","Prepared","Endless Agony"],"picked":"Tactician","floor":12.0},{"not_picked":["Bane","Escape Plan","Caltrops"],"picked":"Dagger Spray","floor":13.0},{"not_picked":["All Out Attack","Flying Knee","Deflect"],"picked":"Dagger Throw","floor":14.0},{"not_picked":["Deadly Poison+1","Deflect","Dodge and Roll"],"picked":"Footwork","floor":18.0},{"not_picked":["PiercingWail","Quick Slash","Slice"],"picked":"Noxious Fumes","floor":22}],"player_experience":474357,"relics_obtained":[{"floor":6.0,"key":"Tough Bandages"},{"floor":9.0,"key":"Question Card"},{"floor":12.0,"key":"Gremlin Horn"}],"event_choices":[{"damage_healed":0.0,"max_hp_gain":0.0,"max_hp_loss":0.0,"gold_gain":0.0,"event_name":"Match and Keep!","player_choice":"1 cards matched","floor":7.0,"gold_loss":0.0,"damage_taken":0.0,"cards_obtained":["Leg Sweep"]},{"cards_removed":["Strike_G"],"damage_healed":0.0,"max_hp_gain":0.0,"max_hp_loss":0.0,"gold_gain":0.0,"event_name":"Beggar","player_choice":"Gave Gold","floor":19.0,"gold_loss":75.0,"damage_taken":0.0},{"damage_healed":0.0,"max_hp_gain":0.0,"max_hp_loss":0.0,"gold_gain":0.0,"event_name":"Addict","player_choice":"Obtained Relic","floor":20.0,"gold_loss":85.0,"damage_taken":0.0,"relics_obtained":["Bronze Scales"]},{"damage_healed":0,"gold_gain":0,"player_choice":"Ignored","damage_taken":0,"max_hp_gain":0,"max_hp_loss":0,"event_name":"Duplicator","floor":21,"gold_loss":0}],"is_beta":false,"boss_relics":[{"not_picked":["Coffee Dripper","SacredBark"],"picked":"SlaversCollar"}],"items_purged_floors":[5],"is_endless":false,"potions_floor_spawned":[2,4,11,13],"killed_by":"Slavers","ascension_level":20}}