{"host":"ktoxvvst1mwxww91","time":1613560893,"event":{"mods":["BaseMod","Downfall","Hermit","Minty Spire (QoL Compilation)","StSLib","The Hierophant","The Necromancer"],"gold_per_floor":[116,41,41,41,54,90,114,128,183,222,243,281,281,281,281,402,402,415,171,96,58,74,74,117,117,117,160,173,197,233,358,358,488,488,507,507,570,594,83,83,83,118,118,153,3,28,46,61,61,61],"floor_reached":51,"language":"ENG","playtime":1841,"items_purged":["Strike_R","Strike_R","Strike_R","Decay"],"score":1325,"play_id":"092fbf0c-1fdd-4fe6-b0cf-556339b57815","local_time":"20210217122133","is_ascension_mode":true,"campfire_choices":[{"data":"Carnage","floor":13.0,"key":"SMITH"},{"data":"Body Slam","floor":15.0,"key":"SMITH"},{"data":"Reaper","floor":23,"key":"SMITH"},{"data":"Clothesline","floor":25,"key":"SMITH"},{"data":"Bash","floor":32,"key":"SMITH"},{"data":"Battle Trance","floor":40,"key":"SMITH"},{"data":"Ghostly Armor","floor":49,"key":"SMITH"}],"circlet_count":0,"master_deck":["AscendersBane","Strike_R","Defend_R","Defend_R","Defend_R","Defend_R","Bash+1","Body Slam+1","Carnage+1","Thunderclap","Clothesline+1","Reaper+1","Wild Strike","Headbutt","Shrug It Off","CurseOfTheBell","CurseOfTheBell","Fiend Fire+1","Feed+1","Metallicize+1","Shrug It Off+1","Sever Soul+1","Warcry+1","Reaper+1","Pummel+1","Feel No Pain+1","Reckless Charge+1","True Grit+1","Demon Form+1","Dark Embrace+1","Anger+1","Reckless Charge+1","Battle Trance+1","Fire Breathing+1","Bandage Up","Ghostly Armor+1","Pommel Strike+1","Ghostly Armor+1","Carnage+1"],"relics":["Burning Blood","NeowsBlessing","Golden Idol","HornCleat","MealTicket","Boot","Slimebound:PreparedRelic","Torii","downfall:ExtraCursedBell","Slimebound:StickyStick","Molten Egg 2","Prayer Wheel","Runic Pyramid","Bronze Scales","hexamod:BolsterEngine","Frozen Egg 2","Turnip","StoneCalendar","hexamod:Sixitude","Mummified Hand","Sozu","Champion Belt","Blood Vial","TheAbacus","Lantern","Orichalcum","Omamori"],"acts_visited":["Exordium","TheCity","TheBeyond"],"potions_floor_usage":[16,22,24,28,31,33],"damage_taken":[{"damage":0.0,"enemies":"2 Louse","floor":1.0,"turns":1.0},{"damage":0.0,"enemies":"Small Slimes","floor":5.0,"turns":1.0},{"damage":0.0,"enemies":"Gremlin Nob","floor":6.0,"turns":1.0},{"damage":12.0,"enemies":"Jaw Worm","floor":7.0,"turns":2.0},{"damage":11.0,"enemies":"Lots of Slimes","floor":8.0,"turns":5.0},{"damage":20.0,"enemies":"3 Sentries","floor":10.0,"turns":7.0},{"damage":1.0,"enemies":"Exordium Wildlife","floor":11.0,"turns":3.0},{"damage":10.0,"enemies":"Gremlin Nob","floor":12.0,"turns":4.0},{"damage":18,"enemies":"Hexaghost","floor":16,"turns":9},{"damage":0,"enemies":"Spheric Guardian","floor":18,"turns":3},{"damage":17,"enemies":"3 Byrds","floor":22,"turns":3},{"damage":10,"enemies":"Book of Stabbing","floor":24,"turns":3},{"damage":23,"enemies":"Slavers","floor":27,"turns":4},{"damage":21,"enemies":"Centurion and Healer","floor":28,"turns":6},{"damage":17,"enemies":"Snake Plant","floor":29,"turns":3},{"damage":20,"enemies":"Gremlin Leader","floor":30,"turns":6},{"damage":6,"enemies":"Colosseum Slavers","floor":31,"turns":4},{"damage":1,"enemies":"Colosseum Nobs","floor":31,"turns":4},{"damage":66,"enemies":"Collector","floor":33,"turns":8},{"damage":13,"enemies":"3 Shapes","floor":35,"turns":6},{"damage":0,"enemies":"Mind Bloom Boss Battle","floor":37,"turns":4},{"damage":0,"enemies":"Orb Walker","floor":38,"turns":3},{"damage":0,"enemies":"Reptomancer","floor":42,"turns":5},{"damage":16,"enemies":"Nemesis","floor":44,"turns":5},{"damage":0,"enemies":"Maw","floor":46,"turns":5},{"damage":26,"enemies":"Sphere and 2 Shapes","floor":47,"turns":5},{"damage":1,"enemies":"Transient","floor":48,"turns":5},{"damage":60,"enemies":"Awakened One","floor":50,"turns":11}],"seed_played":"1722546333774340767","potions_obtained":[{"floor":8.0,"key":"LiquidMemories"},{"floor":10.0,"key":"AttackPotion"},{"floor":12.0,"key":"Strength Potion"},{"floor":16,"key":"EssenceOfSteel"},{"floor":22,"key":"champ:CounterPotion"},{"floor":28,"key":"Fruit Juice"},{"floor":29,"key":"DistilledChaos"},{"floor":31,"key":"FearPotion"}],"is_trial":false,"path_per_floor":["M","$","?","?","M","E","M","M","T","E","M","E","R","?","R","B",null,"M","$","?","$","M","R","E","R","T","E","M","M","E","?","R","B",null,"M","?","?","M","$","R","?","E","T","E","$","M","M","M","R","B",null],"character_chosen":"IRONCLAD","items_purchased":["Bronze Scales","Sever Soul+1","Fire Breathing+1","Blood Vial","TheAbacus"],"campfire_rested":0,"item_purchase_floors":[19,21,39,39,39],"current_hp_per_floor":[78,78,74,62,68,74,68,63,63,60,72,68,68,68,68,56,70,74,74,74,74,69,69,65,65,65,63,63,61,65,85,85,27,72,90,86,86,86,86,86,86,86,86,86,86,86,70,90,90,44],"gold":61,"neow_bonus":"THREE_ENEMY_KILL","is_daily":false,"chose_seed":false,"campfire_upgraded":7,"win_rate":0.0,"timestamp":1613560893,"path_taken":["M","$","?","?","M","E","M","M","T","E","M","E","R","?","R","BOSS","M","$","?","$","M","R","E","R","T","E","M","M","E","?","R","BOSS","M","?","?","M","$","R","?","E","T","E","?","?","M","M","R","BOSS"],"items_purchased_type":["Relic","Card","Card","Relic","Relic"],"build_version":"2020-12-22","purchased_purges":4,"victory":true,"max_hp_per_floor":[80,80,74,74,74,74,74,74,74,74,74,74,74,74,74,74,74,74,74,74,74,78,78,78,78,78,78,87,87,87,87,87,87,87,91,86,86,86,86,86,86,86,86,86,86,86,90,90,90,94],"card_choices":[{"not_picked":["Rage","Burning Pact"],"picked":"Body Slam","floor":1.0},{"not_picked":["Anger","Power Through"],"picked":"Carnage","floor":5.0},{"not_picked":["Burning Pact","Searing Blow"],"picked":"Thunderclap","floor":6.0},{"not_picked":["Searing Blow","Metallicize"],"picked":"Clothesline","floor":7.0},{"not_picked":["Wild Strike","Iron Wave"],"picked":"Reaper","floor":8.0},{"not_picked":["Burning Pact","Headbutt"],"picked":"Wild Strike","floor":10.0},{"not_picked":["Perfected Strike","Flex"],"picked":"Headbutt","floor":11.0},{"not_picked":["Bludgeon","Heavy Blade"],"picked":"Shrug It Off","floor":12.0},{"not_picked":["Juggernaut","Exhume"],"picked":"Feed+1","floor":16},{"not_picked":["Body Slam+1","Warcry+1"],"picked":"Metallicize+1","floor":18},{"not_picked":["Armaments","Warcry"],"picked":"Shrug It Off+1","floor":18},{"not_picked":["Clash+1","Combust"],"picked":"Warcry+1","floor":22},{"not_picked":["Flex","Second Wind","Thunderclap+1"],"picked":"SKIP","floor":22},{"not_picked":["Impervious","Cleave+1"],"picked":"Reaper+1","floor":24},{"not_picked":["Bloodletting","Clash+1","Brutality+1"],"picked":"SKIP","floor":27},{"not_picked":["Flex+1","Sever Soul+1"],"picked":"Pummel+1","floor":28},{"not_picked":["Whirlwind+1","Perfected Strike+1"],"picked":"Feel No Pain+1","floor":28},{"not_picked":["Clothesline+1","Heavy Blade+1"],"picked":"Reckless Charge+1","floor":29},{"not_picked":["Power Through","Uppercut+1"],"picked":"True Grit+1","floor":29},{"not_picked":["Havoc","Brutality+1","True Grit"],"picked":"SKIP","floor":30},{"not_picked":["Limit Break","Impervious"],"picked":"Demon Form+1","floor":33},{"not_picked":["Thunderclap+1","Iron Wave+1"],"picked":"Dark Embrace+1","floor":35},{"not_picked":["Twin Strike+1","Headbutt+1"],"picked":"Anger+1","floor":35},{"not_picked":["Headbutt+1","Flex+1"],"picked":"Reckless Charge+1","floor":37},{"not_picked":["True Grit","Body Slam+1"],"picked":"Battle Trance","floor":38},{"not_picked":["Headbutt+1","Rampage+1","Intimidate"],"picked":"SKIP","floor":38},{"not_picked":["Dark Shackles","Finesse"],"picked":"Bandage Up","floor":41},{"not_picked":["Pummel+1","Heavy Blade+1"],"picked":"Ghostly Armor","floor":42},{"not_picked":["Blood for Blood+1","Battle Trance"],"picked":"Pommel Strike+1","floor":44},{"not_picked":["Dark Embrace+1","Barricade+1","Infernal Blade"],"picked":"SKIP","floor":46},{"not_picked":["Sword Boomerang+1","Searing Blow+1","Bloodletting"],"picked":"SKIP","floor":46},{"not_picked":["Clash+1","Body Slam+1"],"picked":"Ghostly Armor+1","floor":47},{"not_picked":["Carnage+1","Clothesline+1","Rupture+1"],"picked":"SKIP","floor":47},{"not_picked":["Warcry+1","Second Wind+1"],"picked":"Carnage+1","floor":48},{"not_picked":["Twin Strike+1","Havoc+1","Rampage+1"],"picked":"SKIP","floor":48}],"player_experience":1177577,"relics_obtained":[{"floor":6.0,"key":"MealTicket"},{"floor":9.0,"key":"Boot"},{"floor":10.0,"key":"Slimebound:PreparedRelic"},{"floor":12.0,"key":"Torii"},{"floor":14.0,"key":"Slimebound:StickyStick"},{"floor":14.0,"key":"Molten Egg 2"},{"floor":14.0,"key":"Prayer Wheel"},{"floor":24,"key":"hexamod:BolsterEngine"},{"floor":26,"key":"Frozen Egg 2"},{"floor":27,"key":"Turnip"},{"floor":30,"key":"StoneCalendar"},{"floor":31,"key":"hexamod:Sixitude"},{"floor":31,"key":"Mummified Hand"},{"floor":37,"key":"Champion Belt"},{"floor":42,"key":"Lantern"},{"floor":43,"key":"Orichalcum"},{"floor":44,"key":"Omamori"}],"event_choices":[{"damage_healed":0.0,"max_hp_gain":0.0,"max_hp_loss":6.0,"gold_gain":0.0,"event_name":"Golden Idol","player_choice":"Lose Max HP","floor":3.0,"gold_loss":0.0,"damage_taken":0.0,"relics_obtained":["Golden Idol"]},{"damage_healed":0.0,"max_hp_gain":0.0,"max_hp_loss":0.0,"gold_gain":0.0,"event_name":"Scrap Ooze","player_choice":"Success","floor":4.0,"gold_loss":0.0,"damage_taken":12.0,"relics_obtained":["HornCleat"]},{"cards_removed":["Strike_R"],"damage_healed":0,"gold_gain":0,"player_choice":"Gave Gold","damage_taken":0,"max_hp_gain":0,"max_hp_loss":0,"event_name":"Beggar","floor":20,"gold_loss":75},{"damage_healed":0,"gold_gain":0,"player_choice":"Fight","damage_taken":0,"max_hp_gain":0,"max_hp_loss":0,"event_name":"Colosseum","floor":31,"gold_loss":0},{"damage_healed":0,"gold_gain":0,"player_choice":"Fought Nobs","damage_taken":0,"max_hp_gain":0,"max_hp_loss":0,"event_name":"Colosseum","floor":31,"gold_loss":0},{"damage_healed":0,"gold_gain":0,"player_choice":"Max HP","damage_taken":0,"max_hp_gain":0,"max_hp_loss":5,"event_name":"Winding Halls","floor":36,"gold_loss":0},{"damage_healed":0,"gold_gain":0,"player_choice":"Fight","damage_taken":0,"max_hp_gain":0,"max_hp_loss":0,"event_name":"MindBloom","floor":37,"gold_loss":0},{"damage_healed":0,"gold_gain":0,"player_choice":"Memory 1","damage_taken":0,"max_hp_gain":0,"max_hp_loss":0,"event_name":"SensoryStone","floor":41,"gold_loss":0}],"is_beta":false,"boss_relics":[{"not_picked":["Philosopher\u0027s Stone","Astrolabe"],"picked":"Runic Pyramid"},{"not_picked":["Runic Dome","Runic Cube"],"picked":"Sozu"}],"items_purged_floors":[2,19,39,45],"is_endless":false,"potions_floor_spawned":[8,10,12,16,22,28,29,31,35,38,44,46],"ascension_level":10}}