{"host":"7yuv8uj1t8ip67ez","time":1613520352,"event":{"mods":["BaseMod","Best Route Mod","Bestiary","Block Reminder","Colored Map","Colored Powertips","Curses Come First","DeckTracker","Highlight Path","Keyboard Shortcuts","Minty Spire (QoL Compilation)","Potion Indicator Mod","Quick Restart","Random Character Button","Relic Sorter","StSLib"],"gold_per_floor":[109,284,284,300,315,315,331,360,360,360,377,406,406,438,438,540,540,555,555,571,87,104,104,132,132,132,160,172,185,204,217,217,217,217],"floor_reached":33,"language":"ENG","playtime":2688,"items_purged":["Strike_P"],"score":380,"play_id":"f5b8df44-def5-44f7-b475-d9b4554f5a61","local_time":"20210216160552","is_ascension_mode":true,"campfire_choices":[{"data":"PathToVictory","floor":6,"key":"SMITH"},{"data":"Consecrate","floor":10,"key":"SMITH"},{"data":"Vigilance","floor":13,"key":"SMITH"},{"floor":15,"key":"REST"},{"floor":23,"key":"RECALL"},{"floor":25,"key":"REST"},{"floor":32,"key":"REST"}],"circlet_count":0,"master_deck":["Strike_P+1","Strike_P","Strike_P+1","Defend_P","Defend_P","Defend_P+1","Defend_P","Eruption","Vigilance+1","PathToVictory+1","WindmillStrike","Consecrate+1","FollowUp+1","Halt","CrushJoints","SandsOfTime","EmptyBody+1","LessonLearned+1","PathToVictory+1","DeceiveReality","CarveReality","FlurryOfBlows+1","LikeWater+1","EmptyFist","PathToVictory","ConjureBlade"],"relics":["PureWater","Frozen Egg 2","Pear","Mercury Hourglass","Ancient Tea Set","Fusion Hammer","Blood Vial","HornCleat","StrikeDummy","Happy Flower"],"acts_visited":["Exordium","TheCity"],"potions_floor_usage":[8,14,24,24,33,33],"damage_taken":[{"damage":6,"enemies":"Small Slimes","floor":1,"turns":4},{"damage":0,"enemies":"Cultist","floor":4,"turns":3},{"damage":0,"enemies":"Jaw Worm","floor":5,"turns":4},{"damage":0,"enemies":"2 Fungi Beasts","floor":7,"turns":2},{"damage":15,"enemies":"Gremlin Nob","floor":8,"turns":4},{"damage":4,"enemies":"Looter","floor":11,"turns":3},{"damage":17,"enemies":"Lagavulin","floor":12,"turns":7},{"damage":18,"enemies":"Gremlin Nob","floor":14,"turns":4},{"damage":25,"enemies":"Hexaghost","floor":16,"turns":9},{"damage":0,"enemies":"3 Byrds","floor":18,"turns":4},{"damage":13,"enemies":"Shell Parasite","floor":20,"turns":4},{"damage":5,"enemies":"Cultist and Chosen","floor":22,"turns":5},{"damage":8,"enemies":"Slavers","floor":24,"turns":7},{"damage":35,"enemies":"Gremlin Leader","floor":27,"turns":7},{"damage":8,"enemies":"Snake Plant","floor":28,"turns":3},{"damage":0,"enemies":"Snecko","floor":29,"turns":3},{"damage":12,"enemies":"Cultist and Chosen","floor":30,"turns":3},{"damage":17,"enemies":"3 Cultists","floor":31,"turns":5},{"damage":55,"enemies":"Collector","floor":33,"turns":6}],"seed_played":"-7160673452255234048","potions_obtained":[{"floor":5,"key":"Weak Potion"},{"floor":8,"key":"Fire Potion"},{"floor":11,"key":"PowerPotion"},{"floor":18,"key":"Block Potion"},{"floor":28,"key":"ColorlessPotion"},{"floor":30,"key":"SmokeBomb"}],"is_trial":false,"path_per_floor":["M","?","?","M","M","R","M","E","T","R","M","E","R","E","R","B",null,"M","?","M","$","M","R","E","R","T","E","M","M","M","M","R","B"],"character_chosen":"WATCHER","items_purchased":["PathToVictory","DeceiveReality","CarveReality","Blood Vial","CultistPotion"],"campfire_rested":3,"item_purchase_floors":[21,21,21,21,21],"current_hp_per_floor":[73,73,73,73,73,73,73,58,68,68,64,47,47,29,55,30,89,89,89,76,76,73,73,67,89,89,54,48,50,40,25,51,0,0],"gold":217,"neow_bonus":"TEN_PERCENT_HP_BONUS","is_daily":false,"chose_seed":false,"campfire_upgraded":3,"win_rate":0.0,"timestamp":1613520352,"path_taken":["M","?","?","M","M","R","M","E","T","R","M","E","R","E","R","BOSS","M","?","M","$","?","R","E","R","T","E","M","M","M","?","R","BOSS"],"items_purchased_type":["Card","Card","Card","Relic","Potion"],"build_version":"2020-12-22","purchased_purges":1,"victory":false,"max_hp_per_floor":[79,79,79,79,79,79,79,79,89,89,89,89,89,89,89,89,89,89,89,89,89,89,89,89,89,89,89,89,89,89,89,89,89,89],"card_choices":[{"not_picked":["InnerPeace","WindmillStrike"],"picked":"PathToVictory","floor":1},{"not_picked":["FlyingSleeves","Nirvana"],"picked":"WindmillStrike","floor":4},{"not_picked":["Sanctity","JustLucky"],"picked":"Consecrate","floor":5},{"not_picked":["Halt","FlyingSleeves"],"picked":"FollowUp","floor":7},{"not_picked":["MasterReality+1","Protect"],"picked":"Halt","floor":8},{"not_picked":["Consecrate","Wallop"],"picked":"CrushJoints","floor":11},{"not_picked":["EmptyFist","Fasting2+1"],"picked":"SandsOfTime","floor":12},{"not_picked":["Prostrate","EmptyFist"],"picked":"EmptyBody","floor":14},{"not_picked":["Ragnarok","DevaForm+1"],"picked":"LessonLearned","floor":16},{"not_picked":["Crescendo","CrushJoints","Worship"],"picked":"SKIP","floor":18},{"not_picked":["ClearTheMind+1","FlyingSleeves","JustLucky"],"picked":"SKIP","floor":20},{"not_picked":["Nirvana+1","Meditate"],"picked":"FlurryOfBlows","floor":22},{"not_picked":["FlyingSleeves","FollowUp"],"picked":"LikeWater+1","floor":24},{"not_picked":["BowlingBash","LessonLearned"],"picked":"EmptyFist","floor":27},{"not_picked":["Weave","CarveReality+1","Collect"],"picked":"SKIP","floor":28},{"not_picked":["ClearTheMind","Prostrate","FlyingSleeves+1"],"picked":"SKIP","floor":29},{"not_picked":["SashWhip+1","FlurryOfBlows+1"],"picked":"PathToVictory","floor":30},{"not_picked":["WheelKick","EmptyFist"],"picked":"ConjureBlade","floor":31}],"player_experience":493179,"relics_obtained":[{"floor":8,"key":"Frozen Egg 2"},{"floor":9,"key":"Pear"},{"floor":12,"key":"Mercury Hourglass"},{"floor":14,"key":"Ancient Tea Set"},{"floor":24,"key":"HornCleat"},{"floor":26,"key":"StrikeDummy"},{"floor":27,"key":"Happy Flower"}],"event_choices":[{"damage_healed":0,"gold_gain":175,"player_choice":"AGREE","damage_taken":0,"max_hp_gain":0,"max_hp_loss":0,"event_name":"Liars Game","floor":2,"gold_loss":0,"cards_obtained":["Doubt"]},{"cards_removed":["Doubt"],"damage_healed":0,"gold_gain":0,"player_choice":"Forget","damage_taken":0,"max_hp_gain":0,"max_hp_loss":0,"event_name":"Living Wall","floor":3,"gold_loss":0},{"damage_healed":0,"gold_gain":0,"player_choice":"Ignored","damage_taken":0,"max_hp_gain":0,"max_hp_loss":0,"event_name":"N\u0027loth","floor":19,"gold_loss":0}],"is_beta":false,"boss_relics":[{"not_picked":["Black Star","SlaversCollar"],"picked":"Fusion Hammer"}],"items_purged_floors":[21],"is_endless":false,"potions_floor_spawned":[5,8,11,18,22,28,30],"killed_by":"Collector","ascension_level":3}}