{"host":"o7j6aatxjwpw1421","time":1613588262,"event":{"mods":["2.2 Compatiblity","AchievementEnabler","BaseMod","Colored Map","DeckTracker","Highlight Path","Keyboard Shortcuts","Minty Spire (QoL Compilation)","Permanent Neow","Quick Restart","StSLib","SuperFastMode","everything is the same but u backflip on backflip"],"gold_per_floor":[113,38,56,56,6,6,6,38,65,76,86,100,100,115,115,115,115],"floor_reached":16,"language":"KOR","playtime":309,"items_purged":["Strike_P"],"score":102,"play_id":"09534170-2c7e-4c22-8cfc-012960ab94ac","local_time":"20210218035742","is_ascension_mode":false,"campfire_choices":[{"data":"Eruption","floor":6,"key":"SMITH"},{"floor":13,"key":"REST"},{"data":"Vault","floor":15,"key":"SMITH"}],"circlet_count":0,"master_deck":["Strike_P","Strike_P","Strike_P","Defend_P","Defend_P","Defend_P","Eruption+1","Vigilance","Vault+1","CrushJoints","Halt","MentalFortress","EmptyBody"],"relics":["PureWater","Turnip","Omamori"],"acts_visited":["Exordium"],"potions_floor_usage":[],"damage_taken":[{"damage":0,"enemies":"Small Slimes","floor":1,"turns":5},{"damage":1,"enemies":"Jaw Worm","floor":3,"turns":2},{"damage":38,"enemies":"3 Sentries","floor":8,"turns":11},{"damage":0,"enemies":"Cultist","floor":10,"turns":3},{"damage":7,"enemies":"Blue Slaver","floor":11,"turns":2},{"damage":5,"enemies":"2 Fungi Beasts","floor":12,"turns":4},{"damage":0,"enemies":"Looter","floor":14,"turns":3},{"damage":25,"enemies":"Slime Boss","floor":16,"turns":6}],"seed_played":"5620415297118086148","potions_obtained":[{"floor":8,"key":"Weak Potion"},{"floor":11,"key":"FairyPotion"},{"floor":12,"key":"StancePotion"}],"is_trial":false,"path_per_floor":["M","$","M","?","?","R","?","E","T","M","M","M","R","M","R","B"],"character_chosen":"WATCHER","items_purchased":[],"campfire_rested":1,"item_purchase_floors":[],"current_hp_per_floor":[72,72,71,71,71,71,71,33,33,33,26,21,42,42,42,17,17],"gold":115,"neow_bonus":"ONE_RANDOM_RARE_CARD","is_daily":false,"chose_seed":false,"campfire_upgraded":2,"win_rate":0.0,"timestamp":1613588262,"path_taken":["M","$","M","?","?","R","?","E","T","M","M","M","R","M","R","BOSS"],"items_purchased_type":[],"build_version":"2020-12-22","purchased_purges":1,"victory":false,"max_hp_per_floor":[72,72,72,72,72,72,72,72,72,72,72,72,72,72,72,72,72],"card_choices":[{"not_picked":["ClearTheMind","Crescendo"],"picked":"CrushJoints","floor":1},{"not_picked":["Evaluate","BowlingBash","FlyingSleeves"],"picked":"SKIP","floor":3},{"not_picked":["WreathOfFlame","Halt"],"picked":"MentalFortress","floor":8},{"not_picked":["FlurryOfBlows","CrushJoints"],"picked":"EmptyBody","floor":10},{"not_picked":["Prostrate","JustLucky","DeceiveReality"],"picked":"SKIP","floor":11},{"not_picked":["PathToVictory","ThirdEye","SashWhip"],"picked":"SKIP","floor":12},{"not_picked":["SashWhip","CarveReality","Alpha"],"picked":"SKIP","floor":14}],"player_experience":624260,"relics_obtained":[{"floor":8,"key":"Turnip"},{"floor":9,"key":"Omamori"}],"event_choices":[{"damage_healed":0,"gold_gain":0,"player_choice":"Ignored","damage_taken":0,"max_hp_gain":0,"max_hp_loss":0,"event_name":"Liars Game","floor":4,"gold_loss":0},{"cards_removed":["Defend_P"],"damage_healed":0,"gold_gain":0,"player_choice":"Card Removal","damage_taken":0,"max_hp_gain":0,"max_hp_loss":0,"event_name":"The Cleric","floor":5,"gold_loss":50},{"damage_healed":0,"gold_gain":0,"player_choice":"1 cards matched","damage_taken":0,"max_hp_gain":0,"max_hp_loss":0,"event_name":"Match and Keep!","floor":7,"gold_loss":0,"cards_obtained":["Halt"]}],"is_beta":false,"boss_relics":[],"items_purged_floors":[2],"is_endless":false,"potions_floor_spawned":[8,11,12],"killed_by":"Slime Boss","ascension_level":0}}