{"host":"yml0ux6c8lqydjlc","time":1613523232,"event":{"mods":["Aspiration","BaseMod","Conspire","Downfall","Hermit","Jedi Mod","Minty Spire (QoL Compilation)","Robot Space Explorer","StSLib"],"gold_per_floor":[119,134,154,154,9,9,35,35,35,54,154,171,71,89,89,89,89],"floor_reached":16,"language":"ENG","playtime":906,"items_purged":["Defend_G","Strike_G"],"score":92,"play_id":"28c60af2-d175-4a0e-9c3f-0f0ee5bb700a","local_time":"20210216195352","is_ascension_mode":false,"campfire_choices":[{"data":"Corpse Explosion","floor":6,"key":"SMITH"},{"data":"Dagger Throw","floor":8,"key":"SMITH"},{"data":"Backstab","floor":15,"key":"SMITH"}],"circlet_count":0,"master_deck":["Strike_G","Strike_G+1","Strike_G+1","Defend_G","Defend_G","Defend_G","Defend_G","Survivor","Neutralize","Backflip","Outmaneuver","Dagger Throw+1","Backflip","Corpse Explosion+1","Blade Dance","Backstab+1","Cloak And Dagger"],"relics":["Ring of the Snake","Anchor","Whetstone"],"acts_visited":["Exordium"],"potions_floor_usage":[],"damage_taken":[{"damage":0,"enemies":"2 Louse","floor":1,"turns":3},{"damage":1,"enemies":"Jaw Worm","floor":2,"turns":8},{"damage":5,"enemies":"conspire:RoseBush","floor":3,"turns":4},{"damage":5,"enemies":"Gremlin Gang","floor":10,"turns":4},{"damage":2,"enemies":"Looter","floor":12,"turns":3},{"damage":2,"enemies":"Large Slime","floor":14,"turns":4},{"damage":64,"enemies":"The Guardian","floor":16,"turns":9}],"seed_played":"-4934731498407433717","potions_obtained":[{"floor":1,"key":"EssenceOfSteel"},{"floor":14,"key":"Guardian:BlockOnCardUsePotion"}],"is_trial":false,"path_per_floor":["M","M","M","?","$","R","T","R","T","M","?","M","$","M","R","B"],"character_chosen":"THE_SILENT","items_purchased":["Corpse Explosion"],"campfire_rested":0,"item_purchase_floors":[5],"current_hp_per_floor":[77,76,71,71,71,71,71,71,71,66,66,64,64,62,62,0,0],"gold":89,"neow_bonus":"TEN_PERCENT_HP_BONUS","is_daily":false,"chose_seed":false,"campfire_upgraded":3,"win_rate":0.0,"timestamp":1613523232,"path_taken":["M","M","M","?","$","R","?","R","T","?","?","M","$","M","R","BOSS"],"items_purchased_type":["Card"],"build_version":"2020-12-22","purchased_purges":2,"victory":false,"max_hp_per_floor":[77,77,77,77,77,77,77,77,77,77,77,77,77,77,77,77,77],"card_choices":[{"not_picked":["Caltrops","Finisher"],"picked":"Backflip","floor":1},{"not_picked":["Infinite Blades","Well Laid Plans"],"picked":"Outmaneuver","floor":2},{"not_picked":["Dodge and Roll","Footwork"],"picked":"Dagger Throw","floor":3},{"not_picked":["Expertise","Dodge and Roll"],"picked":"Blade Dance","floor":10},{"not_picked":["Backflip","PiercingWail"],"picked":"Backstab","floor":12},{"not_picked":["Sucker Punch","Prepared"],"picked":"Cloak And Dagger","floor":14}],"player_experience":98929,"relics_obtained":[{"floor":7,"key":"Anchor"},{"floor":9,"key":"Whetstone"}],"event_choices":[{"damage_healed":0,"gold_gain":0,"cards_transformed":["Strike_G"],"player_choice":"Change","damage_taken":0,"max_hp_gain":0,"max_hp_loss":0,"event_name":"Living Wall","floor":4,"gold_loss":0,"cards_obtained":["Backflip"]},{"damage_healed":0,"gold_gain":100,"player_choice":"Pray","damage_taken":0,"max_hp_gain":0,"max_hp_loss":0,"event_name":"Golden Shrine","floor":11,"gold_loss":0}],"is_beta":false,"boss_relics":[],"items_purged_floors":[5,13],"is_endless":false,"potions_floor_spawned":[1,14],"killed_by":"The Guardian","ascension_level":0}}