{"host":"72n3jwtrlpjobydj","time":1613571337,"event":{"mods":["AchievementEnabler","BaseMod","CapriCore","DeckTracker","Hermit","Koishi","KomeijiMod","Lobotomy","Marisa£¨Ùöéë¡¡Øª×âÞÞ£©","Minty Spire (QoL Compilation)","Permanent Neow","StSLib","SuperFastMode","The Cursed","The Hierophant","The Immortal"],"gold_per_floor":[115,133,144,16,32,32,65,65,65,78,78,78,111,127,127,127,127],"floor_reached":16,"language":"KOR","playtime":596,"items_purged":[],"score":112,"play_id":"a5f3e2ee-9c0e-4aa5-b2bd-d088b799ee70","local_time":"20210217231537","is_ascension_mode":false,"campfire_choices":[{"floor":6,"key":"REST"},{"floor":8,"key":"REST"},{"floor":15,"key":"REST"}],"circlet_count":0,"master_deck":["Strike_R+1","Strike_R","Strike_R","Strike_R","Strike_R","Defend_R","Defend_R","Defend_R","Bash","Shrug It Off","Entrench","Iron Wave+1","Armaments","Barricade"],"relics":["Burning Blood","NeowsBlessing","Whetstone","Anchor","Matryoshka"],"acts_visited":["Exordium"],"potions_floor_usage":[13],"damage_taken":[{"damage":0,"enemies":"Small Slimes","floor":1,"turns":1},{"damage":0,"enemies":"2 Louse","floor":2,"turns":1},{"damage":0,"enemies":"Cultist","floor":3,"turns":1},{"damage":35,"enemies":"Large Slime","floor":5,"turns":11},{"damage":44,"enemies":"3 Sentries","floor":7,"turns":14},{"damage":2,"enemies":"Blue Slaver","floor":10,"turns":4},{"damage":27,"enemies":"Gremlin Nob","floor":13,"turns":5},{"damage":1,"enemies":"2 Fungi Beasts","floor":14,"turns":4},{"damage":78,"enemies":"Hexaghost","floor":16,"turns":16}],"seed_played":"-5439894854054335007","potions_obtained":[{"floor":3,"key":"SpeedPotion"},{"floor":5,"key":"GamblersBrew"}],"is_trial":false,"path_per_floor":["M","M","M","$","M","R","E","R","T","M","?","?","E","M","R","B"],"character_chosen":"IRONCLAD","items_purchased":["Entrench","Iron Wave"],"campfire_rested":3,"item_purchase_floors":[4,4],"current_hp_per_floor":[80,80,80,80,51,75,37,61,61,65,65,65,44,49,73,0,0],"gold":127,"neow_bonus":"THREE_ENEMY_KILL","is_daily":false,"chose_seed":false,"campfire_upgraded":0,"win_rate":0.0,"timestamp":1613571337,"path_taken":["M","M","M","$","M","R","E","R","T","M","?","?","E","M","R","BOSS"],"items_purchased_type":["Card","Card"],"build_version":"2020-12-22","purchased_purges":0,"victory":false,"max_hp_per_floor":[80,80,80,80,80,80,80,80,80,80,80,80,80,80,80,80,80],"card_choices":[{"not_picked":["Bloodletting","True Grit"],"picked":"Shrug It Off","floor":1},{"not_picked":["Second Wind","Heavy Blade","Dark Embrace"],"picked":"SKIP","floor":2},{"not_picked":["Twin Strike","Heavy Blade","Clothesline"],"picked":"SKIP","floor":3},{"not_picked":["Twin Strike","Seeing Red","Dual Wield"],"picked":"SKIP","floor":5},{"not_picked":["Cleave","Clash"],"picked":"Armaments","floor":7},{"not_picked":["Sword Boomerang","Shockwave","Seeing Red"],"picked":"SKIP","floor":10},{"not_picked":["Blood for Blood","Flex"],"picked":"Barricade","floor":13},{"not_picked":["Clothesline","Sword Boomerang","Shockwave"],"picked":"SKIP","floor":14}],"player_experience":66026,"relics_obtained":[{"floor":7,"key":"Whetstone"},{"floor":9,"key":"Anchor"},{"floor":13,"key":"Matryoshka"}],"event_choices":[{"damage_healed":0,"gold_gain":0,"player_choice":"Ignored","damage_taken":0,"max_hp_gain":0,"max_hp_loss":0,"event_name":"Liars Game","floor":11,"gold_loss":0},{"cards_removed":["Defend_R"],"damage_healed":0,"gold_gain":0,"player_choice":"Purged","damage_taken":0,"max_hp_gain":0,"max_hp_loss":0,"event_name":"Purifier","floor":12,"gold_loss":0}],"is_beta":false,"boss_relics":[],"items_purged_floors":[],"is_endless":false,"potions_floor_spawned":[3,5],"killed_by":"Hexaghost","ascension_level":0}}