{"host":"k919bq8mkuzdqhzi","time":1613529382,"event":{"mods":["AchievementEnabler","BaseMod","Colored Map","Colored Powertips","DeckTracker","Minty Spire (QoL Compilation)","Relic Sorter","SuperFastMode"],"gold_per_floor":[110,110,135,158,171,171,214,214,214,233,233,252,275,275,275,396,396,396],"floor_reached":17,"language":"ENG","playtime":497,"items_purged":[],"score":159,"play_id":"3af747af-21f9-4c0d-b960-9f38affd82d1","local_time":"20210216213622","is_ascension_mode":false,"campfire_choices":[{"data":"Armaments","floor":6,"key":"SMITH"},{"data":"Body Slam","floor":8,"key":"SMITH"},{"data":"Whirlwind","floor":11,"key":"SMITH"},{"data":"Shockwave","floor":15,"key":"SMITH"}],"circlet_count":0,"master_deck":["Strike_R","Strike_R","Strike_R","Strike_R","Strike_R","Defend_R","Defend_R","Defend_R","Defend_R","Bash","Flex","Injury","Cleave","Whirlwind+1","Armaments+1","Body Slam+1","Spot Weakness","Shrug It Off","Shockwave+1","Bludgeon"],"relics":["Burning Blood","Golden Idol","Matryoshka","Toy Ornithopter","Ice Cream","Mark of Pain"],"acts_visited":["Exordium","TheCity"],"potions_floor_usage":[7,16],"damage_taken":[{"damage":14,"enemies":"Small Slimes","floor":1,"turns":4},{"damage":3,"enemies":"2 Louse","floor":3,"turns":3},{"damage":6,"enemies":"Jaw Worm","floor":4,"turns":3},{"damage":0,"enemies":"3 Louse","floor":5,"turns":1},{"damage":17,"enemies":"3 Sentries","floor":7,"turns":5},{"damage":10,"enemies":"Exordium Thugs","floor":10,"turns":3},{"damage":15,"enemies":"Gremlin Gang","floor":12,"turns":4},{"damage":9,"enemies":"2 Fungi Beasts","floor":13,"turns":2},{"damage":28,"enemies":"Slime Boss","floor":16,"turns":11}],"seed_played":"3308146990252336873","potions_obtained":[{"floor":4,"key":"Explosive Potion"},{"floor":12,"key":"LiquidMemories"},{"floor":13,"key":"Block Potion"},{"floor":16,"key":"Ancient Potion"}],"is_trial":false,"path_per_floor":["M","?","M","M","M","R","E","R","T","M","R","M","M","?","R","B",null],"character_chosen":"IRONCLAD","items_purchased":[],"campfire_rested":0,"item_purchase_floors":[],"current_hp_per_floor":[80,80,83,83,88,88,77,77,77,73,73,64,61,49,49,32,88,88],"gold":396,"neow_bonus":"TEN_PERCENT_HP_BONUS","is_daily":false,"chose_seed":false,"campfire_upgraded":4,"win_rate":0.0,"timestamp":1613529382,"path_taken":["M","?","M","M","M","R","E","R","T","M","R","M","M","?","R","BOSS"],"items_purchased_type":[],"build_version":"2020-12-22","purchased_purges":0,"victory":false,"max_hp_per_floor":[88,88,88,88,88,88,88,88,88,88,88,88,88,88,88,88,88,88],"card_choices":[{"not_picked":["Heavy Blade","Infernal Blade"],"picked":"Flex","floor":1},{"not_picked":["Twin Strike","Fire Breathing"],"picked":"Cleave","floor":3},{"not_picked":["Dual Wield","Rupture"],"picked":"Whirlwind","floor":4},{"not_picked":["Intimidate","Rage"],"picked":"Armaments","floor":5},{"not_picked":["Clothesline","Reaper"],"picked":"Body Slam","floor":7},{"not_picked":["Iron Wave","True Grit"],"picked":"Spot Weakness","floor":10},{"not_picked":["Iron Wave","Metallicize"],"picked":"Shrug It Off","floor":12},{"not_picked":["Perfected Strike","Spot Weakness"],"picked":"Shockwave","floor":13},{"not_picked":["Fiend Fire","Brutality"],"picked":"Bludgeon","floor":16}],"player_experience":164837,"relics_obtained":[{"floor":7,"key":"Matryoshka"},{"floor":9,"key":"Toy Ornithopter"}],"event_choices":[{"damage_healed":0,"gold_gain":0,"player_choice":"Take Wound","damage_taken":0,"relics_obtained":["Golden Idol"],"max_hp_gain":0,"max_hp_loss":0,"event_name":"Golden Idol","floor":2,"gold_loss":0,"cards_obtained":["Injury"]},{"damage_healed":0,"gold_gain":0,"player_choice":"Success","damage_taken":12,"relics_obtained":["Ice Cream"],"max_hp_gain":0,"max_hp_loss":0,"event_name":"Scrap Ooze","floor":14,"gold_loss":0}],"is_beta":false,"boss_relics":[{"not_picked":["Runic Pyramid","Busted Crown"],"picked":"Mark of Pain"}],"items_purged_floors":[],"is_endless":false,"potions_floor_spawned":[4,12,13,16],"ascension_level":0}}