{"host":"ohy0y2gq28lmekc7","time":1613568782,"event":{"mods":["AchievementEnabler","Act Like it!","BaseMod","Better Third Choice","BetterRewards","Colored Powertips","Curses Come First","Highlight Path","Minty Spire (QoL Compilation)","Permanent Neow","Quick Restart","Relic Stats","StSLib"],"gold_per_floor":[119,119,134,148,159,193,36,36,36,36,36,36,50,66,66,166,166,178,197,197,23,23,43,43,43,43,71,88,136,136,15,15,119,119,132,184,2,15,15,15,44,62,62,78,78,178,178,197,197,197,197],"floor_reached":50,"language":"ENG","playtime":3450,"items_purged":[],"score":765,"play_id":"3dd7ec8f-fa58-4754-9cb6-a0ea3501227b","local_time":"20210217143302","is_ascension_mode":false,"campfire_choices":[{"floor":8.0,"key":"DIG"},{"floor":10.0,"key":"DIG"},{"floor":15.0,"key":"REST"},{"floor":24,"key":"DIG"},{"floor":30,"key":"DIG"},{"floor":32,"key":"DIG"},{"floor":40,"key":"DIG"},{"floor":45,"key":"DIG"},{"floor":47,"key":"DIG"},{"floor":49,"key":"DIG"}],"circlet_count":0,"master_deck":["Defend_G","Defend_G","Defend_G","Defend_G","Defend_G","Neutralize","Apotheosis+1","Backflip","Outmaneuver","Prepared","Crippling Poison","Bane","Dodge and Roll","Metallicize","Backflip","Caltrops","Die Die Die","Catalyst+1","Terror","Bite","Bite","Bite","Bite","Bite","Poisoned Stab","Bouncing Flask","Tactician","RitualDagger","Infinite Blades+1","Dagger Throw+1","Noxious Fumes+1","Crippling Poison","Die Die Die+1","Blur+1","Acrobatics+1","Acrobatics","Footwork+1","Bouncing Flask","Outmaneuver+1","Underhanded Strike+1","Backflip+1"],"relics":["Ring of the Snake","Torii","Tiny Chest","Mercury Hourglass","Bag of Preparation","Shovel","Shuriken","Omamori","Ancient Tea Set","HornCleat","Vajra","Pear","Sundial","Black Star","Snake Skull","Regal Pillow","Frozen Egg 2","Bag of Marbles","Happy Flower","Bronze Scales","Mummified Hand","Molten Egg 2","Calling Bell","Potion Belt","Letter Opener","Tingsha","Girya","War Paint","Oddly Smooth Stone","Pantograph","Ornamental Fan","White Beast Statue","PreservedInsect","Eternal Feather","Ninja Scroll"],"acts_visited":["Exordium","TheCity","TheBeyond"],"potions_floor_usage":[33,33,33,42,42,42,50,50],"damage_taken":[{"damage":0.0,"enemies":"Jaw Worm","floor":1.0,"turns":3.0},{"damage":0.0,"enemies":"Cultist","floor":3.0,"turns":4.0},{"damage":0.0,"enemies":"2 Louse","floor":4.0,"turns":2.0},{"damage":0.0,"enemies":"Large Slime","floor":5.0,"turns":5.0},{"damage":13.0,"enemies":"Lagavulin","floor":6.0,"turns":6.0},{"damage":1.0,"enemies":"Exordium Wildlife","floor":13.0,"turns":3.0},{"damage":1.0,"enemies":"3 Louse","floor":14.0,"turns":3.0},{"damage":1.0,"enemies":"Hexaghost","floor":16.0,"turns":9.0},{"damage":14.0,"enemies":"2 Thieves","floor":18.0,"turns":3.0},{"damage":16.0,"enemies":"Chosen","floor":19.0,"turns":6.0},{"damage":15,"enemies":"Centurion and Healer","floor":23,"turns":5},{"damage":1,"enemies":"Gremlin Leader","floor":27,"turns":3},{"damage":11,"enemies":"3 Cultists","floor":28,"turns":4},{"damage":16,"enemies":"Automaton","floor":33,"turns":7},{"damage":3,"enemies":"3 Shapes","floor":35,"turns":3},{"damage":19,"enemies":"2 Orb Walkers","floor":36,"turns":3},{"damage":1,"enemies":"Orb Walker","floor":38,"turns":3},{"damage":0,"enemies":"Reptomancer","floor":41,"turns":5},{"damage":0,"enemies":"Transient","floor":42,"turns":5},{"damage":21,"enemies":"4 Shapes","floor":44,"turns":2},{"damage":1,"enemies":"Writhing Mass","floor":48,"turns":3},{"damage":44,"enemies":"Time Eater","floor":50,"turns":7}],"seed_played":"7664167057712671392","potions_obtained":[{"floor":3.0,"key":"Weak Potion"},{"floor":6.0,"key":"Poison Potion"},{"floor":13.0,"key":"Poison Potion"},{"floor":23,"key":"CunningPotion"},{"floor":27,"key":"DistilledChaos"},{"floor":33,"key":"Energy Potion"},{"floor":36,"key":"SneckoOil"},{"floor":41,"key":"Fruit Juice"},{"floor":44,"key":"Block Potion"},{"floor":48,"key":"AttackPotion"}],"is_trial":false,"path_per_floor":["M","?","M","M","M","E","$","R","T","R","?","T","M","M","R","B",null,"M","M","?","$","?","M","R","?","T","E","M","T","R","$","R","B",null,"M","?","$","M","?","R","E","M","T","M","R","?","R","M","R","B"],"character_chosen":"THE_SILENT","items_purchased":["Tiny Chest","Mercury Hourglass","Apotheosis","Backflip","Omamori","Snake Skull","Poisoned Stab","Noxious Fumes+1","Crippling Poison","War Paint","Acrobatics"],"campfire_rested":1,"item_purchase_floors":[0,0,0,0,7,21,21,31,31,37,37],"current_hp_per_floor":[37,37,37,37,37,24,24,24,24,24,20,20,19,18,42,41,80,66,50,50,50,50,41,41,35,35,37,34,34,34,34,34,32,56,53,39,39,44,44,44,52,61,61,46,46,46,46,45,61,20,20],"gold":197,"neow_bonus":"","is_daily":false,"chose_seed":false,"campfire_upgraded":0,"win_rate":0.0,"timestamp":1613568782,"path_taken":["M","?","?","M","M","E","$","R","T","R","?","?","M","M","R","BOSS","M","M","?","$","?","M","R","?","T","E","M","?","R","$","R","BOSS","M","?","$","M","?","R","E","M","T","M","R","?","R","M","R","BOSS"],"items_purchased_type":["Relic","Relic","Card","Card","Relic","Relic","Card","Card","Card","Relic","Card"],"build_version":"2020-12-22","purchased_purges":0,"victory":false,"max_hp_per_floor":[70,70,70,70,70,70,70,70,70,70,80,80,80,80,80,80,80,80,80,56,56,56,56,56,56,56,56,56,56,56,56,56,56,56,56,56,56,56,56,56,56,61,61,61,61,61,61,61,61,61,61],"relic_stats":{"Regal Pillow":0,"Torii":21,"Happy Flower":[46],"counters":[52,216],"Tingsha":[37],"Eternal Feather":167,"Snake Skull":[87],"PreservedInsect":0,"Bag of Preparation":[46],"Letter Opener":[85],"War Paint":["Catalyst","Blur"],"Mercury Hourglass":[401],"Shovel":9,"Shuriken":[19],"Sundial":[4],"Mummified Hand":[27],"Ornamental Fan":[16],"Bronze Scales":[93],"Pantograph":0,"Tiny Chest":2,"Black Star":2,"obtain_stats":[{"Calipers":36,"Gremlin Horn":45,"Vajra":10,"Bottled Tornado":31,"HornCleat":9,"Sundial":12,"Philosopher\u0027s Stone":34,"Kunai":43,"Girya":36,"Pear":9,"Happy Flower":6,"Oddly Smooth Stone":40,"Eternal Feather":5,"Tingsha":34,"Pen Nib":0,"Letter Opener":34,"Paper Crane":46,"War Paint":37,"Shuriken":6,"Bird Faced Urn":12,"Bronze Scales":29,"Molten Egg 2":32,"Black Star":17,"Lantern":26,"Regal Pillow":27,"Torii":0,"Snake Skull":21,"Juzu Bracelet":29,"Bag of Preparation":45,"Ancient Tea Set":8,"ClockworkSouvenir":30,"Shovel":0,"Mummified Hand":30,"Ninja Scroll":49,"Gambling Chip":31,"Pantograph":41,"Tiny Chest":0,"WingedGreaves":37,"Red Mask":20,"InkBottle":24,"Ring of the Snake":0,"Potion Belt":34,"Thread and Needle":40,"PreservedInsect":45,"Omamori":7,"Frozen Egg 2":26,"White Beast Statue":43,"Mercury Hourglass":0,"Calling Bell":34,"Ornamental Fan":41,"Orrery":19,"Coffee Dripper":17,"Bag of Marbles":27,"Bottled Lightning":42},{"Calipers":23,"Gremlin Horn":28,"Vajra":35,"Bottled Tornado":20,"HornCleat":35,"Sundial":35,"Philosopher\u0027s Stone":21,"Kunai":28,"Girya":46,"Pear":7,"Happy Flower":5,"Oddly Smooth Stone":47,"Eternal Feather":4,"Tingsha":44,"Pen Nib":0,"Letter Opener":44,"Paper Crane":29,"War Paint":46,"Shuriken":35,"Bird Faced Urn":8,"Bronze Scales":43,"Molten Egg 2":43,"Black Star":38,"Lantern":15,"Regal Pillow":16,"Torii":30,"Snake Skull":40,"Juzu Bracelet":18,"Bag of Preparation":28,"Ancient Tea Set":35,"ClockworkSouvenir":18,"Shovel":30,"Mummified Hand":43,"Ninja Scroll":51,"Gambling Chip":20,"Pantograph":48,"Tiny Chest":30,"WingedGreaves":24,"Red Mask":13,"InkBottle":15,"Ring of the Snake":0,"Potion Belt":44,"Thread and Needle":27,"PreservedInsect":50,"Omamori":35,"Frozen Egg 2":41,"White Beast Statue":49,"Mercury Hourglass":30,"Calling Bell":44,"Ornamental Fan":48,"Orrery":12,"Coffee Dripper":11,"Bag of Marbles":42,"Bottled Lightning":28},{"Calipers":94,"Gremlin Horn":113,"Vajra":143,"Bottled Tornado":83,"HornCleat":143,"Sundial":143,"Philosopher\u0027s Stone":86,"Kunai":113,"Girya":191,"Pear":35,"Happy Flower":26,"Oddly Smooth Stone":194,"Eternal Feather":20,"Tingsha":185,"Pen Nib":0,"Letter Opener":185,"Paper Crane":118,"War Paint":191,"Shuriken":143,"Bird Faced Urn":38,"Bronze Scales":178,"Molten Egg 2":178,"Black Star":158,"Lantern":65,"Regal Pillow":69,"Torii":123,"Snake Skull":166,"Juzu Bracelet":77,"Bag of Preparation":113,"Ancient Tea Set":143,"ClockworkSouvenir":77,"Shovel":123,"Mummified Hand":178,"Ninja Scroll":209,"Gambling Chip":83,"Pantograph":199,"Tiny Chest":123,"WingedGreaves":97,"Red Mask":58,"InkBottle":65,"Ring of the Snake":0,"Potion Belt":185,"Thread and Needle":109,"PreservedInsect":206,"Omamori":143,"Frozen Egg 2":171,"White Beast Statue":204,"Mercury Hourglass":123,"Calling Bell":185,"Ornamental Fan":199,"Orrery":54,"Coffee Dripper":51,"Bag of Marbles":174,"Bottled Lightning":113}],"Ring of the Snake":[104]},"card_choices":[{"not_picked":["Blur","Predator"],"picked":"Outmaneuver","floor":1.0},{"not_picked":["Backflip","Quick Slash"],"picked":"Prepared","floor":3.0},{"not_picked":["Reflex","Bane"],"picked":"Crippling Poison","floor":4.0},{"not_picked":["Backflip","Sucker Punch"],"picked":"Bane","floor":5.0},{"not_picked":["PiercingWail","Riddle With Holes"],"picked":"Dodge and Roll","floor":6.0},{"not_picked":["Dagger Spray","Footwork"],"picked":"Backflip","floor":13.0},{"not_picked":["Riddle With Holes","Expertise"],"picked":"Caltrops","floor":14.0},{"not_picked":["A Thousand Cuts","Glass Knife"],"picked":"Die Die Die","floor":16.0},{"not_picked":["Quick Slash","Escape Plan"],"picked":"Catalyst","floor":18.0},{"not_picked":["Leg Sweep+1","Masterful Stab"],"picked":"Terror","floor":19.0},{"not_picked":["Underhanded Strike","Heel Hook"],"picked":"Tactician","floor":23},{"not_picked":["Outmaneuver+1","Tools of the Trade+1"],"picked":"Infinite Blades+1","floor":27},{"not_picked":["Slice","Dodge and Roll"],"picked":"Dagger Throw+1","floor":28},{"not_picked":["Wraith Form v2+1","Unload+1"],"picked":"Die Die Die+1","floor":33},{"not_picked":["Flying Knee+1","Quick Slash+1"],"picked":"Blur","floor":35},{"not_picked":["Slice+1","Prepared"],"picked":"Acrobatics+1","floor":36},{"not_picked":["Quick Slash+1","Slice+1"],"picked":"Footwork+1","floor":38},{"not_picked":["Glass Knife+1","Endless Agony+1"],"picked":"Bouncing Flask","floor":41},{"not_picked":["Flying Knee+1","Deadly Poison"],"picked":"Outmaneuver+1","floor":42},{"not_picked":["Deflect","Dash+1"],"picked":"Underhanded Strike+1","floor":44},{"not_picked":["Sucker Punch+1","Acrobatics"],"picked":"Backflip+1","floor":48}],"player_experience":63556,"relics_obtained":[{"floor":6.0,"key":"Shuriken"},{"floor":8.0,"key":"Ancient Tea Set"},{"floor":9.0,"key":"HornCleat"},{"floor":10.0,"key":"Vajra"},{"floor":12.0,"key":"Sundial"},{"floor":24,"key":"Regal Pillow"},{"floor":26,"key":"Frozen Egg 2"},{"floor":27,"key":"Bag of Marbles"},{"floor":27,"key":"Happy Flower"},{"floor":29,"key":"Bronze Scales"},{"floor":30,"key":"Mummified Hand"},{"floor":32,"key":"Molten Egg 2"},{"floor":34,"key":"Potion Belt"},{"floor":34,"key":"Letter Opener"},{"floor":34,"key":"Tingsha"},{"floor":36,"key":"Girya"},{"floor":40,"key":"Oddly Smooth Stone"},{"floor":41,"key":"Pantograph"},{"floor":41,"key":"Ornamental Fan"},{"floor":43,"key":"White Beast Statue"},{"floor":45,"key":"PreservedInsect"},{"floor":47,"key":"Eternal Feather"},{"floor":49,"key":"Ninja Scroll"}],"event_choices":[{"damage_healed":0.0,"max_hp_gain":0.0,"max_hp_loss":0.0,"gold_gain":0.0,"event_name":"Accursed Blacksmith","player_choice":"Forge","floor":2.0,"gold_loss":0.0,"damage_taken":0.0,"cards_upgraded":["Apotheosis"]},{"damage_healed":0.0,"max_hp_gain":0.0,"max_hp_loss":24.0,"gold_gain":0.0,"event_name":"Vampires","player_choice":"Became a vampire","floor":20.0,"gold_loss":0.0,"damage_taken":0.0,"cards_obtained":["Bite","Bite","Bite","Bite","Bite"]},{"damage_healed":0,"gold_gain":0,"player_choice":"Read","damage_taken":0,"max_hp_gain":0,"max_hp_loss":0,"event_name":"The Library","floor":22,"gold_loss":0,"cards_obtained":["Bouncing Flask"]},{"damage_healed":0,"gold_gain":0,"player_choice":"Dagger","damage_taken":6,"max_hp_gain":0,"max_hp_loss":0,"event_name":"betterThird:BetterNest","floor":25,"gold_loss":0,"cards_obtained":["RitualDagger"]},{"damage_healed":0,"gold_gain":0,"player_choice":"Fight","damage_taken":0,"max_hp_gain":0,"max_hp_loss":0,"event_name":"Mysterious Sphere","floor":36,"gold_loss":0},{"cards_removed":["Survivor"],"damage_healed":0,"gold_gain":0,"player_choice":"Removed Skill","damage_taken":0,"max_hp_gain":0,"max_hp_loss":0,"event_name":"Falling","floor":39,"gold_loss":0},{"damage_healed":0,"gold_gain":100,"player_choice":"Pray","damage_taken":0,"max_hp_gain":0,"max_hp_loss":0,"event_name":"Golden Shrine","floor":46,"gold_loss":0}],"is_beta":false,"boss_relics":[{"not_picked":["Ring of the Serpent","Tiny House"],"picked":"Black Star"},{"not_picked":["Runic Dome","HoveringKite"],"picked":"Calling Bell"}],"items_purged_floors":[],"is_endless":false,"potions_floor_spawned":[3,6,13,14,23,27,28,33,36,41,44,48],"killed_by":"Time Eater","ascension_level":0}}