{"host":"l2lylj0omvglf5x0","time":1613571080,"event":{"mods":["2.2 Compatiblity","BaseMod","Bestiary","Block Reminder","Colored Map","Colored Powertips","Curses Come First","Highlight Path","Keyboard Shortcuts","Minty Spire (QoL Compilation)","Relic Sorter","Relic Stats","Slay the Relics Exporter","StSLib","SuperFastMode"],"gold_per_floor":[110,125,143,218,218,218,247,247,274,307,319,349,349,383,383,480,480,498,423,423,410,182,182,182,216,216,216,245,245,276,289,289,289,289],"floor_reached":33,"language":"ENG","playtime":1380,"items_purged":["Decay"],"score":496,"play_id":"92854f32-e8da-4625-8b8c-ea4402f62ca4","local_time":"20210217151120","is_ascension_mode":true,"campfire_choices":[{"data":"Zap","floor":6,"key":"SMITH"},{"data":"Dualcast","floor":8,"key":"SMITH"},{"data":"Consume","floor":13,"key":"SMITH"},{"data":"Thunder Strike","floor":15,"key":"SMITH"},{"data":"Electrodynamics","floor":23,"key":"SMITH"},{"data":"Glacier","floor":27,"key":"SMITH"},{"data":"Glacier","floor":32,"key":"SMITH"}],"circlet_count":0,"master_deck":["Strike_B","Strike_B","Strike_B","Defend_B","Defend_B","Defend_B","Defend_B","Zap+1","Dualcast+1","Ball Lightning","Glacier+1","Compile Driver","Thunder Strike+1","Glacier+1","Consume+1","Conserve Battery","Electrodynamics+1","Leap+1","Darkness+1","Heatsinks+1"],"relics":["Cracked Core","Ancient Tea Set","Toy Ornithopter","Potion Belt","Sundial","Bronze Scales","Blue Candle","SacredBark","Lee\u0027s Waffle","Regal Pillow","White Beast Statue","PreservedInsect","Shuriken"],"acts_visited":["Exordium","TheCity"],"potions_floor_usage":[7,11,12,12,25,25,31,33],"damage_taken":[{"damage":2,"enemies":"2 Louse","floor":1,"turns":2},{"damage":7,"enemies":"Small Slimes","floor":2,"turns":3},{"damage":0,"enemies":"Cultist","floor":3,"turns":3},{"damage":10,"enemies":"Lagavulin","floor":7,"turns":5},{"damage":9,"enemies":"3 Sentries","floor":10,"turns":9},{"damage":8,"enemies":"Red Slaver","floor":11,"turns":3},{"damage":0,"enemies":"Gremlin Nob","floor":12,"turns":3},{"damage":11,"enemies":"Lagavulin","floor":14,"turns":7},{"damage":5,"enemies":"Hexaghost","floor":16,"turns":9},{"damage":33,"enemies":"Shell Parasite","floor":18,"turns":5},{"damage":17,"enemies":"2 Thieves","floor":21,"turns":4},{"damage":22,"enemies":"Slavers","floor":25,"turns":4},{"damage":20,"enemies":"Gremlin Leader","floor":28,"turns":6},{"damage":9,"enemies":"Book of Stabbing","floor":30,"turns":5},{"damage":32,"enemies":"Shelled Parasite and Fungi","floor":31,"turns":7},{"damage":90,"enemies":"Champ","floor":33,"turns":13}],"seed_played":"9095190678582579540","potions_obtained":[{"floor":2,"key":"ColorlessPotion"},{"floor":3,"key":"Dexterity Potion"},{"floor":5,"key":"CultistPotion"},{"floor":5,"key":"EssenceOfDarkness"},{"floor":5,"key":"Strength Potion"},{"floor":7,"key":"Fire Potion"},{"floor":11,"key":"Fruit Juice"},{"floor":18,"key":"PotionOfCapacity"},{"floor":28,"key":"SteroidPotion"},{"floor":30,"key":"Regen Potion"},{"floor":31,"key":"SpeedPotion"}],"is_trial":false,"path_per_floor":["M","M","M","?","?","R","E","R","T","E","M","E","R","E","R","B",null,"M","?","?","M","$","R","?","E","T","R","E","?","E","M","R","B"],"character_chosen":"DEFECT","items_purchased":["Lee\u0027s Waffle"],"campfire_rested":0,"item_purchase_floors":[22],"current_hp_per_floor":[66,59,59,48,48,48,38,38,38,29,31,41,41,30,30,25,66,33,33,33,16,87,87,87,65,65,65,45,45,36,54,54,0,0],"gold":289,"neow_bonus":"RANDOM_COMMON_RELIC","is_daily":false,"chose_seed":false,"campfire_upgraded":7,"win_rate":0.0,"timestamp":1613571080,"path_taken":["M","M","M","?","?","R","E","R","T","E","?","E","R","E","R","BOSS","M","?","?","M","$","R","?","E","T","R","E","?","E","M","R","BOSS"],"items_purchased_type":["Relic"],"build_version":"2020-12-22","purchased_purges":1,"victory":false,"max_hp_per_floor":[75,75,75,75,75,75,75,75,75,75,80,80,80,80,80,80,80,80,80,80,80,87,87,87,87,87,87,87,87,87,87,87,87,87],"relic_stats":{"Lee\u0027s Waffle":71,"Regal Pillow":0,"counters":[16,88],"Sundial":[10],"Shuriken":[0],"Bronze Scales":[206],"Blue Candle":[1],"PreservedInsect":43,"obtain_stats":[{"Potion Belt":9,"Lee\u0027s Waffle":22,"Regal Pillow":25,"Blue Candle":14,"SacredBark":17,"PreservedInsect":28,"Ancient Tea Set":0,"White Beast Statue":26,"Sundial":10,"Shuriken":30,"Bronze Scales":12,"Cracked Core":0,"Toy Ornithopter":7},{"Potion Belt":4,"Lee\u0027s Waffle":11,"Regal Pillow":12,"Blue Candle":8,"SacredBark":9,"PreservedInsect":13,"Ancient Tea Set":0,"White Beast Statue":12,"Sundial":5,"Shuriken":14,"Bronze Scales":7,"Cracked Core":0,"Toy Ornithopter":4},{"Potion Belt":13,"Lee\u0027s Waffle":53,"Regal Pillow":57,"Blue Candle":35,"SacredBark":44,"PreservedInsect":63,"Ancient Tea Set":0,"White Beast Statue":57,"Sundial":22,"Shuriken":68,"Bronze Scales":28,"Cracked Core":0,"Toy Ornithopter":13}],"Toy Ornithopter":25},"card_choices":[{"not_picked":["Capacitor","Steam Power"],"picked":"Ball Lightning","floor":1},{"not_picked":["Turbo","Cold Snap"],"picked":"Glacier","floor":2},{"not_picked":["Hologram","Ball Lightning","Turbo"],"picked":"SKIP","floor":3},{"not_picked":["Leap","Lockon"],"picked":"Compile Driver","floor":7},{"not_picked":["Compile Driver","Hello World"],"picked":"Thunder Strike","floor":10},{"not_picked":["Reprogram","Scrape"],"picked":"Glacier","floor":11},{"not_picked":["Ball Lightning","Sweeping Beam"],"picked":"Consume","floor":12},{"not_picked":["Go for the Eyes","Blizzard"],"picked":"Conserve Battery","floor":14},{"not_picked":["Seek","Meteor Strike"],"picked":"Electrodynamics","floor":16},{"not_picked":["Gash","Cold Snap"],"picked":"Leap+1","floor":18},{"not_picked":["Recycle","Go for the Eyes+1","Thunder Strike"],"picked":"SKIP","floor":21},{"not_picked":["BootSequence+1","Reprogram"],"picked":"Darkness+1","floor":25},{"not_picked":["Conserve Battery","Hologram","Sweeping Beam"],"picked":"SKIP","floor":28},{"not_picked":["Streamline","Beam Cell","Sweeping Beam+1"],"picked":"SKIP","floor":30},{"not_picked":["BootSequence+1","Sunder"],"picked":"Heatsinks+1","floor":31}],"player_experience":960929,"relics_obtained":[{"floor":7,"key":"Toy Ornithopter"},{"floor":9,"key":"Potion Belt"},{"floor":10,"key":"Sundial"},{"floor":12,"key":"Bronze Scales"},{"floor":14,"key":"Blue Candle"},{"floor":25,"key":"Regal Pillow"},{"floor":26,"key":"White Beast Statue"},{"floor":28,"key":"PreservedInsect"},{"floor":30,"key":"Shuriken"}],"event_choices":[{"damage_healed":0,"gold_gain":75,"player_choice":"Gather Gold","damage_taken":11,"max_hp_gain":0,"max_hp_loss":0,"event_name":"World of Goop","floor":4,"gold_loss":0},{"damage_healed":0,"gold_gain":0,"player_choice":"Got Potions","damage_taken":0,"max_hp_gain":0,"max_hp_loss":0,"event_name":"Lab","floor":5,"gold_loss":0},{"cards_removed":["Strike_B"],"damage_healed":0,"gold_gain":0,"player_choice":"Gave Gold","damage_taken":0,"max_hp_gain":0,"max_hp_loss":0,"event_name":"Beggar","floor":19,"gold_loss":75},{"damage_healed":0,"gold_gain":0,"player_choice":"Smashed Altar","damage_taken":0,"max_hp_gain":0,"max_hp_loss":0,"event_name":"Forgotten Altar","floor":20,"gold_loss":0,"cards_obtained":["Decay"]},{"damage_healed":0,"gold_gain":0,"player_choice":"Ignored","damage_taken":0,"max_hp_gain":0,"max_hp_loss":0,"event_name":"Cursed Tome","floor":24,"gold_loss":0},{"damage_healed":0,"gold_gain":0,"player_choice":"Ignored","damage_taken":0,"max_hp_gain":0,"max_hp_loss":0,"event_name":"Ghosts","floor":29,"gold_loss":0}],"is_beta":false,"boss_relics":[{"not_picked":["FrozenCore","SlaversCollar"],"picked":"SacredBark"}],"items_purged_floors":[22],"is_endless":false,"potions_floor_spawned":[2,3,7,11,18,28,30,31],"killed_by":"Champ","ascension_level":8}}