{"host":"2fgwwnzqc97k7iys","time":1613526065,"event":{"mods":["BaseMod","Colored Map","Minty Spire (QoL Compilation)","Quick Restart","Relic Stats"],"gold_per_floor":[112,132,207,18,37,37,65,78,78,78,96,109,442,342,342,437,437,455,470,470,199,199,199,199],"floor_reached":23,"language":"ENG","playtime":1872,"items_purged":["Strike_B","Strike_B","Strike_B"],"score":302,"play_id":"c6a39ab5-9937-439c-b8bd-b07ac6a1062f","local_time":"20210216194105","is_ascension_mode":true,"campfire_choices":[{"data":"Creative AI","floor":6,"key":"SMITH"},{"data":"Storm","floor":10,"key":"SMITH"},{"data":"Turbo","floor":15,"key":"SMITH"}],"circlet_count":0,"master_deck":["AscendersBane","Strike_B","Defend_B","Defend_B","Defend_B","Defend_B","Zap","Dualcast","Creative AI+1","Leap","Darkness","Glacier","Heatsinks","Storm+1","Force Field","FTL","Turbo+1","Echo Form","Echo Form"],"relics":["Cracked Core","Regal Pillow","Symbiotic Virus","Old Coin","Nuclear Battery","Art of War"],"acts_visited":["Exordium","TheCity"],"potions_floor_usage":[11,13,16,23],"damage_taken":[{"damage":10,"enemies":"Small Slimes","floor":1,"turns":3},{"damage":0,"enemies":"2 Louse","floor":2,"turns":3},{"damage":3,"enemies":"Jaw Worm","floor":5,"turns":8},{"damage":10,"enemies":"Lagavulin","floor":7,"turns":13},{"damage":10,"enemies":"Lots of Slimes","floor":8,"turns":5},{"damage":12,"enemies":"3 Louse","floor":11,"turns":5},{"damage":2,"enemies":"Large Slime","floor":12,"turns":6},{"damage":2,"enemies":"3 Sentries","floor":13,"turns":9},{"damage":6,"enemies":"Hexaghost","floor":16,"turns":9},{"damage":0,"enemies":"Spheric Guardian","floor":18,"turns":4},{"damage":13,"enemies":"Chosen","floor":19,"turns":5},{"damage":40,"enemies":"Slavers","floor":23,"turns":3}],"seed_played":"-8762218635795818666","potions_obtained":[{"floor":1,"key":"Block Potion"},{"floor":11,"key":"Energy Potion"},{"floor":12,"key":"EssenceOfDarkness"},{"floor":13,"key":"Strength Potion"},{"floor":16,"key":"Energy Potion"},{"floor":19,"key":"PotionOfCapacity"}],"is_trial":false,"path_per_floor":["M","M","?","$","M","R","E","M","T","R","M","M","E","$","R","B",null,"M","M","?","$","?","E"],"character_chosen":"DEFECT","items_purchased":["Glacier","Heatsinks","Art of War"],"campfire_rested":0,"item_purchase_floors":[4,4,21],"current_hp_per_floor":[58,58,47,47,44,44,34,24,24,24,12,10,8,8,8,2,52,52,39,39,39,39,0,0],"gold":199,"neow_bonus":"THREE_RARE_CARDS","is_daily":false,"chose_seed":false,"campfire_upgraded":3,"win_rate":0.0,"timestamp":1613526065,"path_taken":["M","M","?","$","M","R","E","M","T","R","M","M","E","$","R","BOSS","M","M","?","$","?","E"],"items_purchased_type":["Card","Card","Relic"],"build_version":"2020-12-22","purchased_purges":3,"victory":false,"max_hp_per_floor":[68,68,68,68,68,68,68,68,68,68,68,68,68,68,68,68,68,68,68,68,68,68,68,68],"relic_stats":{"Regal Pillow":0,"counters":[12,73],"Art of War":[1],"obtain_stats":[{"Regal Pillow":7,"Art of War":21,"Cracked Core":0,"Symbiotic Virus":9,"Old Coin":13,"Nuclear Battery":17},{"Regal Pillow":4,"Art of War":11,"Cracked Core":0,"Symbiotic Virus":5,"Old Coin":8,"Nuclear Battery":9},{"Regal Pillow":27,"Art of War":70,"Cracked Core":0,"Symbiotic Virus":32,"Old Coin":52,"Nuclear Battery":61}]},"card_choices":[{"not_picked":["Meteor Strike","Reboot"],"picked":"Creative AI","floor":0},{"not_picked":["Blizzard","Capacitor"],"picked":"Leap","floor":1},{"not_picked":["Cold Snap","Streamline"],"picked":"Darkness","floor":2},{"not_picked":["Beam Cell","Sweeping Beam","Barrage"],"picked":"SKIP","floor":5},{"not_picked":["Lockon","Compile Driver"],"picked":"Storm","floor":7},{"not_picked":["Coolheaded","Cold Snap"],"picked":"Force Field","floor":8},{"not_picked":["Cold Snap","Beam Cell"],"picked":"FTL","floor":11},{"not_picked":["Gash","FTL","Skim"],"picked":"SKIP","floor":12},{"not_picked":["Steam Power","Chaos"],"picked":"Turbo","floor":13},{"not_picked":["Machine Learning","Reboot"],"picked":"Echo Form","floor":16},{"not_picked":["Coolheaded","Beam Cell+1","Sweeping Beam+1"],"picked":"SKIP","floor":18},{"not_picked":["Ball Lightning","Steam Power","Darkness"],"picked":"SKIP","floor":19}],"player_experience":598844,"relics_obtained":[{"floor":7,"key":"Regal Pillow"},{"floor":9,"key":"Symbiotic Virus"},{"floor":13,"key":"Old Coin"}],"event_choices":[{"damage_healed":0,"gold_gain":75,"player_choice":"Gather Gold","damage_taken":11,"max_hp_gain":0,"max_hp_loss":0,"event_name":"World of Goop","floor":3,"gold_loss":0},{"damage_healed":0,"gold_gain":0,"player_choice":"Read","damage_taken":0,"max_hp_gain":0,"max_hp_loss":0,"event_name":"The Library","floor":20,"gold_loss":0,"cards_obtained":["Echo Form"]},{"damage_healed":0,"gold_gain":0,"player_choice":"Ignored","damage_taken":0,"max_hp_gain":0,"max_hp_loss":0,"event_name":"Cursed Tome","floor":22,"gold_loss":0}],"is_beta":false,"boss_relics":[{"not_picked":["Cursed Key","Inserter"],"picked":"Nuclear Battery"}],"items_purged_floors":[4,14,21],"is_endless":false,"potions_floor_spawned":[1,11,12,13,16,19],"killed_by":"Slavers","ascension_level":10}}