{"host":"cy3pd5cut10e7v8y","time":1613576775,"event":{"mods":["AchievementEnabler","Act Like it!","BaseMod","Colored Map","Colored Powertips","Koishi","Minty Spire (QoL Compilation)","StSLib","The Animator","Waifu the Spire"],"gold_per_floor":[113,113,128,16,16,16,31,31,58,82,103,3,3,76,76,205,205,228,228,228,228,247,268,289,289,361,361,405,405,234,255,255,380,380,401,419,442,502,59,59,74,74,120,120,138,157,157,490,490,490,490,490,146,171,171],"floor_reached":56,"language":"ENG","playtime":2801,"items_purged":["Defend_B","Strike_B","Writhe","Strike_B"],"score":1257,"play_id":"b9797e72-43c4-44b8-bb32-d7587df314c5","local_time":"20210217164615","is_ascension_mode":false,"campfire_choices":[{"data":"Go for the Eyes","floor":6.0,"key":"SMITH"},{"data":"Gash","floor":8.0,"key":"SMITH"},{"data":"Reprogram","floor":13.0,"key":"SMITH"},{"floor":15.0,"key":"REST"},{"floor":25.0,"key":"REST"},{"data":"Scrape","floor":29.0,"key":"SMITH"},{"data":"Machine Learning","floor":32.0,"key":"SMITH"},{"floor":40.0,"key":"REST"},{"floor":44.0,"key":"RECALL"},{"data":"Buffer","floor":49,"key":"SMITH"},{"data":"Reboot","floor":52,"key":"SMITH"}],"circlet_count":0,"master_deck":["Defend_B","Defend_B","Go for the Eyes+1","BootSequence+1","Gash+1","Reprogram+1","FTL","Machine Learning+1","Scrape+1","Gash+1","Reboot+1","Beam Cell+1","Buffer+1","Scrape+1","Machine Learning+1","Finesse"],"relics":["Cracked Core","War Paint","Vajra","Runic Pyramid","TungstenRod","Molten Egg 2","MutagenicStrength","Gremlin Horn","Empty Cage","Ginger","Torii","Anchor","Boot"],"acts_visited":["Exordium","TheCity","TheBeyond","TheEnding"],"potions_floor_usage":[50,50,50,55,55],"damage_taken":[{"damage":1.0,"enemies":"Cultist","floor":1.0,"turns":3.0},{"damage":0.0,"enemies":"2 Louse","floor":3.0,"turns":2.0},{"damage":0.0,"enemies":"Small Slimes","floor":7.0,"turns":3.0},{"damage":0.0,"enemies":"3 Louse","floor":10.0,"turns":2.0},{"damage":0.0,"enemies":"Red Slaver","floor":11.0,"turns":3.0},{"damage":1.0,"enemies":"Lagavulin Event","floor":14.0,"turns":5.0},{"damage":4.0,"enemies":"The Guardian","floor":16.0,"turns":10.0},{"damage":5.0,"enemies":"Spheric Guardian","floor":18.0,"turns":4.0},{"damage":0.0,"enemies":"Chosen","floor":22.0,"turns":4.0},{"damage":12.0,"enemies":"Snake Plant","floor":23.0,"turns":3.0},{"damage":8.0,"enemies":"Centurion and Healer","floor":24.0,"turns":4.0},{"damage":7.0,"enemies":"Book of Stabbing","floor":28.0,"turns":5.0},{"damage":0.0,"enemies":"Sentry and Sphere","floor":31.0,"turns":3.0},{"damage":20.0,"enemies":"Champ","floor":33.0,"turns":4.0},{"damage":5.0,"enemies":"3 Shapes","floor":35.0,"turns":2.0},{"damage":0.0,"enemies":"3 Darklings","floor":36.0,"turns":2.0},{"damage":6.0,"enemies":"Writhing Mass","floor":37.0,"turns":2.0},{"damage":14.0,"enemies":"2 Orb Walkers","floor":38.0,"turns":3.0},{"damage":5.0,"enemies":"Maw","floor":41.0,"turns":3.0},{"damage":4.0,"enemies":"Sphere and 2 Shapes","floor":45.0,"turns":3.0},{"damage":0.0,"enemies":"3 Darklings","floor":46.0,"turns":3.0},{"damage":0,"enemies":"Awakened One","floor":50,"turns":4},{"damage":0,"enemies":"Shield and Spear","floor":54,"turns":3},{"damage":0,"enemies":"The Heart","floor":55,"turns":6}],"seed_played":"9088944323534747639","potions_obtained":[{"floor":3.0,"key":"SteroidPotion"},{"floor":7.0,"key":"SneckoOil"},{"floor":11.0,"key":"ColorlessPotion"},{"floor":16.0,"key":"PotionOfCapacity"},{"floor":18.0,"key":"FocusPotion"},{"floor":22.0,"key":"Fruit Juice"},{"floor":28.0,"key":"BlessingOfTheForge"},{"floor":37.0,"key":"Fire Potion"},{"floor":38.0,"key":"Block Potion"},{"floor":41.0,"key":"Fruit Juice"},{"floor":45.0,"key":"FocusPotion"}],"is_trial":false,"path_per_floor":["M","?","M","$","?","R","M","R","T","M","M","$","R","?","R","B",null,"M","?","?","?","M","M","M","R","T","?","E","R","$","M","R","B",null,"M","M","M","?","$","R","M","?","T","R","M","M","?","?","R","B",null,"R","$","E","B",null],"character_chosen":"DEFECT","items_purchased":["BootSequence","Beam Cell+1","Torii","Energy Potion","Weak Potion","Finesse","Anchor"],"campfire_rested":3,"item_purchase_floors":[4,30,39,53,53,53,53],"current_hp_per_floor":[67,50,50,50,43,43,43,43,43,43,43,43,43,42,62,58,68,63,63,63,63,68,56,48,69,69,69,62,62,62,62,62,42,73,68,68,62,48,48,69,64,64,64,64,65,65,65,65,65,65,74,74,74,74,74],"gold":171,"neow_bonus":"REMOVE_TWO","is_daily":false,"chose_seed":false,"campfire_upgraded":7,"win_rate":0.0,"timestamp":1613576775,"path_taken":["M","?","M","$","?","R","M","R","T","M","M","$","R","?","R","BOSS","M","?","?","?","M","M","?","R","T","?","E","R","?","M","R","BOSS","M","M","M","?","$","R","M","?","T","R","?","M","?","?","R","BOSS","R","$","E","BOSS"],"items_purchased_type":["Card","Card","Relic","Potion","Potion","Card","Relic"],"build_version":"2020-12-22","purchased_purges":4,"victory":true,"max_hp_per_floor":[68,68,68,68,68,68,68,68,68,68,68,68,68,68,68,68,68,68,68,68,68,73,73,73,73,73,73,73,73,73,73,73,73,73,73,73,73,73,73,73,73,73,73,73,78,78,74,74,74,74,74,74,74,74,74],"card_choices":[{"not_picked":["Barrage","White Noise"],"picked":"Go for the Eyes","floor":1.0},{"not_picked":["Coolheaded","Stack","Melter"],"picked":"SKIP","floor":3.0},{"not_picked":["Beam Cell","Hologram"],"picked":"Gash","floor":7.0},{"not_picked":["Hologram","Stack"],"picked":"Reprogram","floor":10.0},{"not_picked":["Skim","Cold Snap","Redo"],"picked":"SKIP","floor":11.0},{"not_picked":["Consume","Multi-Cast"],"picked":"FTL","floor":14.0},{"not_picked":["Fission","Reboot"],"picked":"Machine Learning","floor":16.0},{"not_picked":["Streamline","Leap","Steam+1"],"picked":"SKIP","floor":18.0},{"not_picked":["Ball Lightning+1","FTL","Glacier"],"picked":"SKIP","floor":22.0},{"not_picked":["Blizzard","Steam","Double Energy"],"picked":"SKIP","floor":23.0},{"not_picked":["Cold Snap","Ball Lightning"],"picked":"Gash+1","floor":24.0},{"not_picked":["Steam","Streamline+1"],"picked":"Reboot","floor":28.0},{"not_picked":["Rebound+1","Reprogram","Darkness+1"],"picked":"SKIP","floor":31.0},{"not_picked":["Electrodynamics","Rainbow"],"picked":"Buffer","floor":33.0},{"not_picked":["Conserve Battery+1","Streamline+1","Cold Snap+1"],"picked":"SKIP","floor":35.0},{"not_picked":["Streamline+1","Gash+1"],"picked":"Scrape+1","floor":36.0},{"not_picked":["Barrage+1","Compile Driver+1","Echo Form"],"picked":"SKIP","floor":37.0},{"not_picked":["Steam","Coolheaded+1","Go for the Eyes+1"],"picked":"SKIP","floor":41.0},{"not_picked":["Redo","Force Field+1","Stack"],"picked":"SKIP","floor":45.0},{"not_picked":["Gash+1","Leap","Hologram"],"picked":"SKIP","floor":46.0},{"not_picked":["Echo Form","Gash+1","Hologram+1"],"picked":"SKIP","floor":54}],"player_experience":197742,"relics_obtained":[{"floor":9.0,"key":"War Paint"},{"floor":14.0,"key":"Vajra"},{"floor":26.0,"key":"Molten Egg 2"},{"floor":28.0,"key":"Gremlin Horn"},{"floor":38.0,"key":"Ginger"},{"floor":54,"key":"Boot"}],"event_choices":[{"damage_healed":0.0,"max_hp_gain":0.0,"max_hp_loss":0.0,"gold_gain":0.0,"event_name":"Golden Idol","player_choice":"Take Damage","floor":2.0,"gold_loss":0.0,"damage_taken":17.0,"relics_obtained":["Golden Idol"]},{"cards_removed":["Strike_B"],"damage_healed":0.0,"max_hp_gain":0.0,"max_hp_loss":0.0,"gold_gain":0.0,"event_name":"Golden Wing","player_choice":"Card Removal","floor":5.0,"gold_loss":0.0,"damage_taken":7.0},{"damage_healed":0.0,"max_hp_gain":0.0,"max_hp_loss":0.0,"gold_gain":0.0,"event_name":"Dead Adventurer","player_choice":"Searched \u00271\u0027 times","floor":14.0,"gold_loss":0.0,"damage_taken":0.0},{"damage_healed":0.0,"max_hp_gain":0.0,"max_hp_loss":0.0,"gold_gain":0.0,"event_name":"The Library","player_choice":"Read","floor":19.0,"gold_loss":0.0,"damage_taken":0.0,"cards_obtained":["Scrape"]},{"damage_healed":0.0,"max_hp_gain":0.0,"max_hp_loss":0.0,"gold_gain":0.0,"event_name":"The Mausoleum","player_choice":"Opened","floor":20.0,"gold_loss":0.0,"damage_taken":0.0,"relics_obtained":["TungstenRod"],"cards_obtained":["Writhe"]},{"damage_healed":0.0,"max_hp_gain":0.0,"max_hp_loss":0.0,"gold_gain":0.0,"event_name":"Match and Keep!","player_choice":"0 cards matched","floor":21.0,"gold_loss":0.0,"damage_taken":0.0,"cards_obtained":[]},{"damage_healed":0.0,"max_hp_gain":0.0,"max_hp_loss":0.0,"gold_gain":0.0,"event_name":"Drug Dealer","player_choice":"Inject Mutagens","floor":27.0,"gold_loss":0.0,"damage_taken":0.0,"relics_obtained":["MutagenicStrength"]},{"damage_healed":0.0,"max_hp_gain":0.0,"max_hp_loss":0.0,"gold_gain":0.0,"event_name":"Mysterious Sphere","player_choice":"Fight","floor":38.0,"gold_loss":0.0,"damage_taken":0.0},{"damage_healed":0.0,"max_hp_gain":0.0,"max_hp_loss":0.0,"gold_gain":0.0,"event_name":"Duplicator","player_choice":"Copied","floor":42.0,"gold_loss":0.0,"damage_taken":0.0,"cards_obtained":["Machine Learning"]},{"damage_healed":0.0,"max_hp_gain":0.0,"max_hp_loss":4.0,"gold_gain":0.0,"event_name":"Winding Halls","player_choice":"Max HP","floor":47.0,"gold_loss":0.0,"damage_taken":0.0},{"damage_healed":0.0,"max_hp_gain":0.0,"max_hp_loss":0.0,"gold_gain":333.0,"event_name":"The Moai Head","player_choice":"Gave Idol","floor":48.0,"relics_lost":["Golden Idol"],"gold_loss":0.0,"damage_taken":0.0}],"is_beta":false,"boss_relics":[{"not_picked":["Astrolabe","Nuclear Battery"],"picked":"Runic Pyramid"},{"not_picked":["FrozenCore","Pandora\u0027s Box"],"picked":"Empty Cage"}],"items_purged_floors":[4,12,30,39],"is_endless":false,"potions_floor_spawned":[3,7,11,16,18,22,28,37,38,41,45],"ascension_level":0}}