{"host":"pm6tps78s2qrawcb","time":1613598847,"event":{"mods":["BaseMod","BetterRewards","Colored Map","Downfall","Hubris","Infinite Spire","Mimic Mod","Minty Spire (QoL Compilation)","Reliquary","Replay The Spire","Shop Mod","StSLib"],"gold_per_floor":[113,130,130,130,130,130,165,181,207,207,221,244,265,288,288,288,288],"floor_reached":16,"language":"ENG","playtime":527,"items_purged":[],"score":160,"play_id":"15221cae-6fec-4200-993d-671c6eede060","local_time":"20210217215407","is_ascension_mode":true,"campfire_choices":[{"floor":6,"key":"DIG"},{"floor":15,"key":"REST"}],"circlet_count":0,"master_deck":["Strike_R","Strike_R","Strike_R","Strike_R","Strike_R","Defend_R","Defend_R","Defend_R","Defend_R","Bash","Bludgeon+1","Metallicize","hubris:NaturalOne","Reaper"],"relics":["Burning Blood","Ice Cream","infinitespire:Joker Card","Shovel","Golden Idol","hubris:Icosahedron","reliquary:Stiletto","infinitespire:Beetle Shell","reliquary:Spinner","Blue Candle","reliquary:Aerogel"],"acts_visited":["Exordium"],"potions_floor_usage":[11,13],"damage_taken":[{"damage":0,"enemies":"Cultist","floor":1,"turns":2},{"damage":5,"enemies":"Small Slimes","floor":2,"turns":2},{"damage":24,"enemies":"Gremlin Nob","floor":7,"turns":4},{"damage":6,"enemies":"Jaw Worm","floor":8,"turns":2},{"damage":1,"enemies":"Large Slime","floor":11,"turns":4},{"damage":10,"enemies":"Blue Slaver","floor":13,"turns":3},{"damage":8,"enemies":"Exordium Wildlife","floor":14,"turns":5},{"damage":32,"enemies":"Slime Boss","floor":16,"turns":3}],"seed_played":"8407172079516212775","potions_obtained":[{"floor":7,"key":"ElixirPotion"},{"floor":11,"key":"SkillPotion"}],"is_trial":false,"path_per_floor":["M","M","?","?","?","R","E","M","T","?","M","T","M","M","R","B"],"character_chosen":"IRONCLAD","items_purchased":["infinitespire:Joker Card","Bludgeon"],"campfire_rested":1,"item_purchase_floors":[0,0],"current_hp_per_floor":[50,51,31,31,31,31,13,13,13,8,13,13,9,7,31,0,0],"gold":288,"neow_bonus":"","is_daily":false,"chose_seed":false,"campfire_upgraded":0,"win_rate":0.0,"timestamp":1613598847,"path_taken":["M","M","?","?","?","R","E","M","T","?","?","?","M","M","R","BOSS"],"items_purchased_type":["Relic","Card"],"build_version":"2020-12-22","purchased_purges":0,"victory":false,"max_hp_per_floor":[80,80,80,80,80,80,80,80,80,80,80,80,80,80,80,80,80],"card_choices":[{"not_picked":["Twin Strike","Headbutt"],"picked":"Metallicize","floor":1},{"not_picked":["Clothesline","Havoc","Rupture"],"picked":"SKIP","floor":2},{"not_picked":["Life Link","Feel No Pain","Replay:Undeath\u0027s Touch"],"picked":"SKIP","floor":7},{"not_picked":["Anger","Blood for Blood","ReplayTheSpireMod:Strike From Hell"],"picked":"SKIP","floor":8},{"not_picked":["Anger","Rage","Flex"],"picked":"SKIP","floor":11},{"not_picked":["Sentinel","Flex","hubris:ReadiedAction"],"picked":"SKIP","floor":13},{"not_picked":["infinitespire:OneForAll","Heavy Blade"],"picked":"Reaper","floor":14}],"player_experience":310437,"relics_obtained":[{"floor":6,"key":"reliquary:Stiletto"},{"floor":7,"key":"infinitespire:Beetle Shell"},{"floor":9,"key":"reliquary:Spinner"},{"floor":12,"key":"reliquary:Aerogel"}],"event_choices":[{"damage_healed":0,"gold_gain":0,"player_choice":"Take Damage","damage_taken":20,"relics_obtained":["Golden Idol"],"max_hp_gain":0,"max_hp_loss":0,"event_name":"Golden Idol","floor":3,"gold_loss":0}],"is_beta":false,"boss_relics":[],"items_purged_floors":[],"is_endless":false,"potions_floor_spawned":[7,11],"killed_by":"Slime Boss","ascension_level":1}}