{"host":"a1eatafr7pisesky","time":1613569380,"event":{"mods":["AchievementEnabler","BaseMod","Colored Map","Keyboard Shortcuts","Minty Spire (QoL Compilation)","Say the Spire","StSLib","SuperFastMode","everything is the same but u backflip on backflip"],"gold_per_floor":[13,13,31,51,126,126,160,85,85,85,85],"floor_reached":10,"language":"KOR","playtime":174,"items_purged":["Strike_R"],"score":129,"play_id":"c3db49f3-bcee-4a53-b9c2-50cf32ea6723","local_time":"20210217224300","is_ascension_mode":true,"campfire_choices":[{"data":"Bash","floor":6,"key":"SMITH"}],"circlet_count":0,"master_deck":["AscendersBane","Strike_R","Strike_R","Strike_R","Defend_R","Defend_R","Defend_R","Bash+1","Dropkick","Cleave"],"relics":["Burning Blood","Golden Idol","CaptainsWheel","Pocketwatch"],"acts_visited":["Exordium"],"potions_floor_usage":[10],"damage_taken":[{"damage":7,"enemies":"Small Slimes","floor":1,"turns":5},{"damage":3,"enemies":"2 Louse","floor":3,"turns":2},{"damage":6,"enemies":"Cultist","floor":4,"turns":3},{"damage":35,"enemies":"Lagavulin","floor":7,"turns":5},{"damage":35,"enemies":"3 Sentries","floor":10,"turns":8}],"seed_played":"855828682872522825","potions_obtained":[{"floor":1,"key":"ElixirPotion"},{"floor":7,"key":"SneckoOil"}],"is_trial":false,"path_per_floor":["M","?","M","M","?","R","E","$","T","E"],"character_chosen":"IRONCLAD","items_purchased":[],"campfire_rested":0,"item_purchase_floors":[],"current_hp_per_floor":[67,67,68,68,57,57,28,28,28,0,0],"gold":85,"neow_bonus":"REMOVE_TWO","is_daily":false,"chose_seed":false,"campfire_upgraded":1,"win_rate":0.0,"timestamp":1613569380,"path_taken":["M","?","M","M","?","R","E","$","T","E"],"items_purchased_type":[],"build_version":"2020-12-22","purchased_purges":1,"victory":false,"max_hp_per_floor":[75,68,68,68,68,68,68,68,68,68,68],"card_choices":[{"not_picked":["Hemokinesis","Twin Strike"],"picked":"Dropkick","floor":1},{"not_picked":["Cleave","Sword Boomerang","Flex"],"picked":"SKIP","floor":3},{"not_picked":["Sword Boomerang","Flex"],"picked":"Cleave","floor":3},{"not_picked":["Sword Boomerang","Wild Strike","Clothesline"],"picked":"SKIP","floor":4},{"not_picked":["Uppercut","Headbutt","Sword Boomerang"],"picked":"SKIP","floor":7}],"player_experience":465466,"relics_obtained":[{"floor":7,"key":"CaptainsWheel"},{"floor":9,"key":"Pocketwatch"}],"event_choices":[{"damage_healed":0,"gold_gain":0,"player_choice":"Lose Max HP","damage_taken":0,"relics_obtained":["Golden Idol"],"max_hp_gain":0,"max_hp_loss":7,"event_name":"Golden Idol","floor":2,"gold_loss":0},{"damage_healed":0,"gold_gain":75,"player_choice":"Gather Gold","damage_taken":11,"max_hp_gain":0,"max_hp_loss":0,"event_name":"World of Goop","floor":5,"gold_loss":0}],"is_beta":false,"boss_relics":[],"items_purged_floors":[8],"is_endless":false,"potions_floor_spawned":[1,7],"killed_by":"3 Sentries","ascension_level":19}}