{"host":"kag8mfq4or8nkqb2","time":1613592483,"event":{"mods":["2.2 Compatiblity","BaseMod","Colored Map","Colored Powertips","Downfall","Minty Spire (QoL Compilation)","Relic Stats","StSLib"],"gold_per_floor":[99,110,120,120,120,153,153,218,232,251,251,89,107,123,134,232,232,232,246,256,276,361,381,381,266,277,29,29,57,57,86,101,199,199,99,114,114,184,184,219,244,253,287,306,328,358,358,392,415,415],"floor_reached":51,"language":"ENG","playtime":3542,"items_purged":["downfall:Malfunctioning","champ:Strike","Pain"],"score":1002,"play_id":"c84ea319-03f2-45ce-a684-b1fda0b0db22","local_time":"20210217200803","is_ascension_mode":true,"campfire_choices":[{"data":"champ:Taunt","floor":1.0,"key":"SMITH"},{"floor":11.0,"key":"REST"},{"data":"champ:Improvising","floor":18.0,"key":"SMITH"},{"data":"champ:AdrenalArmor","floor":35,"key":"SMITH"}],"circlet_count":0,"master_deck":["champ:Strike+1","champ:Defend+1","champ:Defend+1","champ:Defend+1","champ:Execute","champ:Taunt+1","champ:Encircle","champ:ArenaPreparation+1","champ:BringItOn","champ:EnragedBash+1","champ:AdrenalArmor","champ:EnGarde","champ:HeartStrike+1","champ:FanOfKnives+1","champ:BerserkerStyle","champ:Improvising+1","champ:StanceDance+1","champ:AdrenalArmor+1","champ:Endure+1","champ:EnGarde+1","champ:ArenaPreparation","champ:FaceSlap+1","champ:StanceDance","champ:VampiricStrike+1","champ:FanOfKnives+1","champ:Improvising+1","champ:BerserkersShout+1","champ:Shatter+1","champ:ArenaPreparation+1"],"relics":["champ:ChampionCrown","Molten Egg 2","Bag of Marbles","Coffee Dripper","hexamod:CandleOfCauterizing","Lee\u0027s Waffle","downfall:RedIOU","StrikeDummy","WarpedTongs","Incense Burner","Black Star","downfall:HeartBlessingGreen","Vajra","Orichalcum","Ginger","CeramicFish","MealTicket","Prayer Wheel","Nunchaku","Singing Bowl","Gremlin Horn","Pear"],"acts_visited":["Exordium","TheCity","TheBeyond"],"potions_floor_usage":[50,50,50],"damage_taken":[{"damage":10.0,"enemies":"2 Louse","floor":2.0,"turns":3.0},{"damage":13.0,"enemies":"Jaw Worm","floor":3.0,"turns":3.0},{"damage":49.0,"enemies":"3 Sentries","floor":6.0,"turns":11.0},{"damage":20.0,"enemies":"Gremlin Nob","floor":8.0,"turns":4.0},{"damage":5.0,"enemies":"Cultist","floor":9.0,"turns":3.0},{"damage":20.0,"enemies":"Lots of Slimes","floor":10.0,"turns":3.0},{"damage":20.0,"enemies":"downfall:FleeingMerchant","floor":12.0,"turns":4.0},{"damage":15.0,"enemies":"downfall:LooterAlt","floor":13.0,"turns":3.0},{"damage":35.0,"enemies":"Exordium Thugs","floor":14.0,"turns":3.0},{"damage":5.0,"enemies":"3 Louse","floor":15.0,"turns":2.0},{"damage":39.0,"enemies":"DF_ARCHETYPE_STREAMLINE","floor":16.0,"turns":10.0},{"damage":59.0,"enemies":"Shell Parasite","floor":19.0,"turns":4.0},{"damage":45.0,"enemies":"3 Byrds","floor":20.0,"turns":4.0},{"damage":48.0,"enemies":"Snake Plant","floor":21.0,"turns":3.0},{"damage":97.0,"enemies":"Centurion and Healer","floor":23.0,"turns":5.0},{"damage":34.0,"enemies":"downfall:FleeingMerchant","floor":25.0,"turns":4.0},{"damage":62.0,"enemies":"Snecko","floor":26.0,"turns":3.0},{"damage":55.0,"enemies":"downfall:FleeingMerchant","floor":27.0,"turns":4.0},{"damage":104.0,"enemies":"Gremlin Leader","floor":29.0,"turns":5.0},{"damage":24,"enemies":"Slavers","floor":31,"turns":3},{"damage":60,"enemies":"Chosen and Byrds","floor":32,"turns":4},{"damage":92,"enemies":"IC_MUSHROOM_ARCHETYPE","floor":33,"turns":6},{"damage":35,"enemies":"3 Shapes","floor":36,"turns":2},{"damage":0,"enemies":"downfall:FleeingMerchant","floor":38,"turns":1},{"damage":102,"enemies":"Giant Head","floor":40,"turns":6},{"damage":62,"enemies":"Nemesis","floor":43,"turns":5},{"damage":0,"enemies":"3 Darklings","floor":44,"turns":1},{"damage":42,"enemies":"Sphere and 2 Shapes","floor":45,"turns":4},{"damage":90,"enemies":"Giant Head","floor":46,"turns":6},{"damage":65,"enemies":"Reptomancer","floor":48,"turns":4},{"damage":81,"enemies":"Jaw Worm Horde","floor":49,"turns":3},{"damage":70,"enemies":"WA_ARCHETYPE_DIVINITY","floor":50,"turns":5}],"seed_played":"-5361302096956915329","potions_obtained":[{"floor":3.0,"key":"EssenceOfSteel"},{"floor":6.0,"key":"Swift Potion"},{"floor":10.0,"key":"EntropicBrew"},{"floor":14.0,"key":"PowerPotion"},{"floor":16.0,"key":"AttackPotion"},{"floor":20.0,"key":"PowerPotion"}],"is_trial":false,"path_per_floor":["R","M","M","?","?","E","T","?","M","M","R","$","M","M","M","B",null,"R","M","M","M","?","M","T","$","M","$","?","E","?","E","M","B",null,"R","M","?","$","?","E","T","?","E","M","M","E","?","E","M","B",null],"character_chosen":"THE_CHAMP","items_purchased":["champ:HeartStrike+1","Lee\u0027s Waffle","champ:FaceSlap+1","Vajra"],"campfire_rested":1,"item_purchase_floors":[12,27,27,38],"current_hp_per_floor":[63,63,60,60,60,21,21,21,21,21,48,43,43,43,43,37,90,90,86,86,73,55,35,35,35,20,97,97,92,92,88,83,53,97,97,97,97,97,97,97,97,97,75,75,73,97,97,109,113,113],"gold":415,"neow_bonus":"REMOVE_TWO","is_daily":false,"chose_seed":false,"campfire_upgraded":3,"win_rate":0.0,"timestamp":1613592483,"path_taken":["R","M","M","?","?","E","T","?","M","M","R","$","M","?","M","BOSS","R","M","?","?","?","M","T","?","M","$","?","E","?","E","M","BOSS","R","M","?","$","?","E","T","?","E","M","?","E","?","E","M","BOSS"],"items_purchased_type":["Card","Relic","Card","Relic"],"build_version":"2020-12-22","purchased_purges":3,"victory":true,"max_hp_per_floor":[90,90,90,90,90,90,90,90,90,90,90,90,90,90,90,90,90,90,90,90,90,90,90,90,90,90,97,97,97,97,97,97,97,97,97,97,97,97,97,97,97,97,97,97,97,99,99,111,113,113],"relic_stats":{"Lee\u0027s Waffle":77,"Singing Bowl":6,"Gremlin Horn":[2,2],"counters":[32,131],"CeramicFish":36,"Ginger":[6],"Orichalcum":[0],"WarpedTongs":[50],"Nunchaku":[3],"MealTicket":0,"Prayer Wheel":3,"Black Star":4,"obtain_stats":[{"hexamod:CandleOfCauterizing":24,"Lee\u0027s Waffle":27,"Pear":48,"Singing Bowl":46,"Gremlin Horn":48,"CeramicFish":41,"Vajra":38,"champ:ChampionCrown":0,"downfall:HeartBlessingGreen":35,"Incense Burner":31,"Ginger":40,"War Paint":6,"Orichalcum":40,"WarpedTongs":30,"Nunchaku":46,"Molten Egg 2":7,"MealTicket":43,"Prayer Wheel":43,"downfall:RedIOU":28,"Bag of Marbles":8,"Coffee Dripper":17,"Black Star":34,"StrikeDummy":29},{"hexamod:CandleOfCauterizing":15,"Lee\u0027s Waffle":18,"Pear":30,"Singing Bowl":29,"Gremlin Horn":30,"CeramicFish":25,"Vajra":24,"champ:ChampionCrown":0,"downfall:HeartBlessingGreen":22,"Incense Burner":20,"Ginger":25,"War Paint":3,"Orichalcum":25,"WarpedTongs":19,"Nunchaku":29,"Molten Egg 2":3,"MealTicket":26,"Prayer Wheel":26,"downfall:RedIOU":18,"Bag of Marbles":4,"Coffee Dripper":11,"Black Star":22,"StrikeDummy":19},{"hexamod:CandleOfCauterizing":65,"Lee\u0027s Waffle":76,"Pear":123,"Singing Bowl":119,"Gremlin Horn":123,"CeramicFish":103,"Vajra":97,"champ:ChampionCrown":0,"downfall:HeartBlessingGreen":94,"Incense Burner":84,"Ginger":103,"War Paint":17,"Orichalcum":103,"WarpedTongs":81,"Nunchaku":119,"Molten Egg 2":17,"MealTicket":108,"Prayer Wheel":108,"downfall:RedIOU":76,"Bag of Marbles":21,"Coffee Dripper":49,"Black Star":94,"StrikeDummy":81}]},"card_choices":[{"not_picked":["champ:BerserkerStyle","champ:BringItOn"],"picked":"champ:Encircle","floor":2.0},{"not_picked":["champ:TornadoPunch","champ:FlashCut","champ:CrownThrow"],"picked":"SKIP","floor":3.0},{"not_picked":["champ:Circumvent","champ:PerfectedStrike"],"picked":"champ:ArenaPreparation","floor":6.0},{"not_picked":["champ:SkillfulDodge","champ:FalseCounter"],"picked":"champ:BringItOn","floor":8.0},{"not_picked":["champ:Circumvent","champ:SetATrap"],"picked":"champ:EnragedBash+1","floor":9.0},{"not_picked":["champ:Backstep","champ:EnGarde"],"picked":"champ:AdrenalArmor","floor":10.0},{"not_picked":["champ:SkillfulDodge","champ:PreciseThrust+1"],"picked":"champ:EnGarde","floor":12.0},{"not_picked":["champ:Haymaker+1","champ:ShieldWall"],"picked":"champ:FanOfKnives+1","floor":13.0},{"not_picked":["champ:CalledShot","champ:Parry"],"picked":"champ:BerserkerStyle","floor":14.0},{"not_picked":["champ:FaceSlap+1","champ:PerfectedStrike+1"],"picked":"champ:Improvising","floor":15.0},{"not_picked":["champ:DeathBlow+1","champ:EnGarde","champ:SetATrap"],"picked":"SKIP","floor":19.0},{"not_picked":["champ:IronFortress","champ:CrookedStrike+1"],"picked":"champ:StanceDance+1","floor":20.0},{"not_picked":["champ:Backstep","champ:RapidStrikes+1"],"picked":"champ:AdrenalArmor","floor":21.0},{"not_picked":["champ:FancyFootwork","champ:BladeFlurry+1"],"picked":"champ:Endure+1","floor":23.0},{"not_picked":["champ:FlashCut+1","champ:PreemptiveStrike+1"],"picked":"champ:EnGarde+1","floor":25.0},{"not_picked":["champ:SetATrap","champ:SkillfulDodge+1","champ:Parry"],"picked":"SKIP","floor":26.0},{"not_picked":["champ:CrookedStrike+1","champ:TornadoPunch+1"],"picked":"champ:ArenaPreparation","floor":27.0},{"not_picked":["champ:Shatter+1","champ:SwordThrow+1"],"picked":"champ:StanceDance","floor":29.0},{"not_picked":["champ:StanceDance","champ:FlashCut+1","champ:TornadoPunch+1"],"picked":"SKIP","floor":31},{"not_picked":["champ:CrownThrow+1","champ:BerserkerStyle","champ:Parry"],"picked":"SKIP","floor":32},{"not_picked":["champ:HoldFirm","champ:IgnorePain"],"picked":"champ:VampiricStrike+1","floor":33},{"not_picked":["champ:ShieldSlam+1","champ:FocusedDefense+1"],"picked":"champ:FanOfKnives+1","floor":36},{"not_picked":["champ:Haymaker+1","champ:DefensiveStyle+1","champ:Endure"],"picked":"SKIP","floor":38},{"not_picked":["champ:DefensiveShout+1","champ:EnGarde+1","champ:TornadoPunch+1"],"picked":"SKIP","floor":40},{"not_picked":["champ:BringItOn+1","champ:FocusedDefense+1"],"picked":"champ:BerserkersShout+1","floor":43},{"not_picked":["champ:FanOfKnives+1","champ:BladeFlurry+1","champ:Circumvent"],"picked":"SKIP","floor":44},{"not_picked":["champ:RisingSlash+1","champ:BringItOn","champ:VampiricStrike+1"],"picked":"SKIP","floor":44},{"not_picked":["champ:HeartStrike+1","champ:StanceDance"],"picked":"champ:Shatter+1","floor":45},{"not_picked":["champ:BringItOn","champ:Haymaker+1","champ:GutPunch+1"],"picked":"SKIP","floor":45},{"not_picked":["champ:CalledShot+1","champ:PreemptiveStrike+1","champ:BladeFlurry+1"],"picked":"Singing Bowl","floor":46},{"not_picked":["champ:Haymaker+1","champ:CrownThrow+1","champ:RecklessLeap+1"],"picked":"Singing Bowl","floor":48},{"not_picked":["champ:PreciseThrust+1","champ:DancingMaster","champ:TornadoPunch+1"],"picked":"Singing Bowl","floor":49},{"not_picked":["champ:Circumvent","champ:BringItOn"],"picked":"champ:ArenaPreparation+1","floor":49}],"player_experience":1106767,"relics_obtained":[{"floor":6.0,"key":"War Paint"},{"floor":7.0,"key":"Molten Egg 2"},{"floor":8.0,"key":"Bag of Marbles"},{"floor":24.0,"key":"hexamod:CandleOfCauterizing"},{"floor":29.0,"key":"StrikeDummy"},{"floor":31,"key":"Incense Burner"},{"floor":40,"key":"Orichalcum"},{"floor":40,"key":"Ginger"},{"floor":41,"key":"CeramicFish"},{"floor":43,"key":"MealTicket"},{"floor":43,"key":"Prayer Wheel"},{"floor":46,"key":"Nunchaku"},{"floor":46,"key":"Singing Bowl"},{"floor":48,"key":"Gremlin Horn"},{"floor":48,"key":"Pear"}],"event_choices":[{"damage_healed":0.0,"max_hp_gain":0.0,"max_hp_loss":0.0,"gold_gain":0.0,"event_name":"Accursed Blacksmith","player_choice":"Rummage","floor":30.0,"gold_loss":0.0,"damage_taken":0.0,"relics_obtained":["WarpedTongs"],"cards_obtained":["Pain"]}],"is_beta":false,"boss_relics":[{"not_picked":["bronze:MakeshiftBattery","Tiny House"],"picked":"Coffee Dripper"},{"not_picked":["Velvet Choker","champ:ChampionCrownUpgraded"],"picked":"Black Star"}],"items_purged_floors":[12,25,38],"is_endless":false,"potions_floor_spawned":[3,6,10,14,16,20,21,31,32,36,44,45],"ascension_level":1}}