{"host":"v86vpwf004p2esb7","time":1613548093,"event":{"mods":["AchievementEnabler","BaseMod","BetterRewards","Colored Powertips","Minty Spire (QoL Compilation)","Quick Restart","StSLib","Transform Curses"],"gold_per_floor":[112,287,302,318,334,368,380,380,380,380,391,423,436,463,463,562,562,576,576,576,586,76,86,105,139,139,179,179,179,219,248,248,358,358,382,382,401,424,8,44,44,61,140,160,186,215,215,274,274,274,274,274,59,59,59],"floor_reached":54,"language":"ENG","playtime":2683,"items_purged":["Doubt"],"score":912,"play_id":"0f3bd220-2d0d-4277-9202-fa1b1d9bffe6","local_time":"20210216234813","is_ascension_mode":true,"campfire_choices":[{"floor":8.0,"key":"REST"},{"data":"Double Tap","floor":15,"key":"SMITH"},{"floor":29,"key":"RECALL"},{"data":"Armaments","floor":32,"key":"SMITH"},{"data":"Barricade","floor":41,"key":"SMITH"},{"data":"Armaments","floor":47,"key":"SMITH"},{"data":"Rage","floor":49,"key":"SMITH"},{"data":"Infernal Blade","floor":52,"key":"SMITH"}],"circlet_count":0,"master_deck":["Strike_R","Strike_R","Strike_R","Strike_R","Strike_R","Defend_R","Defend_R","Defend_R","Defend_R","Bash","Heavy Blade+1","Twin Strike+1","Rampage+1","Body Slam+1","Cleave+1","Reckless Charge+1","Spot Weakness","Flex","Rage+1","Iron Wave+1","Double Tap+1","Flex","Cleave+1","Anger+1","Barricade+1","Rampage+1","Double Tap+1","Anger+1","Armaments+1","Pommel Strike+1","Headbutt+1","Reaper+1","Headbutt+1","Cleave+1","Twin Strike+1","Juggernaut","Armaments+1","Body Slam+1","Perfected Strike+1","Thunderclap+1","Perfected Strike+1","Dual Wield","Entrench+1","Infernal Blade+1","Juggernaut"],"relics":["Black Blood","Mercury Hourglass","Molten Egg 2","Ornamental Fan","White Beast Statue","Bag of Marbles","Mango","Pear","Mark of Pain","Vajra","Question Card","Blue Candle","CeramicFish","Potion Belt","Smiling Mask","HandDrill","HornCleat","Bag of Preparation","Eternal Feather","Calipers"],"acts_visited":["Exordium","TheCity","TheBeyond","TheEnding"],"potions_floor_usage":[16,33,33,33,40,50,50,50,50,54,54],"damage_taken":[{"damage":12.0,"enemies":"Jaw Worm","floor":1.0,"turns":2.0},{"damage":0.0,"enemies":"2 Louse","floor":3.0,"turns":2.0},{"damage":1.0,"enemies":"Cultist","floor":4.0,"turns":3.0},{"damage":24.0,"enemies":"Exordium Thugs","floor":5.0,"turns":3.0},{"damage":25.0,"enemies":"Lagavulin","floor":6.0,"turns":6.0},{"damage":7.0,"enemies":"Looter","floor":7.0,"turns":2.0},{"damage":2.0,"enemies":"Gremlin Gang","floor":11.0,"turns":3.0},{"damage":12.0,"enemies":"Gremlin Nob","floor":12.0,"turns":3.0},{"damage":0.0,"enemies":"3 Louse","floor":13.0,"turns":1.0},{"damage":11,"enemies":"Lagavulin","floor":14,"turns":4},{"damage":27,"enemies":"Hexaghost","floor":16,"turns":7},{"damage":6,"enemies":"3 Byrds","floor":18,"turns":3},{"damage":2,"enemies":"Spheric Guardian","floor":21,"turns":3},{"damage":6,"enemies":"Cultist and Chosen","floor":23,"turns":4},{"damage":1,"enemies":"Snecko","floor":24,"turns":3},{"damage":37,"enemies":"Slavers","floor":25,"turns":4},{"damage":43,"enemies":"Book of Stabbing","floor":27,"turns":4},{"damage":18,"enemies":"Slavers","floor":30,"turns":4},{"damage":19,"enemies":"Centurion and Healer","floor":31,"turns":3},{"damage":57,"enemies":"Automaton","floor":33,"turns":10},{"damage":0,"enemies":"Orb Walker","floor":35,"turns":2},{"damage":13,"enemies":"3 Shapes","floor":37,"turns":2},{"damage":0,"enemies":"Sphere and 2 Shapes","floor":38,"turns":3},{"damage":61,"enemies":"Nemesis","floor":40,"turns":9},{"damage":31,"enemies":"Spire Growth","floor":42,"turns":5},{"damage":21,"enemies":"4 Shapes","floor":44,"turns":3},{"damage":0,"enemies":"Sphere and 2 Shapes","floor":45,"turns":3},{"damage":62,"enemies":"Transient","floor":46,"turns":5},{"damage":6,"enemies":"Mind Bloom Boss Battle","floor":48,"turns":3},{"damage":91,"enemies":"Time Eater","floor":50,"turns":8},{"damage":128,"enemies":"Shield and Spear","floor":54,"turns":6}],"seed_played":"-8100873533016095170","potions_obtained":[{"floor":3.0,"key":"BlessingOfTheForge"},{"floor":5.0,"key":"FearPotion"},{"floor":11.0,"key":"SkillPotion"},{"floor":12.0,"key":"EssenceOfSteel"},{"floor":13,"key":"Block Potion"},{"floor":14,"key":"BlessingOfTheForge"},{"floor":16,"key":"AttackPotion"},{"floor":24,"key":"BloodPotion"},{"floor":30,"key":"GamblersBrew"},{"floor":31,"key":"Fire Potion"},{"floor":33,"key":"BlessingOfTheForge"},{"floor":35,"key":"LiquidBronze"},{"floor":37,"key":"Explosive Potion"},{"floor":38,"key":"Block Potion"},{"floor":40,"key":"CultistPotion"},{"floor":42,"key":"DuplicationPotion"},{"floor":48,"key":"DuplicationPotion"}],"is_trial":false,"path_per_floor":["M","?","M","M","M","E","M","R","T","?","M","E","M","E","R","B",null,"M","?","?","M","$","M","M","E","T","E","?","R","E","M","R","B",null,"M","?","M","M","$","E","R","M","T","M","M","M","R","?","R","B",null,"R","$","E"],"character_chosen":"IRONCLAD","items_purchased":["Mercury Hourglass","Molten Egg 2","Heavy Blade+1","Twin Strike+1","Rampage+1","Body Slam+1","Vajra","Armaments","Question Card","HandDrill","HornCleat","Juggernaut","PowerPotion","Energy Potion","Explosive Potion"],"campfire_rested":1,"item_purchase_floors":[0,0,0,0,0,0,22,22,22,39,39,53,53,53,53],"current_hp_per_floor":[38,38,44,49,31,12,11,35,35,35,39,47,53,58,58,37,104,104,104,104,104,104,104,104,73,73,36,36,36,51,50,50,28,104,104,104,103,104,104,55,55,48,48,99,104,54,78,84,104,26,104,104,104,0,0],"gold":59,"neow_bonus":"","is_daily":false,"chose_seed":false,"campfire_upgraded":6,"win_rate":0.0,"timestamp":1613548093,"path_taken":["M","?","M","M","M","E","M","R","T","?","?","E","M","E","R","BOSS","M","?","?","?","$","M","M","E","T","E","?","R","E","?","R","BOSS","M","?","?","M","$","E","R","M","T","M","M","M","R","?","R","BOSS","R","$","E"],"items_purchased_type":["Relic","Relic","Card","Card","Card","Card","Relic","Card","Relic","Relic","Relic","Card","Potion","Potion","Potion"],"build_version":"2020-12-22","purchased_purges":1,"victory":false,"max_hp_per_floor":[80,80,80,80,80,80,80,80,80,80,80,94,94,104,104,104,104,104,104,104,104,104,104,104,104,104,104,104,104,104,104,104,104,104,104,104,104,104,104,104,104,104,104,104,104,104,104,104,104,104,104,104,104,104,104],"card_choices":[{"not_picked":["Body Slam+1","Headbutt+1"],"picked":"Cleave+1","floor":1.0},{"not_picked":["Havoc","Hemokinesis+1"],"picked":"Reckless Charge+1","floor":3.0},{"not_picked":["Feel No Pain","Twin Strike+1"],"picked":"Spot Weakness","floor":4.0},{"not_picked":["Clash+1","Havoc"],"picked":"Flex","floor":5.0},{"not_picked":["Warcry","Twin Strike+1"],"picked":"Rage","floor":6.0},{"not_picked":["Armaments","Cleave+1"],"picked":"Iron Wave+1","floor":7.0},{"not_picked":["Battle Trance","Armaments"],"picked":"Double Tap","floor":11.0},{"not_picked":["Wild Strike+1","Cleave+1"],"picked":"Flex","floor":12.0},{"not_picked":["Dropkick+1","Sever Soul+1"],"picked":"Cleave+1","floor":13},{"not_picked":["Flex","Shrug It Off"],"picked":"Anger+1","floor":14},{"not_picked":["Offering","Juggernaut"],"picked":"Barricade","floor":16},{"not_picked":["Headbutt+1","Cleave+1"],"picked":"Rampage+1","floor":18},{"not_picked":["Pommel Strike+1","Shrug It Off+1"],"picked":"Anger+1","floor":21},{"not_picked":["Sentinel+1","Battle Trance","Searing Blow+1"],"picked":"Pommel Strike+1","floor":23},{"not_picked":["True Grit","Intimidate+1","Spot Weakness"],"picked":"Headbutt+1","floor":24},{"not_picked":["Searing Blow+1","Twin Strike+1","Rupture"],"picked":"Reaper+1","floor":25},{"not_picked":["True Grit","Warcry","Havoc"],"picked":"Headbutt+1","floor":27},{"not_picked":["Rupture","Perfected Strike+1","Spot Weakness"],"picked":"Cleave+1","floor":30},{"not_picked":["Disarm+1","Pommel Strike+1","Bludgeon+1"],"picked":"Twin Strike+1","floor":31},{"not_picked":["Berserk","Limit Break","Immolate+1"],"picked":"Juggernaut","floor":33},{"not_picked":["Searing Blow+1","Twin Strike+1","Havoc"],"picked":"Armaments","floor":35},{"not_picked":["Pummel+1","Ghostly Armor+1","Clash+1"],"picked":"Body Slam+1","floor":37},{"not_picked":["Sword Boomerang+1","Iron Wave+1","Cleave+1"],"picked":"Perfected Strike+1","floor":38},{"not_picked":["Flame Barrier","Pommel Strike+1","Sever Soul+1"],"picked":"Thunderclap+1","floor":40},{"not_picked":["True Grit","Feed+1","Havoc","Clothesline+1"],"picked":"SKIP","floor":42},{"not_picked":["Havoc+1","Carnage+1","Whirlwind+1"],"picked":"Perfected Strike+1","floor":44},{"not_picked":["True Grit+1","Shrug It Off","Thunderclap+1"],"picked":"Dual Wield","floor":45},{"not_picked":["Headbutt+1","Iron Wave+1","Anger+1"],"picked":"Entrench+1","floor":46},{"not_picked":["Clash+1","Armaments+1","Sword Boomerang+1"],"picked":"Infernal Blade","floor":48}],"player_experience":286140,"relics_obtained":[{"floor":6.0,"key":"Ornamental Fan"},{"floor":9.0,"key":"White Beast Statue"},{"floor":12.0,"key":"Mango"},{"floor":14,"key":"Pear"},{"floor":25,"key":"Blue Candle"},{"floor":27,"key":"CeramicFish"},{"floor":28,"key":"Potion Belt"},{"floor":30,"key":"Smiling Mask"},{"floor":40,"key":"Bag of Preparation"},{"floor":43,"key":"Eternal Feather"},{"floor":48,"key":"Calipers"}],"event_choices":[{"damage_healed":0.0,"max_hp_gain":0.0,"max_hp_loss":0.0,"gold_gain":175.0,"event_name":"Liars Game","player_choice":"AGREE","floor":2.0,"gold_loss":0.0,"damage_taken":0.0,"cards_obtained":["Doubt"]},{"damage_healed":0.0,"max_hp_gain":0.0,"max_hp_loss":0.0,"gold_gain":0.0,"event_name":"WeMeetAgain","player_choice":"Gave Potion","floor":10.0,"gold_loss":0.0,"damage_taken":0.0,"relics_obtained":["Bag of Marbles"]},{"damage_healed":0,"gold_gain":0,"player_choice":"Ignored","damage_taken":0,"max_hp_gain":0,"max_hp_loss":0,"event_name":"Vampires","floor":19,"gold_loss":0},{"damage_healed":0,"gold_gain":0,"player_choice":"Copied","damage_taken":0,"max_hp_gain":0,"max_hp_loss":0,"event_name":"Duplicator","floor":20,"gold_loss":0,"cards_obtained":["Double Tap"]},{"damage_healed":0,"gold_gain":0,"player_choice":"Relic","damage_taken":0,"max_hp_gain":0,"max_hp_loss":0,"event_name":"Wheel of Change","floor":28,"gold_loss":0},{"damage_healed":0,"gold_gain":0,"player_choice":"Full Heal","damage_taken":0,"max_hp_gain":0,"max_hp_loss":0,"event_name":"Wheel of Change","floor":36,"gold_loss":0},{"damage_healed":0,"gold_gain":0,"player_choice":"Fight","damage_taken":0,"max_hp_gain":0,"max_hp_loss":0,"event_name":"MindBloom","floor":48,"gold_loss":0}],"is_beta":false,"boss_relics":[{"not_picked":["Pandora\u0027s Box","Philosopher\u0027s Stone"],"picked":"Mark of Pain"},{"not_picked":["Velvet Choker","Fusion Hammer"],"picked":"Black Blood"}],"items_purged_floors":[22],"is_endless":false,"potions_floor_spawned":[3,5,11,12,13,14,16,18,21,23,24,25,27,30,31,33,35,37,38,40,42,44,45,46,48],"killed_by":"Shield and Spear","ascension_level":3}}