{"host":"j37i0m9ltjmpbz2t","time":1613563431,"event":{"mods":["Act Like it!","Arknights","BaseMod","Minty Spire (QoL Compilation)","StSLib"],"gold_per_floor":[118,138,63,81,99,99,126,126,126,126,154,54,387,405,405,510,510,521,532,331,348,358,392,392,406,432,247,263,290,290,302,302,397,397,407,424,424,443,29,29,61,72,99,99,112,52,52,79,79,79,79,79,32,59,59],"floor_reached":56,"language":"ZHS","playtime":4685,"items_purged":["ats:Strike G","ats:Strike V","ats:Strike S","ats:Armor Crushing Shot","ats:Strike C"],"score":1334,"play_id":"8113338d-9761-447f-a23c-6e18304c349d","local_time":"20210217200351","is_ascension_mode":false,"campfire_choices":[{"data":"ats:Emotion Absorption","floor":6.0,"key":"SMITH"},{"data":"ats:Apocalypse","floor":8.0,"key":"SMITH"},{"floor":10.0,"key":"REST"},{"data":"ats:Volcano","floor":15.0,"key":"SMITH"},{"data":"ats:Hook Shot","floor":24.0,"key":"SMITH"},{"data":"ats:Mental Burst","floor":30.0,"key":"SMITH"},{"data":"ats:Thorns","floor":32.0,"key":"SMITH"},{"data":"ats:Revitalization","floor":40.0,"key":"SMITH"},{"data":"ats:Guardian Obelisk","floor":44.0,"key":"SMITH"},{"floor":49.0,"key":"RECALL"},{"data":"ats:Burning Ground","floor":52.0,"key":"SMITH"}],"circlet_count":0,"master_deck":["ats:Defend","ats:Defend","ats:Emotion Absorption+1","ats:Apocalypse+1","ats:Leaping Hammer","ats:LN2 Cannon","ats:Volcano+1","CurseOfTheBell","ats:Revitalization+1","ats:Hook Shot+1","ats:Mental Burst+1","ats:Composite Medical Shells","ats:Guardian Obelisk+1","ats:Thorns+1","ats:Wolf Pack","ats:Apocalypse+1","ats:Charging Defense+1","ats:Burning Ground+1","ats:Very Hot Blade","ats:Nebulous Foxfire"],"relics":["ats:Sanity","NeowsBlessing","ats:Originium","Question Card","Odd Mushroom","Old Coin","Calling Bell","Regal Pillow","Mercury Hourglass","ats:Omniscience","Bronze Scales","Pen Nib","ats:Berate","ats:Tactical Delivery","White Beast Statue","Blue Candle","Juzu Bracelet","Sundial","Medical Kit","Mummified Hand","Bottled Tornado"],"acts_visited":["Exordium","TheCity","TheBeyond","TheEnding"],"potions_floor_usage":[],"damage_taken":[{"damage":0.0,"enemies":"Cultist","floor":1.0,"turns":1.0},{"damage":0.0,"enemies":"ats:Genji","floor":2.0,"turns":1.0},{"damage":0.0,"enemies":"Jaw Worm","floor":4.0,"turns":1.0},{"damage":18.0,"enemies":"Blue Slaver","floor":5.0,"turns":6.0},{"damage":22.0,"enemies":"Gremlin Nob","floor":7.0,"turns":5.0},{"damage":25.0,"enemies":"The Mushroom Lair","floor":11.0,"turns":4.0},{"damage":58.0,"enemies":"Lagavulin","floor":13.0,"turns":9.0},{"damage":6.0,"enemies":"2 Fungi Beasts","floor":14.0,"turns":5.0},{"damage":65.0,"enemies":"Slime Boss","floor":16.0,"turns":11.0},{"damage":6.0,"enemies":"Chosen","floor":18.0,"turns":7.0},{"damage":21.0,"enemies":"2 Thieves","floor":19.0,"turns":4.0},{"damage":24.0,"enemies":"Cultist and Chosen","floor":21.0,"turns":8.0},{"damage":17.0,"enemies":"Shelled Parasite and Fungi","floor":22.0,"turns":6.0},{"damage":23.0,"enemies":"Slavers","floor":23.0,"turns":3.0},{"damage":22.0,"enemies":"Snecko","floor":25.0,"turns":6.0},{"damage":1.0,"enemies":"3 Cultists","floor":28.0,"turns":4.0},{"damage":11.0,"enemies":"Gremlin Leader","floor":29.0,"turns":5.0},{"damage":2.0,"enemies":"Snake Plant","floor":31.0,"turns":3.0},{"damage":45.0,"enemies":"Collector","floor":33.0,"turns":9.0},{"damage":29.0,"enemies":"3 Darklings","floor":35.0,"turns":5.0},{"damage":2.0,"enemies":"Orb Walker","floor":36.0,"turns":4.0},{"damage":1.0,"enemies":"4 Shapes","floor":38.0,"turns":5.0},{"damage":72.0,"enemies":"Nemesis","floor":41.0,"turns":8.0},{"damage":12.0,"enemies":"Writhing Mass","floor":42.0,"turns":7.0},{"damage":50.0,"enemies":"Spire Growth","floor":45.0,"turns":7.0},{"damage":36.0,"enemies":"Giant Head","floor":48.0,"turns":11.0},{"damage":100.0,"enemies":"Awakened One","floor":50.0,"turns":15.0},{"damage":0,"enemies":"Shield and Spear","floor":54,"turns":6},{"damage":0,"enemies":"The Heart","floor":55,"turns":10}],"seed_played":"-3677405264690347520","potions_obtained":[{"floor":2.0,"key":"SmokeBomb"},{"floor":4.0,"key":"Energy Potion"},{"floor":7.0,"key":"Fruit Juice"},{"floor":14.0,"key":"Block Potion"},{"floor":19.0,"key":"SpeedPotion"},{"floor":21.0,"key":"AttackPotion"},{"floor":23.0,"key":"BlessingOfTheForge"},{"floor":28.0,"key":"Ancient Potion"},{"floor":41.0,"key":"SkillPotion"},{"floor":42.0,"key":"Block Potion"},{"floor":45.0,"key":"Explosive Potion"}],"is_trial":false,"path_per_floor":["M","M","$","M","M","R","E","R","T","R","?","$","E","M","R","B",null,"M","M","$","M","M","E","R","M","T","$","M","E","R","M","R","B",null,"M","M","?","M","$","R","E","M","T","R","M","?","?","E","R","B",null,"R","$","E","B",null],"character_chosen":"DOCTOR_CLASS","items_purchased":["ats:Mental Burst","ats:Guardian Obelisk","White Beast Statue","ats:Very Hot Blade"],"campfire_rested":1,"item_purchase_floors":[20,27,39,53],"current_hp_per_floor":[72,72,72,72,62,62,40,40,40,61,53,53,7,7,7,18,77,71,56,56,50,45,28,28,24,24,24,34,35,35,42,42,18,77,48,61,61,74,74,74,27,51,51,51,40,40,40,60,60,32,77,77,77,770,770],"gold":59,"neow_bonus":"THREE_ENEMY_KILL","is_daily":false,"chose_seed":false,"campfire_upgraded":9,"win_rate":0.0,"timestamp":1613563431,"path_taken":["M","M","$","?","M","R","E","R","T","R","?","?","E","M","R","BOSS","M","M","$","M","M","E","R","M","T","$","M","E","R","M","R","BOSS","M","M","?","?","$","R","E","M","T","R","M","?","?","E","R","BOSS","R","$","E","BOSS"],"items_purchased_type":["Card","Card","Relic","Card"],"build_version":"2020-12-22","purchased_purges":5,"victory":true,"max_hp_per_floor":[72,72,72,72,72,72,72,72,72,72,77,77,77,77,77,77,77,77,77,77,77,77,77,77,77,77,77,77,77,77,77,77,77,77,77,77,77,77,77,77,77,77,77,77,77,77,77,77,77,77,77,77,77,770,770],"card_choices":[{"not_picked":["ats:Absolute Focus","ats:Automatic Cover"],"picked":"ats:Apocalypse","floor":1.0},{"not_picked":["ats:Cat Scratch","ats:Absolute Focus"],"picked":"ats:Leaping Hammer","floor":2.0},{"not_picked":["ats:Defend Order","ats:Consecutive Shot Auto"],"picked":"ats:LN2 Cannon","floor":4.0},{"not_picked":["ats:Blood Oath","ats:Explosion Area Strengthen","ats:Apocalypse"],"picked":"SKIP","floor":5.0},{"not_picked":["ats:True Silver Slash","ats:Apocalypse"],"picked":"ats:Volcano","floor":7.0},{"not_picked":["ats:Shell Defense","ats:Assault Order","ats:Rapid Magazine","ats:LN2 Cannon"],"picked":"SKIP","floor":13.0},{"not_picked":["ats:Shell Defense","ats:Assault Order","ats:Rapid Magazine","ats:LN2 Cannon"],"picked":"SKIP","floor":13.0},{"not_picked":["ats:Absolute Focus","ats:Revitalization","ats:Powerful Strike"],"picked":"ats:Defend Order","floor":14.0},{"not_picked":["ats:Magnetic Hammer","ats:Literary Storm","ats:Explosion Area Strengthen"],"picked":"ats:Revitalization","floor":18.0},{"not_picked":["ats:Leaping Hammer","ats:Cat Scratch+1","ats:Collapsing Strike"],"picked":"ats:Hook Shot","floor":19.0},{"not_picked":["ats:Thermite Blade","ats:Apocalypse","ats:Closed Bolt Burst Fire","ats:Very Hot Blade"],"picked":"SKIP","floor":21.0},{"not_picked":["ats:Curse Doll","ats:Consecutive Shot Auto","ats:LN2 Cannon","ats:Absolute Focus"],"picked":"SKIP","floor":22.0},{"not_picked":["ats:Demon Strength","ats:Encircling Forest","ats:Powerful Strike","ats:Chain Hook+1"],"picked":"SKIP","floor":23.0},{"not_picked":["ats:Flexible Camouflage","ats:Hammer On","ats:Curse Doll"],"picked":"ats:Composite Medical Shells","floor":25.0},{"not_picked":["ats:Dogmatic Field","ats:Healing Strengthening","ats:Poison Spread+1","ats:Thermite Blade"],"picked":"SKIP","floor":28.0},{"not_picked":["ats:Part Time Job","ats:Neurotoxin","ats:Cat Scratch+1","ats:Absolute Focus"],"picked":"SKIP","floor":29.0},{"not_picked":["ats:Song Of Battle","ats:Rapid Magazine","ats:Assault Order"],"picked":"ats:Thorns","floor":31.0},{"not_picked":["ats:Calcification","ats:Volcano","ats:Nebulous Foxfire"],"picked":"ats:Wolf Pack","floor":33.0},{"not_picked":["ats:Hammer On+1","ats:Assault Order+1","ats:Ignite+1","ats:Absolute Focus+1"],"picked":"SKIP","floor":35.0},{"not_picked":["ats:Powerful Strike","ats:Ignite+1","ats:Thermite Blade"],"picked":"ats:Apocalypse+1","floor":36.0},{"not_picked":["ats:Shell Defense+1","ats:Closed Bolt Burst Fire","ats:Echo Reverb","ats:Powerful Strike+1"],"picked":"SKIP","floor":38.0},{"not_picked":["ats:Apocalypse+1","ats:Thorns","ats:Shell Defense+1","ats:Revitalization+1"],"picked":"SKIP","floor":41.0},{"not_picked":["ats:Leaping Hammer","ats:Spore Proliferation+1","ats:Ignite+1","ats:Shell Defense+1"],"picked":"SKIP","floor":42.0},{"not_picked":["ats:Phantom","ats:Red Shift+1","ats:Very Hot Blade"],"picked":"ats:Charging Defense+1","floor":45.0},{"not_picked":["ats:Very Hot Blade+1","ats:Phantom+1","ats:Hammer On+1"],"picked":"ats:Burning Ground","floor":48.0},{"not_picked":["ats:Serious Mode+1","ats:Sword Rain+1","ats:Beaten Up+1"],"picked":"ats:Nebulous Foxfire","floor":54}],"player_experience":182762,"relics_obtained":[{"floor":7.0,"key":"ats:Originium"},{"floor":7.0,"key":"Question Card"},{"floor":11.0,"key":"Odd Mushroom"},{"floor":13.0,"key":"ats:Originium"},{"floor":13.0,"key":"Old Coin"},{"floor":17.0,"key":"Regal Pillow"},{"floor":17.0,"key":"Mercury Hourglass"},{"floor":17.0,"key":"ats:Omniscience"},{"floor":23.0,"key":"ats:Originium"},{"floor":23.0,"key":"Bronze Scales"},{"floor":26.0,"key":"Pen Nib"},{"floor":29.0,"key":"ats:Originium"},{"floor":29.0,"key":"ats:Berate"},{"floor":41.0,"key":"Blue Candle"},{"floor":43.0,"key":"Juzu Bracelet"},{"floor":48.0,"key":"Sundial"},{"floor":54,"key":"Bottled Tornado"}],"event_choices":[{"damage_healed":0.0,"max_hp_gain":0.0,"max_hp_loss":0.0,"gold_gain":0.0,"event_name":"Mushrooms","player_choice":"Fought Mushrooms","floor":11.0,"gold_loss":0.0,"damage_taken":0.0},{"damage_healed":0.0,"max_hp_gain":0.0,"max_hp_loss":0.0,"gold_gain":0.0,"event_name":"SecretPortal","player_choice":"Ignored","floor":37.0,"gold_loss":0.0,"damage_taken":0.0},{"cards_removed":["ats:Defend"],"damage_healed":0.0,"max_hp_gain":0.0,"max_hp_loss":0.0,"gold_gain":0.0,"event_name":"Designer","player_choice":"Single Remove","floor":46.0,"gold_loss":60.0,"damage_taken":0.0},{"cards_removed":["ats:Defend"],"damage_healed":0.0,"max_hp_gain":0.0,"max_hp_loss":0.0,"gold_gain":0.0,"event_name":"Falling","player_choice":"Removed Skill","floor":47.0,"gold_loss":0.0,"damage_taken":0.0}],"is_beta":false,"boss_relics":[{"not_picked":["Coffee Dripper","Cursed Key"],"picked":"Calling Bell"},{"not_picked":["Velvet Choker","Empty Cage"],"picked":"ats:Tactical Delivery"}],"items_purged_floors":[3,12,20,27,39],"is_endless":false,"potions_floor_spawned":[2,4,7,14,19,21,23,28,41,42,45,48,54],"ascension_level":0}}