{"host":"7ue15d6wz1o7m0ar","time":1613601440,"event":{"mods":["BaseMod","Hermit","Minty Spire (QoL Compilation)","Replay The Spire","StSLib"],"gold_per_floor":[111,111,111,38,50,82,100,100,179,125,138,86,86,106,106,201,201,201,201,201,201,201],"floor_reached":21,"language":"ENG","playtime":1043,"items_purged":[],"score":251,"play_id":"7c0fc638-6349-41a3-b27d-827ac4811fe9","local_time":"20210217163720","is_ascension_mode":true,"campfire_choices":[{"floor":8,"key":"REST"},{"floor":13,"key":"REST"},{"data":"Loop","floor":15,"key":"SMITH"}],"circlet_count":0,"master_deck":["Strike_B","Defend_B","Defend_B","Defend_B","Defend_B","Zap","Dualcast","Redo","Loop+1","ReplayGash","Doom and Gloom","Conserve Battery","Chaos","Coolheaded","Gash","ReplayTheSpireMod:System Scan","Echo Form","Ball Lightning","Panic Button","Coolheaded","Redo"],"relics":["Cracked Core","Ancient Tea Set","Tiny Chest","Mirror","Ectoplasm"],"acts_visited":["Exordium","TheCity"],"potions_floor_usage":[6],"damage_taken":[{"damage":3,"enemies":"Jaw Worm","floor":1,"turns":4},{"damage":14,"enemies":"Small Slimes","floor":5,"turns":3},{"damage":24,"enemies":"Gremlin Nob","floor":6,"turns":4},{"damage":1,"enemies":"Cultist","floor":7,"turns":3},{"damage":15,"enemies":"Lots of Slimes","floor":11,"turns":3},{"damage":2,"enemies":"Looter","floor":14,"turns":2},{"damage":17,"enemies":"Slime Boss","floor":16,"turns":5},{"damage":39,"enemies":"3 Byrds","floor":18,"turns":5},{"damage":19,"enemies":"Spheric Guardian","floor":20,"turns":6},{"damage":15,"enemies":"Centurion and Healer","floor":21,"turns":2}],"seed_played":"4370604524395005927","potions_obtained":[{"floor":5,"key":"PowerPotion"},{"floor":11,"key":"Elixir"},{"floor":20,"key":"FearPotion"}],"is_trial":false,"path_per_floor":["M","?","?","$","M","E","M","R","T","$","M","$","R","M","R","B",null,"M","?","M","M"],"character_chosen":"DEFECT","items_purchased":["ReplayGash","Chaos","Gash"],"campfire_rested":2,"item_purchase_floors":[4,10,12],"current_hp_per_floor":[65,58,58,58,44,20,19,41,41,41,26,26,48,46,46,29,64,25,25,6,0,0],"gold":201,"neow_bonus":"RANDOM_COMMON_RELIC","is_daily":false,"chose_seed":false,"campfire_upgraded":1,"win_rate":0.0,"timestamp":1613601440,"path_taken":["M","?","?","$","?","E","M","R","T","?","M","$","R","M","R","BOSS","M","?","M","M"],"items_purchased_type":["Card","Card","Card"],"build_version":"2020-12-22","purchased_purges":0,"victory":false,"max_hp_per_floor":[75,75,75,75,75,75,75,75,75,75,75,75,75,75,75,75,75,75,75,75,75,75],"card_choices":[{"not_picked":["Panic Button","Go for the Eyes"],"picked":"Redo","floor":1},{"not_picked":["Turbo","Compile Driver","Capacitor"],"picked":"SKIP","floor":5},{"not_picked":["Panic Button","Streamline"],"picked":"Doom and Gloom","floor":6},{"not_picked":["Beam Cell","Steam"],"picked":"Conserve Battery","floor":7},{"not_picked":["Stack","Streamline"],"picked":"Coolheaded","floor":11},{"not_picked":["Heatsinks","Storm"],"picked":"ReplayTheSpireMod:System Scan","floor":14},{"not_picked":["ReplayTheSpireMod:Omega Cannon","Buffer"],"picked":"Echo Form","floor":16},{"not_picked":["Conserve Battery","Rebound"],"picked":"Ball Lightning","floor":18},{"not_picked":["Compile Driver","Conserve Battery+1"],"picked":"Redo","floor":20}],"player_experience":470752,"relics_obtained":[{"floor":6,"key":"Tiny Chest"},{"floor":9,"key":"Mirror"}],"event_choices":[{"cards_removed":["Strike_B"],"damage_healed":0,"gold_gain":0,"player_choice":"Card Removal","damage_taken":7,"max_hp_gain":0,"max_hp_loss":0,"event_name":"Golden Wing","floor":2,"gold_loss":0},{"damage_healed":0,"gold_gain":0,"cards_transformed":["Strike_B"],"player_choice":"Transformed","damage_taken":0,"max_hp_gain":0,"max_hp_loss":0,"event_name":"Transmorgrifier","floor":3,"gold_loss":0,"cards_obtained":["Loop"]},{"damage_healed":0,"gold_gain":0,"cards_transformed":["Strike_B","Chaos"],"player_choice":"Became Test Subject","damage_taken":0,"max_hp_gain":0,"max_hp_loss":0,"event_name":"Drug Dealer","floor":19,"gold_loss":0,"cards_obtained":["Panic Button","Coolheaded"]}],"is_beta":false,"boss_relics":[{"not_picked":["Fusion Hammer","Runic Pyramid"],"picked":"Ectoplasm"}],"items_purged_floors":[],"is_endless":false,"potions_floor_spawned":[5,11,20],"killed_by":"Centurion and Healer","ascension_level":8}}