{"host":"bpdbi03e31cbjklx","time":1613531236,"event":{"mods":["BaseMod","Colored Map","Colored Powertips","Downfall","Highlight Path","Minty Spire (QoL Compilation)","Replay The Spire","StSLib","The Senshi"],"gold_per_floor":[114,131,131,143,163,163,176,188,188,222,222,222,232,263,263,359,359,370,4,4,19,19,19,33,33,57,57,87,87,99,129,129,225,225,245,245,255,268,22,22,35,35,62,62,97,156,156,171,171,171],"floor_reached":51,"language":"ENG","playtime":5968,"items_purged":[],"score":736,"play_id":"ac5ac69c-dc76-4961-b595-69d06f4fc986","local_time":"20210216210716","is_ascension_mode":true,"campfire_choices":[{"data":"Tempest","floor":6,"key":"SMITH"},{"data":"ReplayTheSpireMod:Fabricate Wheel","floor":11,"key":"SMITH"},{"data":"Turbo","floor":23,"key":"SMITH"},{"data":"ReplayRNGCard","floor":27,"key":"SMITH"},{"data":"Double Energy","floor":29,"key":"SMITH"},{"floor":32,"key":"REST"},{"data":"Self Repair","floor":40,"key":"SMITH"},{"data":"Static Discharge","floor":42,"key":"SMITH"},{"data":"Electrodynamics","floor":44,"key":"SMITH"},{"data":"Defragment","floor":47,"key":"SMITH"},{"data":"Skim","floor":49,"key":"SMITH"}],"circlet_count":0,"master_deck":["Defend_B+1","Defend_B+1","Defend_B+1","Defend_B+1","Zap","Dualcast","Coolheaded","Turbo+1","Tempest+1","Glacier","Panic Button","Conserve Battery","Electrodynamics+1","FIFO Queue","Stack","Go for the Eyes","Streamline","ReplayRNGCard+1","Leap+1","Static Discharge+1","Leap+1","Storm","Double Energy+1","BasicCrystalCard","BasicCrystalCard+1","Hello World+1","BootSequence+1","Self Repair+1","Core Surge","Glacier+1","Turbo+1","Consume+1","Skim+1","Turbo+1","Reinforced Body+1","FTL+1","Crystallizer+1","Defragment+1"],"relics":["Cracked Core","NeowsBlessing","CultistMask","Eternal Feather","Nunchaku","Prayer Wheel","Orichalcum","SlaversCollar","Ice Cream","Akabeko","Emotion Chip","Turnip","Philosopher\u0027s Stone","Bottled Tornado","Bronze Scales","CeramicFish","Pocketwatch"],"acts_visited":["Exordium","TheCity","TheBeyond"],"potions_floor_usage":[14,16,16,24,31,33,33,38,45,50,50],"damage_taken":[{"damage":0,"enemies":"Jaw Worm","floor":1,"turns":1},{"damage":0,"enemies":"Cultist","floor":2,"turns":1},{"damage":0,"enemies":"2 Louse","floor":4,"turns":1},{"damage":27,"enemies":"Gremlin Gang","floor":5,"turns":5},{"damage":0,"enemies":"3 Louse","floor":7,"turns":2},{"damage":6,"enemies":"Large Slime","floor":8,"turns":2},{"damage":10,"enemies":"Replay:BlueRogue","floor":10,"turns":5},{"damage":2,"enemies":"Blue Slaver","floor":13,"turns":4},{"damage":5,"enemies":"Gremlin Nob","floor":14,"turns":4},{"damage":28,"enemies":"Fading Forest","floor":16,"turns":11},{"damage":30,"enemies":"Chosen","floor":18,"turns":7},{"damage":0,"enemies":"3 Byrds","floor":21,"turns":2},{"damage":33,"enemies":"Cultist and Chosen","floor":24,"turns":8},{"damage":13,"enemies":"Gremlin Leader","floor":28,"turns":4},{"damage":10,"enemies":"Snake Plant","floor":30,"turns":3},{"damage":13,"enemies":"Replay:Snechameleon","floor":31,"turns":4},{"damage":42,"enemies":"Automaton","floor":33,"turns":10},{"damage":8,"enemies":"3 Darklings","floor":35,"turns":5},{"damage":8,"enemies":"Orb Walker","floor":37,"turns":4},{"damage":13,"enemies":"3 Darklings","floor":38,"turns":3},{"damage":41,"enemies":"Transient","floor":41,"turns":5},{"damage":2,"enemies":"Nemesis","floor":45,"turns":7},{"damage":42,"enemies":"Mind Bloom Boss Battle","floor":46,"turns":4},{"damage":8,"enemies":"Spire Growth","floor":48,"turns":4},{"damage":44,"enemies":"Time Eater","floor":50,"turns":8}],"seed_played":"3110059562138262059","potions_obtained":[{"floor":5,"key":"sneckomod:MuddlingPotion"},{"floor":8,"key":"SpeedPotion"},{"floor":10,"key":"PowerPotion"},{"floor":13,"key":"Toxic Potion"},{"floor":16,"key":"Dexterity Potion"},{"floor":18,"key":"Energy Potion"},{"floor":24,"key":"hexamod:SoulburnPotion"},{"floor":31,"key":"SteroidPotion"},{"floor":37,"key":"Flashbang"},{"floor":41,"key":"Regen Potion"},{"floor":46,"key":"Block Potion"},{"floor":48,"key":"PowerPotion"}],"is_trial":false,"path_per_floor":["M","M","?","M","M","R","M","M","T","E","R","?","M","E","R_BF","B",null,"M","$","?","M","?","R","M","?","T","R","E","R","M","E","R","B",null,"M","?","M","M","$","R","M","R","T","R","E","?","R","M","R","B",null],"character_chosen":"DEFECT","items_purchased":["Ice Cream","Static Discharge","Bottled Tornado"],"campfire_rested":1,"item_purchase_floors":[19,19,39],"current_hp_per_floor":[75,75,75,75,48,48,48,42,42,32,41,41,39,34,43,35,75,45,45,45,45,45,57,24,24,24,39,26,41,31,25,62,27,75,74,74,66,53,53,71,40,61,61,75,75,43,64,66,75,31],"gold":171,"neow_bonus":"THREE_ENEMY_KILL","is_daily":false,"chose_seed":false,"campfire_upgraded":10,"win_rate":0.0,"timestamp":1613531236,"path_taken":["M","M","?","M","M","R","?","M","T","E","R","?","?","E","R_BF","BOSS","M","$","?","M","?","R","M","?","T","R","E","R","M","E","R","BOSS","M","?","?","M","$","R","M","R","T","R","E","?","R","M","R","BOSS"],"items_purchased_type":["Relic","Card","Relic"],"build_version":"2020-12-22","purchased_purges":0,"victory":true,"max_hp_per_floor":[75,75,75,75,75,75,75,75,75,75,75,75,75,75,75,75,75,75,75,75,75,75,75,75,75,75,75,75,75,75,75,75,75,75,75,75,75,75,75,75,75,75,75,75,75,75,75,75,75,75],"card_choices":[{"not_picked":["Sweeping Beam","Recycle"],"picked":"Coolheaded","floor":1},{"not_picked":["Scrape","Compile Driver"],"picked":"Turbo","floor":2},{"not_picked":["Steam Power","Stack"],"picked":"Tempest","floor":4},{"not_picked":["Doom and Gloom","Turbo"],"picked":"Glacier","floor":5},{"not_picked":["Ball Lightning","Rebound"],"picked":"Panic Button","floor":7},{"not_picked":["Steam Power","Hologram"],"picked":"Conserve Battery","floor":8},{"not_picked":["Storm","Steam"],"picked":"ReplayTheSpireMod:Fabricate Wheel","floor":10},{"not_picked":["Ball Lightning","Gash"],"picked":"FIFO Queue","floor":13},{"not_picked":["Compile Driver","Conserve Battery"],"picked":"Stack","floor":13},{"not_picked":["Rip and Tear","Force Field"],"picked":"Go for the Eyes","floor":14},{"not_picked":["Core Surge","Multi-Cast"],"picked":"ReplayRNGCard","floor":16},{"not_picked":["Stack","Conserve Battery"],"picked":"Leap+1","floor":18},{"not_picked":["Leap","Recycle","Scrape"],"picked":"SKIP","floor":18},{"not_picked":["Streamline","Compile Driver"],"picked":"Leap+1","floor":21},{"not_picked":["Panic Button+1","Electrodynamics"],"picked":"Storm","floor":21},{"not_picked":["Stack","ReplayTheSpireMod:Reroute Power"],"picked":"Gash","floor":24},{"not_picked":["Rebound","Steam Power"],"picked":"BasicCrystalCard+1","floor":24},{"not_picked":["Static Discharge","Stack"],"picked":"Hello World+1","floor":28},{"not_picked":["Time Bomb","Hologram"],"picked":"BootSequence+1","floor":30},{"not_picked":["ReplayTheSpireMod:System Scan","BasicCrystalCard"],"picked":"Self Repair","floor":30},{"not_picked":["Blizzard+1","Rebound","Genetic Algorithm"],"picked":"SKIP","floor":31},{"not_picked":["ReplayTheSpireMod:Fabricate Wheel","Hyperbeam"],"picked":"Core Surge","floor":33},{"not_picked":["Conserve Battery+1","Barrage+1"],"picked":"Glacier+1","floor":35},{"not_picked":["Genetic Algorithm+1","Coolheaded+1"],"picked":"Turbo+1","floor":35},{"not_picked":["Scrape+1","Rebound+1"],"picked":"Consume+1","floor":37},{"not_picked":["Rebound+1","Genetic Algorithm","Conserve Battery"],"picked":"SKIP","floor":37},{"not_picked":["Hologram+1","ReplayTheSpireMod:System Scan+1"],"picked":"Skim","floor":38},{"not_picked":["Leap","Steam+1"],"picked":"Turbo+1","floor":38},{"not_picked":["ReplayGash","Gash"],"picked":"Reinforced Body+1","floor":41},{"not_picked":["Steam","Sweeping Beam"],"picked":"FTL+1","floor":41},{"not_picked":["All For One","Sweeping Beam+1"],"picked":"Crystallizer+1","floor":45},{"not_picked":["Panic Button","Beam Cell"],"picked":"Defragment","floor":46},{"not_picked":["Stack","Go for the Eyes","Conserve Battery"],"picked":"SKIP","floor":48},{"not_picked":["Gash+1","Panic Button","Glacier"],"picked":"SKIP","floor":48}],"player_experience":420055,"relics_obtained":[{"floor":9,"key":"Eternal Feather"},{"floor":10,"key":"Nunchaku"},{"floor":14,"key":"Orichalcum"},{"floor":26,"key":"Akabeko"},{"floor":28,"key":"Emotion Chip"},{"floor":31,"key":"Turnip"},{"floor":43,"key":"Bronze Scales"},{"floor":45,"key":"CeramicFish"},{"floor":46,"key":"Pocketwatch"}],"event_choices":[{"damage_healed":0,"gold_gain":0,"player_choice":"Trade","damage_taken":0,"relics_obtained":["CultistMask"],"max_hp_gain":0,"max_hp_loss":0,"event_name":"FaceTrader","floor":3,"gold_loss":0},{"cards_removed":["Strike_B"],"damage_healed":0,"gold_gain":0,"player_choice":"Offered Basic","damage_taken":0,"max_hp_gain":0,"max_hp_loss":0,"event_name":"Bonfire Elementals","floor":12,"gold_loss":0},{"damage_healed":0,"gold_gain":0,"player_choice":"Simplicity","damage_taken":0,"max_hp_gain":0,"max_hp_loss":0,"event_name":"Back to Basics","floor":20,"gold_loss":0,"cards_upgraded":["Strike_B","Strike_B","Defend_B","Defend_B","Defend_B","Defend_B"]},{"damage_healed":0,"gold_gain":0,"cards_transformed":["Strike_B","Strike_B"],"player_choice":"Became Test Subject","damage_taken":0,"max_hp_gain":0,"max_hp_loss":0,"event_name":"Drug Dealer","floor":22,"gold_loss":0,"cards_obtained":["Double Energy","BasicCrystalCard"]},{"cards_removed":["Gash"],"damage_healed":0,"gold_gain":0,"player_choice":"Card Removal","damage_taken":0,"max_hp_gain":0,"max_hp_loss":0,"event_name":"Wheel of Change","floor":25,"gold_loss":0},{"damage_healed":0,"gold_gain":0,"player_choice":"Ignored","damage_taken":0,"max_hp_gain":0,"max_hp_loss":0,"event_name":"NoteForYourself","floor":36,"gold_loss":0},{"damage_healed":0,"gold_gain":0,"player_choice":"Fight","damage_taken":0,"max_hp_gain":0,"max_hp_loss":0,"event_name":"MindBloom","floor":46,"gold_loss":0}],"is_beta":false,"boss_relics":[{"not_picked":["Kintsugi","Velvet Choker"],"picked":"SlaversCollar"},{"not_picked":["Replay:Wanted Poster","Honey Jar"],"picked":"Philosopher\u0027s Stone"}],"items_purged_floors":[],"is_endless":false,"potions_floor_spawned":[5,8,10,13,16,18,24,31,37,41,46,48],"ascension_level":1}}