{"host":"dl5mjdlimopbuch5","time":1613582056,"event":{"mods":["AchievementEnabler","BaseMod","Colored Powertips","Googly Eyes","Minty Spire (QoL Compilation)","Quick Restart"],"gold_per_floor":[114,114,114,114,129,129,157,157,157,182,209,209,39,53,53,156,156,166,91,191,205,51,77,77,77,77],"floor_reached":25,"language":"ENG","playtime":1880,"items_purged":[],"score":313,"play_id":"a0d9f5b5-ab07-415e-96ef-a05d6bcabfd2","local_time":"20210217171416","is_ascension_mode":true,"campfire_choices":[{"data":"Dodge and Roll","floor":6,"key":"SMITH"},{"data":"Venomology","floor":8,"key":"SMITH"},{"data":"Prepared","floor":15,"key":"SMITH"},{"floor":24,"key":"REST"}],"circlet_count":0,"master_deck":["Strike_G","Strike_G","Strike_G","Strike_G","Strike_G","Defend_G","Defend_G","Defend_G","Defend_G","Defend_G","Survivor","Neutralize+1","Dodge and Roll+1","Deflect","Venomology+1","Infinite Blades+1","Prepared+1","Venomology","Blur","Backflip"],"relics":["Ring of the Snake","NeowsBlessing","Lantern","Dream Catcher","Frozen Egg 2","MealTicket","Pen Nib","Black Star","TwistedFunnel","Smiling Mask","Vajra"],"acts_visited":["Exordium","TheCity"],"potions_floor_usage":[10,14,16,16,18,18,21,23,23,23,25,25],"damage_taken":[{"damage":0,"enemies":"Jaw Worm","floor":1,"turns":1},{"damage":0,"enemies":"2 Louse","floor":5,"turns":1},{"damage":0,"enemies":"Gremlin Nob","floor":7,"turns":1},{"damage":29,"enemies":"3 Sentries","floor":10,"turns":19},{"damage":3,"enemies":"Cultist","floor":14,"turns":4},{"damage":34,"enemies":"The Guardian","floor":16,"turns":21},{"damage":21,"enemies":"2 Thieves","floor":18,"turns":4},{"damage":47,"enemies":"Spheric Guardian","floor":21,"turns":12},{"damage":49,"enemies":"Slavers","floor":23,"turns":12},{"damage":34,"enemies":"Centurion and Healer","floor":25,"turns":8}],"seed_played":"4048330362188298416","potions_obtained":[{"floor":1,"key":"Block Potion"},{"floor":10,"key":"Dexterity Potion"}],"is_trial":false,"path_per_floor":["M","?","?","?","M","R","E","R","T","E","T","?","$","M","R","B",null,"M","?","?","M","$","E","R","M"],"character_chosen":"THE_SILENT","items_purchased":["Infinite Blades+1","FairyPotion","TwistedFunnel"],"campfire_rested":1,"item_purchase_floors":[13,13,22],"current_hp_per_floor":[70,70,70,70,70,70,70,70,70,41,41,41,56,53,53,19,57,36,36,36,19,34,8,29,0,0],"gold":77,"neow_bonus":"THREE_ENEMY_KILL","is_daily":false,"chose_seed":false,"campfire_upgraded":3,"win_rate":0.0,"timestamp":1613582056,"path_taken":["M","?","?","?","?","R","E","R","T","E","?","?","?","M","R","BOSS","M","?","?","M","$","E","R","?"],"items_purchased_type":["Card","Potion","Relic"],"build_version":"2020-12-22","purchased_purges":0,"victory":false,"max_hp_per_floor":[70,70,70,70,70,70,70,70,70,70,70,70,70,70,70,70,70,70,70,70,70,70,70,70,70,70],"card_choices":[{"not_picked":["Underhanded Strike","Outmaneuver"],"picked":"Dodge and Roll","floor":1},{"not_picked":["Skewer","Sucker Punch"],"picked":"Deflect","floor":5},{"not_picked":["Acrobatics","Dagger Throw"],"picked":"Venomology","floor":7},{"not_picked":["Reflex","Setup","Quick Slash"],"picked":"SKIP","floor":10},{"not_picked":["Dagger Spray","Reflex"],"picked":"Prepared","floor":14},{"not_picked":["Malaise","Doppelganger"],"picked":"Venomology","floor":16},{"not_picked":["Underhanded Strike","Bane+1"],"picked":"Blur","floor":18},{"not_picked":["Slice","Blur","Tactician+1"],"picked":"SKIP","floor":21},{"not_picked":["Outmaneuver","Dodge and Roll","Glass Knife"],"picked":"SKIP","floor":23},{"not_picked":["Finisher","Choke"],"picked":"Backflip","floor":24}],"player_experience":238957,"relics_obtained":[{"floor":7,"key":"Dream Catcher"},{"floor":9,"key":"Frozen Egg 2"},{"floor":10,"key":"MealTicket"},{"floor":11,"key":"Pen Nib"},{"floor":23,"key":"Smiling Mask"},{"floor":23,"key":"Vajra"}],"event_choices":[{"damage_healed":0,"gold_gain":0,"player_choice":"Grow","damage_taken":0,"max_hp_gain":0,"max_hp_loss":0,"event_name":"Living Wall","floor":2,"gold_loss":0,"cards_upgraded":["Neutralize"]},{"damage_healed":0,"gold_gain":0,"player_choice":"Leave","damage_taken":0,"max_hp_gain":0,"max_hp_loss":0,"event_name":"The Cleric","floor":3,"gold_loss":0},{"damage_healed":0,"gold_gain":0,"player_choice":"Box","damage_taken":0,"relics_obtained":["Lantern"],"max_hp_gain":0,"max_hp_loss":0,"event_name":"Big Fish","floor":4,"gold_loss":0,"cards_obtained":["Regret"]},{"damage_healed":0,"gold_gain":0,"player_choice":"Ignored","damage_taken":0,"max_hp_gain":0,"max_hp_loss":0,"event_name":"Liars Game","floor":12,"gold_loss":0},{"cards_removed":["Regret"],"damage_healed":0,"gold_gain":0,"player_choice":"Gave Gold","damage_taken":0,"max_hp_gain":0,"max_hp_loss":0,"event_name":"Beggar","floor":19,"gold_loss":75},{"damage_healed":0,"gold_gain":100,"player_choice":"Pray","damage_taken":0,"max_hp_gain":0,"max_hp_loss":0,"event_name":"Golden Shrine","floor":20,"gold_loss":0}],"is_beta":false,"boss_relics":[{"not_picked":["Runic Dome","Philosopher\u0027s Stone"],"picked":"Black Star"}],"items_purged_floors":[],"is_endless":false,"potions_floor_spawned":[1,10,14],"killed_by":"Centurion and Healer","ascension_level":5}}