{"host":"leop","time":1613581549,"event":{"mods":["ATMod(°¢èªMod)","Act Like it!","BaseMod","GifTheSpireLib","Lobotomy","LobotomyExtend","Minty Spire (QoL Compilation)","MostiFishMod","Pale of the Ancients","Quick Restart","Reliquary","Shop Mod","Spicy Shops","StSLib","TestMod","¡¾ÒÅÎï¿¨ÅÆ¡¿REMEMod"],"gold_per_floor":[118,131,148,148,196,221,237,266,289,341,341,366,386,386,386,386,386],"floor_reached":16,"language":"ZHS","playtime":658,"items_purged":[],"score":314,"play_id":"6eaae201-8761-4ed5-8358-b2f922f73581","local_time":"20210218010549","is_ascension_mode":true,"campfire_choices":[{"data":"Adaptation","floor":11.0,"key":"SMITH"},{"data":"MasterReality","floor":15.0,"key":"SMITH"}],"circlet_count":0,"master_deck":["Strike_P","Strike_P","Defend_P","Defend_P","Defend_P","Vigilance","AT_PowerWithin+1","BigBadWolf","Crescendo+1","Adaptation+1","MasterReality+1"],"relics":["PureWater","AT_ATBox","DaveBox","testmod-TestBox","REME_ComplimentaryCards","CogitoBucket","RabbitCall","testmod-SaigiyounoYou","MetatronsCube","SynthV:TestCard","LetterFromLob","MagicBullet_r","Centennial Puzzle","ChangeAnything","testmod-Antiphasic","Art of War","Boot","Golden Idol"],"acts_visited":["Exordium"],"potions_floor_usage":[],"damage_taken":[{"damage":4.0,"enemies":"Small Slimes","floor":1.0,"turns":3.0},{"damage":5.0,"enemies":"Jaw Worm","floor":2.0,"turns":2.0},{"damage":3.0,"enemies":"Cultist","floor":3.0,"turns":2.0},{"damage":19.0,"enemies":"Exordium Thugs","floor":5.0,"turns":2.0},{"damage":18.0,"enemies":"Lagavulin","floor":6.0,"turns":5.0},{"damage":13.0,"enemies":"Lots of Slimes","floor":7.0,"turns":3.0},{"damage":8.0,"enemies":"3 Sentries","floor":8.0,"turns":4.0},{"damage":8.0,"enemies":"Gremlin Nob","floor":10.0,"turns":3.0},{"damage":35.0,"enemies":"Lagavulin","floor":12.0,"turns":5.0},{"damage":3.0,"enemies":"Red Slaver","floor":13.0,"turns":1.0},{"damage":5,"enemies":"The Guardian","floor":16,"turns":4}],"seed_played":"1218216291956053530","potions_obtained":[{"floor":1.0,"key":"Strength Potion"},{"floor":3.0,"key":"REME_GoldPotion"},{"floor":5.0,"key":"Ancient Potion"},{"floor":6.0,"key":"SteroidPotion"}],"is_trial":false,"path_per_floor":["M","M","M","?","M","E","M","E","T","E","R","E","M","?","R","B"],"character_chosen":"WATCHER","items_purchased":[],"campfire_rested":0,"item_purchase_floors":[],"current_hp_per_floor":[63,61,61,61,47,37,32,31,31,30,30,5,5,5,5,3,3],"gold":386,"neow_bonus":"","is_daily":false,"chose_seed":false,"campfire_upgraded":2,"win_rate":0.0,"timestamp":1613581549,"path_taken":["M","M","M","?","M","E","M","E","T","E","R","E","M","?","R","BOSS"],"items_purchased_type":[],"build_version":"2020-12-18","purchased_purges":0,"victory":false,"max_hp_per_floor":[68,68,68,68,68,68,68,68,68,68,68,73,73,66,66,66,66],"card_choices":[{"not_picked":["WallGazer","OSAHOGD","Wellcheers"],"picked":"Singing Bowl","floor":1.0},{"not_picked":["NakedNest","FairyFestival"],"picked":"BigBadWolf","floor":1.0},{"not_picked":["SashWhip","ThirdEye"],"picked":"Crescendo","floor":1.0},{"not_picked":["CherryBlossoms","SpiderBud","FairyFestival"],"picked":"Singing Bowl","floor":2.0},{"not_picked":["PathToVictory","Halt","Worship","SashWhip","Vengeance"],"picked":"SKIP","floor":2.0},{"not_picked":["OldLady","FairyFestival","Scorched"],"picked":"Singing Bowl","floor":3.0},{"not_picked":["FollowUp","Nirvana","Protect","Crescendo","Perseverance"],"picked":"SKIP","floor":3.0},{"not_picked":["GalaxyChild","OSAHOGD","NakedNest"],"picked":"Singing Bowl","floor":5.0},{"not_picked":["Sanctity","Prostrate","CrushJoints","Halt","FollowUp"],"picked":"SKIP","floor":5.0},{"not_picked":["WallGazer","BeautyBeast","Variant"],"picked":"Singing Bowl","floor":6.0},{"not_picked":["CrushJoints","Wireheading","Prostrate","ForeignInfluence","REME_Repentance"],"picked":"SKIP","floor":6.0},{"not_picked":["VoidDream","LaLuna","CrumblingArmor"],"picked":"Singing Bowl","floor":7.0},{"not_picked":["MostiFishMod:Nomercy","AT_DivineConfetti","SashWhip","CarveReality","Swivel"],"picked":"SKIP","floor":7.0},{"not_picked":["CrumblingArmor","BlackSwan","OldLady"],"picked":"Singing Bowl","floor":8.0},{"not_picked":["Evaluate","Prostrate","ReachHeaven","WaveOfTheHand"],"picked":"Adaptation","floor":8.0},{"not_picked":["CherryBlossoms","SpiderBud","UniverseFragment"],"picked":"Singing Bowl","floor":10.0},{"not_picked":["CutThroughFate","BattleHymn","MostiFishMod:FlowState","CrushJoints","MostiFishMod:Clarity"],"picked":"SKIP","floor":10.0},{"not_picked":["PunishingBird","LittlePrince","VoidDream"],"picked":"Singing Bowl","floor":12.0},{"not_picked":["BowlingBash","Worship","EmptyFist","ClearTheMind"],"picked":"MasterReality","floor":12.0},{"not_picked":["CherryBlossoms","ShyLook","Freischutz"],"picked":"Singing Bowl","floor":13.0},{"not_picked":["Sanctity","WindmillStrike","Prostrate","DeceiveReality","Wireheading"],"picked":"SKIP","floor":13.0}],"player_experience":1225735,"relics_obtained":[{"floor":1.0,"key":"SynthV:TestCard"},{"floor":1.0,"key":"LetterFromLob"},{"floor":6.0,"key":"Centennial Puzzle"},{"floor":8.0,"key":"testmod-Antiphasic"},{"floor":10.0,"key":"Art of War"},{"floor":12.0,"key":"Boot"}],"event_choices":[{"damage_healed":0.0,"max_hp_gain":0.0,"max_hp_loss":7.0,"gold_gain":0.0,"event_name":"Golden Idol","player_choice":"Lose Max HP","floor":14.0,"gold_loss":0.0,"damage_taken":0.0,"relics_obtained":["Golden Idol"]}],"is_beta":true,"boss_relics":[],"items_purged_floors":[],"is_endless":false,"potions_floor_spawned":[1,3,5,6,7,13],"killed_by":"The Guardian","ascension_level":20}}