{"host":"a6ztjasp7lxlo10n","time":1613556269,"event":{"mods":["Act Like it!","BaseMod","Colored Map","Marisa£®ÏF”Í°°ƒß¿Ì…≥£©","Minty Spire (QoL Compilation)","Quick Restart","StSLib","SuperFastMode","UnlockEverythingMod"],"gold_per_floor":[110,32,32,32,46,82,101,101,125,150,75,100,123,154,154,154,154],"floor_reached":16,"language":"ZHS","playtime":309,"items_purged":[],"score":274,"play_id":"39809ae3-f111-4897-b781-8a26fda9599a","local_time":"20210217180429","is_ascension_mode":true,"campfire_choices":[{"data":"Pommel Strike","floor":8.0,"key":"SMITH"},{"floor":15.0,"key":"REST"}],"circlet_count":0,"master_deck":["AscendersBane","Strike_R","Strike_R","Strike_R","Strike_R","Defend_R","Defend_R","Defend_R","Defend_R","Bash","Ghostly Armor","Inflame","Sword Boomerang","Flame Barrier","Pommel Strike+1","Reaper"],"relics":["Burning Blood","NeowsBlessing","Golden Idol","Regal Pillow","Kunai","Boot","Bag of Preparation"],"acts_visited":["Exordium"],"potions_floor_usage":[16,16],"damage_taken":[{"damage":0.0,"enemies":"2 Louse","floor":1.0,"turns":1.0},{"damage":0.0,"enemies":"Small Slimes","floor":5.0,"turns":1.0},{"damage":0.0,"enemies":"3 Sentries","floor":6.0,"turns":1.0},{"damage":9.0,"enemies":"Jaw Worm","floor":7.0,"turns":4.0},{"damage":12.0,"enemies":"Exordium Thugs","floor":10.0,"turns":6.0},{"damage":23.0,"enemies":"Large Slime","floor":12.0,"turns":6.0},{"damage":9.0,"enemies":"Blue Slaver","floor":13.0,"turns":4.0},{"damage":26.0,"enemies":"Gremlin Nob","floor":14.0,"turns":4.0},{"damage":75,"enemies":"Slime Boss","floor":16,"turns":10}],"seed_played":"-5016481953502039229","potions_obtained":[{"floor":7.0,"key":"Fruit Juice"},{"floor":12.0,"key":"EntropicBrew"},{"floor":14.0,"key":"SteroidPotion"}],"is_trial":false,"path_per_floor":["M","$","?","?","M","E","M","R","T","M","?","M","M","E","R","B"],"character_chosen":"IRONCLAD","items_purchased":["Inflame"],"campfire_rested":1,"item_purchase_floors":[2],"current_hp_per_floor":[74,74,48,37,43,49,51,51,51,45,45,33,30,19,58,0,0],"gold":154,"neow_bonus":"THREE_ENEMY_KILL","is_daily":false,"chose_seed":false,"campfire_upgraded":1,"win_rate":0.0,"timestamp":1613556269,"path_taken":["M","$","?","?","M","E","M","R","T","M","?","?","M","E","R","BOSS"],"items_purchased_type":["Card"],"build_version":"2020-12-22","purchased_purges":0,"victory":false,"max_hp_per_floor":[75,75,75,75,75,75,80,80,80,80,80,80,80,80,80,80,80],"card_choices":[{"not_picked":["Clash","Shockwave"],"picked":"Ghostly Armor","floor":1.0},{"not_picked":["Dark Embrace","Anger"],"picked":"Sword Boomerang","floor":5.0},{"not_picked":["Iron Wave","Anger"],"picked":"Flame Barrier","floor":6.0},{"not_picked":["Thunderclap","Warcry"],"picked":"Pommel Strike","floor":7.0},{"not_picked":["Perfected Strike","Pommel Strike"],"picked":"Reaper","floor":10.0},{"not_picked":["Flex","Pommel Strike","Sentinel"],"picked":"SKIP","floor":12.0},{"not_picked":["Cleave","Seeing Red","Armaments"],"picked":"SKIP","floor":13.0},{"not_picked":["Double Tap","Twin Strike","Armaments"],"picked":"SKIP","floor":14.0}],"player_experience":247035,"relics_obtained":[{"floor":6.0,"key":"Kunai"},{"floor":9.0,"key":"Boot"},{"floor":14.0,"key":"Bag of Preparation"}],"event_choices":[{"damage_healed":0.0,"max_hp_gain":0.0,"max_hp_loss":0.0,"gold_gain":0.0,"event_name":"Golden Idol","player_choice":"Take Damage","floor":3.0,"gold_loss":0.0,"damage_taken":26.0,"relics_obtained":["Golden Idol"]},{"damage_healed":0.0,"max_hp_gain":0.0,"max_hp_loss":0.0,"gold_gain":0.0,"event_name":"Scrap Ooze","player_choice":"Success","floor":4.0,"gold_loss":0.0,"damage_taken":11.0,"relics_obtained":["Regal Pillow"]},{"cards_removed":["Strike_R"],"damage_healed":0.0,"max_hp_gain":0.0,"max_hp_loss":0.0,"gold_gain":0.0,"event_name":"The Cleric","player_choice":"Card Removal","floor":11.0,"gold_loss":75.0,"damage_taken":0.0}],"is_beta":false,"boss_relics":[],"items_purged_floors":[],"is_endless":false,"potions_floor_spawned":[7,12,14],"killed_by":"Slime Boss","ascension_level":20}}