{"host":"0kk91h4bq4kgfj0u","time":1613577576,"event":{"mods":["BaseMod","Bestiary","Block Reminder","Colored Map","Colored Powertips","Curses Come First","Downfall","Highlight Path","Minty Spire (QoL Compilation)","Relic Stats","StSLib"],"gold_per_floor":[99,99,99,114,114,124,176,190,90,108,108,108,108,127,138,236,236,236,252,272,272,18,18,18,18,18,37,52,52,70,70,80,80,80,80],"floor_reached":33,"language":"ENG","playtime":1189,"items_purged":[],"score":264,"play_id":"d29c6b03-2c96-45f8-a351-dcb419efff79","local_time":"20210217105936","is_ascension_mode":false,"campfire_choices":[{"floor":1.0,"key":"RECALL"},{"data":"Guardian:FloatingOrbs","floor":9.0,"key":"SMITH"},{"floor":12.0,"key":"REST"},{"data":"Guardian:Orbwalk","floor":18,"key":"SMITH"},{"floor":23,"key":"REST"},{"floor":26,"key":"REST"}],"circlet_count":0,"master_deck":["Guardian:Defend_Guardian","Guardian:Defend_Guardian","Guardian:Defend_Guardian","Guardian:Defend_Guardian","Guardian:CurlUp+1","Guardian:TwinSlam","Guardian:Planning","Guardian:CrystalBeam","Guardian:FloatingOrbs+1","Guardian:Orbwalk+1","Guardian:ChargeCore","Guardian:TimeCapacitor","Guardian:SpikerProtocol","Guardian:PolyBeam","Regret","Guardian:WalkerClaw+1","Guardian:PiercingHide+1","Guardian:Emergency","Bite","Bite","Bite","Bite","Bite","Guardian:AncientConstruct"],"relics":["Guardian:ModeShifter","Nunchaku","downfall:HeartBlessingRed","Cursed Key","downfall:RedIOU","Letter Opener","Mummified Hand"],"acts_visited":["Exordium","TheCity"],"potions_floor_usage":[],"damage_taken":[{"damage":2.0,"enemies":"Small Slimes","floor":4.0,"turns":4.0},{"damage":13.0,"enemies":"2 Louse","floor":6.0,"turns":3.0},{"damage":6.0,"enemies":"Jaw Worm","floor":8.0,"turns":3.0},{"damage":0.0,"enemies":"Large Slime","floor":10.0,"turns":4.0},{"damage":12.0,"enemies":"Gremlin Gang","floor":14.0,"turns":4.0},{"damage":11.0,"enemies":"Large Slime","floor":15.0,"turns":3.0},{"damage":40.0,"enemies":"IC_STATUS_ARCHETYPE","floor":16.0,"turns":9.0},{"damage":17,"enemies":"Spheric Guardian","floor":19,"turns":4},{"damage":14,"enemies":"Shell Parasite","floor":20,"turns":5},{"damage":5,"enemies":"downfall:FleeingMerchant","floor":22,"turns":4},{"damage":1,"enemies":"Centurion and Healer","floor":27,"turns":4},{"damage":0,"enemies":"Chosen and Byrds","floor":28,"turns":1},{"damage":24,"enemies":"Shelled Parasite and Fungi","floor":30,"turns":6},{"damage":22,"enemies":"Snake Plant","floor":32,"turns":3},{"damage":57,"enemies":"SI_MIRROR_ARCHETYPE","floor":33,"turns":8}],"seed_played":"-2168070525543726064","potions_obtained":[{"floor":6.0,"key":"Guardian:BlockOnCardUsePotion"},{"floor":8.0,"key":"SpeedPotion"},{"floor":15.0,"key":"SpeedPotion"},{"floor":32,"key":"hexamod:SoulburnPotion"}],"is_trial":false,"path_per_floor":["R","?","?","M","?","M","T","M","R","M","?","R","?","M","M","B",null,"R","M","M","?","$","R","T","?","R","M","M","?","M","?","M","B"],"character_chosen":"GUARDIAN","items_purchased":["Letter Opener"],"campfire_rested":3,"item_purchase_floors":[22],"current_hp_per_floor":[80,80,85,83,83,70,70,64,64,64,64,85,85,73,62,22,85,85,68,54,54,49,74,74,74,85,84,84,84,60,59,41,0,0,0],"gold":80,"neow_bonus":"RANDOM_COMMON_RELIC","is_daily":false,"chose_seed":false,"campfire_upgraded":2,"win_rate":0.0,"timestamp":1613577576,"path_taken":["R","?","?","M","?","M","T","?","R","M","?","R","?","?","M","BOSS","R","M","M","?","$","R","T","?","R","M","?","?","?","?","M","BOSS"],"items_purchased_type":["Relic"],"build_version":"2020-12-22","purchased_purges":0,"victory":false,"max_hp_per_floor":[80,80,85,85,85,85,85,85,85,85,85,85,85,85,85,85,85,85,85,85,85,85,85,85,85,85,85,85,85,85,59,59,59,59,59],"relic_stats":{"Nunchaku":[15],"counters":[15,65],"Mummified Hand":[13],"Letter Opener":[10],"Cursed Key":1,"obtain_stats":[{"Nunchaku":0,"downfall:BrokenWingStatue":2,"downfall:HeartBlessingRed":9,"Mummified Hand":24,"Guardian:ModeShifter":0,"downfall:RedIOU":21,"Bag of Marbles":7,"Letter Opener":22,"Cursed Key":17},{"Nunchaku":0,"downfall:BrokenWingStatue":0,"downfall:HeartBlessingRed":3,"Mummified Hand":10,"Guardian:ModeShifter":0,"downfall:RedIOU":9,"Bag of Marbles":2,"Letter Opener":10,"Cursed Key":7},{"Nunchaku":0,"downfall:BrokenWingStatue":0,"downfall:HeartBlessingRed":10,"Mummified Hand":43,"Guardian:ModeShifter":0,"downfall:RedIOU":39,"Bag of Marbles":7,"Letter Opener":43,"Cursed Key":30}]},"card_choices":[{"not_picked":["Guardian:ChargeCore","Guardian:Gem_Lightblue"],"picked":"Guardian:Planning","floor":4.0},{"not_picked":["Guardian:Planning","Guardian:Reroute"],"picked":"Guardian:CrystalBeam","floor":6.0},{"not_picked":["Guardian:Gem_Cyan","Guardian:Gem_Fragmented"],"picked":"Guardian:FloatingOrbs","floor":8.0},{"not_picked":["Guardian:Incinerate","Guardian:PrimingBeam"],"picked":"Guardian:Orbwalk","floor":10.0},{"not_picked":["Guardian:Planning","Guardian:CrystalBeam"],"picked":"Guardian:ChargeCore","floor":14.0},{"not_picked":["Guardian:VentSteam","Guardian:MultiBeam"],"picked":"Guardian:TimeCapacitor","floor":15.0},{"not_picked":["Guardian:ExploitGems","Guardian:FastForward"],"picked":"Guardian:Gem_Orange","floor":16.0},{"not_picked":["Guardian:BronzeArmor","Guardian:SentryBeam"],"picked":"Guardian:Gem_Green","floor":19},{"not_picked":["Guardian:Recover","Guardian:Reroute+1"],"picked":"Guardian:SpikerProtocol","floor":20},{"not_picked":["Guardian:Gem_Blue","Guardian:Gem_Green"],"picked":"Guardian:PolyBeam","floor":22},{"not_picked":["Guardian:Gem_Cyan","Guardian:Gem_Green"],"picked":"Guardian:WalkerClaw+1","floor":27},{"not_picked":["Guardian:TemporalStrike","Guardian:ShieldSpikes"],"picked":"Guardian:PiercingHide+1","floor":28},{"not_picked":["Guardian:Gem_Red","Guardian:TemporalStrike"],"picked":"Guardian:Emergency","floor":30},{"not_picked":["Guardian:Gem_Yellow","Guardian:PrimingBeam+1"],"picked":"Guardian:AncientConstruct","floor":32}],"player_experience":943701,"relics_obtained":[{"floor":7.0,"key":"Bag of Marbles"},{"floor":24,"key":"Mummified Hand"}],"event_choices":[{"damage_healed":0.0,"max_hp_gain":5.0,"max_hp_loss":0.0,"gold_gain":0.0,"event_name":"Big Fish","player_choice":"Donut","floor":3.0,"gold_loss":0.0,"damage_taken":0.0},{"damage_healed":0.0,"max_hp_gain":0.0,"max_hp_loss":0.0,"gold_gain":0.0,"event_name":"Living Wall","player_choice":"Grow","floor":5.0,"gold_loss":0.0,"damage_taken":0.0,"cards_upgraded":["Guardian:CurlUp"]},{"damage_healed":0,"gold_gain":0,"player_choice":"Ignored","damage_taken":0,"max_hp_gain":0,"max_hp_loss":0,"event_name":"Ghosts","floor":25,"gold_loss":0},{"cards_removed":["Guardian:TwinSlam"],"damage_healed":0,"gold_gain":0,"player_choice":"Offered Basic","damage_taken":0,"max_hp_gain":0,"max_hp_loss":0,"event_name":"Bonfire Elementals","floor":29,"gold_loss":0},{"damage_healed":0,"gold_gain":0,"player_choice":"Became a vampire","damage_taken":0,"max_hp_gain":0,"max_hp_loss":26,"event_name":"Vampires","floor":31,"gold_loss":0,"cards_obtained":["Bite","Bite","Bite","Bite","Bite"]}],"is_beta":false,"boss_relics":[{"not_picked":["SlaversCollar","Coffee Dripper"],"picked":"Cursed Key"}],"items_purged_floors":[],"is_endless":false,"potions_floor_spawned":[6,8,15,27,32],"killed_by":"SI_MIRROR_ARCHETYPE","ascension_level":0}}