{"host":"y0i0tbisecj7yjyn","time":1613544643,"event":{"mods":["2.2 Compatiblity","AchievementEnabler","AlwaysNeverKeys","BaseMod","Better Third Choice","BetterRewards","Colored Map","Colored Powertips","Curses Come First","Disable Question Mark Monsters","Displayed Cursed Tome","Highlight Path","Keyboard Shortcuts","Minty Spire (QoL Compilation)","Quick Restart","Random Character Button","Rare Cards Sparkle","Relic Stats","Reliquary","Smile Girya","StSLib","SuperFastMode","The Marked","Transform Curses","Weighted Paths"],"gold_per_floor":[110,127,127,144,156,190,205,231,231,231,264,339,339,339,339,439,439,457,367,73,93,107,137,137,172,244,244,244,244,272,289,289,289,289],"floor_reached":33,"language":"ENG","playtime":1420,"items_purged":[],"score":364,"play_id":"9b80cfe3-6e91-4c6d-a4fc-3588a4b3651d","local_time":"20210217005043","is_ascension_mode":true,"campfire_choices":[{"data":"Zap","floor":10,"key":"SMITH"},{"floor":15,"key":"REST"},{"floor":24,"key":"REST"},{"floor":29,"key":"REST"},{"floor":32,"key":"DIG"}],"circlet_count":0,"master_deck":["Strike_B","Strike_B","Strike_B","Strike_B","Defend_B","Defend_B","Defend_B+1","Defend_B","Zap","Dualcast","Amplify","Glacier","Conserve Battery","Zap+1","Ball Lightning","Lockon","Defragment","Defragment","Static Discharge+1","Electrodynamics","Ball Lightning","Self Repair+1","Redo","Defragment","Pain","Storm+1"],"relics":["Cracked Core","reliquary:JackalopeAntler","Regal Pillow","Shovel","Prayer Wheel","Runic Pyramid","TungstenRod","reliquary:OuijaBoard","WingedGreaves","Ornamental Fan","Juzu Bracelet","WarpedTongs","Red Mask","reliquary:Buckler"],"acts_visited":["Exordium","TheCity"],"potions_floor_usage":[7,25,30],"damage_taken":[{"damage":0,"enemies":"Jaw Worm","floor":1,"turns":3},{"damage":2,"enemies":"Cultist","floor":2,"turns":4},{"damage":0,"enemies":"2 Louse","floor":4,"turns":2},{"damage":0,"enemies":"Large Slime","floor":5,"turns":6},{"damage":8,"enemies":"Lagavulin","floor":6,"turns":6},{"damage":0,"enemies":"Gremlin Gang","floor":7,"turns":4},{"damage":20,"enemies":"Gremlin Nob","floor":8,"turns":4},{"damage":35,"enemies":"Lagavulin","floor":11,"turns":6},{"damage":72,"enemies":"Slime Boss","floor":16,"turns":8},{"damage":7,"enemies":"Spheric Guardian","floor":18,"turns":5},{"damage":5,"enemies":"Chosen","floor":21,"turns":3},{"damage":13,"enemies":"Sentry and Sphere","floor":22,"turns":5},{"damage":32,"enemies":"Gremlin Leader","floor":23,"turns":6},{"damage":61,"enemies":"Slavers","floor":25,"turns":4},{"damage":0,"enemies":"Masked Bandits","floor":30,"turns":2},{"damage":6,"enemies":"Chosen and Byrds","floor":31,"turns":3},{"damage":89,"enemies":"Champ","floor":33,"turns":8}],"seed_played":"-7750832479745639937","potions_obtained":[{"floor":1,"key":"Ancient Potion"},{"floor":4,"key":"FairyPotion"},{"floor":5,"key":"Energy Potion"},{"floor":8,"key":"DuplicationPotion"},{"floor":22,"key":"CultistPotion"},{"floor":25,"key":"FocusPotion"}],"is_trial":false,"path_per_floor":["M","M","?","M","M","E","M","E","T","R","E","?","$","?","R","B",null,"M","?","$","M","M","E","R","E","T","?","?","R","?","M","R","B"],"character_chosen":"DEFECT","items_purchased":["TungstenRod"],"campfire_rested":3,"item_purchase_floors":[20],"current_hp_per_floor":[75,73,73,73,73,65,65,45,45,45,10,22,22,40,75,3,75,68,68,68,63,60,38,72,11,11,11,11,47,47,51,51,0,0],"gold":289,"neow_bonus":"ONE_RANDOM_RARE_CARD","is_daily":false,"chose_seed":false,"campfire_upgraded":1,"win_rate":0.0,"timestamp":1613544643,"path_taken":["M","M","?","?","?","E","M","E","T","R","E","?","$","?","R","BOSS","M","?","$","?","M","E","R","E","T","?","?","R","?","M","R","BOSS"],"items_purchased_type":["Relic"],"build_version":"2020-12-22","purchased_purges":0,"victory":false,"max_hp_per_floor":[75,75,75,75,75,75,75,75,75,75,75,75,75,75,75,75,75,75,72,72,72,72,72,72,72,72,72,72,72,72,72,72,72,72],"relic_stats":{"Regal Pillow":41,"Shovel":1,"counters":[42,186],"Ornamental Fan":[4],"Prayer Wheel":4,"Juzu Bracelet":1,"obtain_stats":[{"reliquary:OuijaBoard":23,"Regal Pillow":8,"reliquary:Firecrackers":11,"Vajra":12,"Juzu Bracelet":27,"reliquary:FerryPass":22,"Nunchaku":23,"Centennial Puzzle":26,"Matryoshka":13,"Shovel":9,"Toolbox":4,"Prayer Wheel":11,"reliquary:Buckler":32,"WingedGreaves":25,"Red Mask":30,"Cracked Core":0,"reliquary:ShortFuse":9,"Runic Pyramid":17,"Potion Belt":6,"Lee\u0027s Waffle":14,"Oddly Smooth Stone":8,"Omamori":8,"Frozen Egg 2":20,"Mercury Hourglass":3,"Cables":7,"WarpedTongs":28,"reliquary:JackalopeAntler":6,"Strange Spoon":14,"Anchor":7,"Ornamental Fan":26,"reliquary:BallBearing":9,"Coffee Dripper":17,"FossilizedHelix":11,"TungstenRod":20},{"reliquary:OuijaBoard":38,"Regal Pillow":32,"reliquary:Firecrackers":7,"Vajra":17,"Juzu Bracelet":39,"reliquary:FerryPass":11,"Nunchaku":12,"Centennial Puzzle":12,"Matryoshka":18,"Shovel":32,"Toolbox":21,"Prayer Wheel":33,"reliquary:Buckler":41,"WingedGreaves":39,"Red Mask":40,"Cracked Core":0,"reliquary:ShortFuse":6,"Runic Pyramid":34,"Potion Belt":4,"Lee\u0027s Waffle":7,"Oddly Smooth Stone":16,"Omamori":6,"Frozen Egg 2":10,"Mercury Hourglass":14,"Cables":16,"WarpedTongs":39,"reliquary:JackalopeAntler":30,"Strange Spoon":24,"Anchor":22,"Ornamental Fan":39,"reliquary:BallBearing":16,"Coffee Dripper":8,"FossilizedHelix":23,"TungstenRod":35},{"reliquary:OuijaBoard":169,"Regal Pillow":136,"reliquary:Firecrackers":26,"Vajra":66,"Juzu Bracelet":173,"reliquary:FerryPass":43,"Nunchaku":47,"Centennial Puzzle":47,"Matryoshka":71,"Shovel":136,"Toolbox":89,"Prayer Wheel":142,"reliquary:Buckler":178,"WingedGreaves":173,"Red Mask":175,"Cracked Core":0,"reliquary:ShortFuse":22,"Runic Pyramid":150,"Potion Belt":13,"Lee\u0027s Waffle":26,"Oddly Smooth Stone":63,"Omamori":22,"Frozen Egg 2":38,"Mercury Hourglass":53,"Cables":63,"WarpedTongs":173,"reliquary:JackalopeAntler":128,"Strange Spoon":100,"Anchor":95,"Ornamental Fan":173,"reliquary:BallBearing":63,"Coffee Dripper":31,"FossilizedHelix":97,"TungstenRod":155}],"TungstenRod":46,"WarpedTongs":[13]},"card_choices":[{"not_picked":["Reprogram","Turbo"],"picked":"Glacier","floor":1},{"not_picked":["Cold Snap","Doom and Gloom"],"picked":"Conserve Battery","floor":2},{"not_picked":["Leap","Conserve Battery"],"picked":"Ball Lightning","floor":4},{"not_picked":["Streamline","Hologram"],"picked":"Lockon","floor":5},{"not_picked":["Force Field","Stack"],"picked":"Defragment","floor":6},{"not_picked":["Undo","Fusion","Go for the Eyes"],"picked":"SKIP","floor":7},{"not_picked":["Reinforced Body","Chaos"],"picked":"Defragment","floor":8},{"not_picked":["Gash","Barrage"],"picked":"Static Discharge","floor":11},{"not_picked":["Thunder Strike","Fission"],"picked":"Electrodynamics","floor":16},{"not_picked":["Beam Cell","Rebound"],"picked":"Ball Lightning","floor":18},{"not_picked":["Genetic Algorithm+1","Steam+1","Sweeping Beam"],"picked":"SKIP","floor":18},{"not_picked":["Steam","Redo+1"],"picked":"Self Repair+1","floor":21},{"not_picked":["Hologram","Hello World+1","Stack+1"],"picked":"SKIP","floor":21},{"not_picked":["BootSequence+1","Steam+1"],"picked":"Redo","floor":22},{"not_picked":["Compile Driver+1","Biased Cognition","BootSequence"],"picked":"SKIP","floor":22},{"not_picked":["Hologram","Compile Driver"],"picked":"Defragment","floor":23},{"not_picked":["Reinforced Body","Reprogram+1","Reboot"],"picked":"SKIP","floor":25},{"not_picked":["Skim","Compile Driver"],"picked":"Storm","floor":31},{"not_picked":["Steam Power","Hologram+1","Leap"],"picked":"SKIP","floor":31}],"player_experience":472597,"relics_obtained":[{"floor":6,"key":"reliquary:JackalopeAntler"},{"floor":8,"key":"Regal Pillow"},{"floor":9,"key":"Shovel"},{"floor":11,"key":"Prayer Wheel"},{"floor":23,"key":"reliquary:OuijaBoard"},{"floor":25,"key":"WingedGreaves"},{"floor":26,"key":"Ornamental Fan"},{"floor":30,"key":"Red Mask"},{"floor":32,"key":"reliquary:Buckler"}],"event_choices":[{"damage_healed":0,"gold_gain":0,"player_choice":"1 cards matched","damage_taken":0,"max_hp_gain":0,"max_hp_loss":0,"event_name":"Match and Keep!","floor":3,"gold_loss":0,"cards_obtained":["Zap"]},{"damage_healed":0,"gold_gain":75,"player_choice":"Gold","damage_taken":11,"max_hp_gain":0,"max_hp_loss":0,"event_name":"betterThird:BetterGoop","floor":12,"gold_loss":0},{"damage_healed":18,"gold_gain":0,"player_choice":"Healed and dodged fight","damage_taken":0,"max_hp_gain":0,"max_hp_loss":0,"event_name":"Mushrooms","floor":14,"gold_loss":0,"cards_obtained":["Parasite"]},{"cards_removed":["Parasite"],"damage_healed":0,"gold_gain":0,"player_choice":"Upgrade and Remove","damage_taken":0,"max_hp_gain":0,"max_hp_loss":0,"event_name":"Designer","floor":19,"gold_loss":90,"cards_upgraded":["Defend_B"]},{"damage_healed":0,"gold_gain":0,"player_choice":"Opened","damage_taken":0,"relics_obtained":["Juzu Bracelet"],"max_hp_gain":0,"max_hp_loss":0,"event_name":"The Mausoleum","floor":27,"gold_loss":0},{"damage_healed":0,"gold_gain":0,"player_choice":"Rummage","damage_taken":0,"relics_obtained":["WarpedTongs"],"max_hp_gain":0,"max_hp_loss":0,"event_name":"Accursed Blacksmith","floor":28,"gold_loss":0,"cards_obtained":["Pain"]},{"damage_healed":0,"gold_gain":0,"player_choice":"Fought Bandits","damage_taken":0,"max_hp_gain":0,"max_hp_loss":0,"event_name":"Masked Bandits","floor":30,"gold_loss":0}],"is_beta":false,"boss_relics":[{"not_picked":["reliquary:Ember","reliquary:RustamsPendant"],"picked":"Runic Pyramid"}],"items_purged_floors":[],"is_endless":false,"potions_floor_spawned":[1,4,5,8,22,25],"killed_by":"Champ","ascension_level":4}}