{"host":"pm6tps78s2qrawcb","time":1613596597,"event":{"mods":["BaseMod","BetterRewards","Colored Map","Downfall","Hubris","Infinite Spire","Mimic Mod","Minty Spire (QoL Compilation)","Reliquary","Replay The Spire","Shop Mod","StSLib"],"gold_per_floor":[15,15,35,55,69,88,113,113,163,180,197,214,225,15,15,127,127,145,145,163,88,88,88,126,153,153,223,251,269,306,322,322,417,417,432,432,2,13,29,54,71,91,91,119,119,0,0,24,24,24],"floor_reached":51,"language":"ENG","playtime":3425,"items_purged":["Pain"],"score":679,"play_id":"faf76798-22fa-404d-81f9-e03a77770748","local_time":"20210217211637","is_ascension_mode":true,"campfire_choices":[{"floor":15,"key":"DIG"},{"data":"hubris:Fate","floor":23,"key":"SMITH"},{"floor":32,"key":"REST"},{"floor":47,"key":"REST"},{"floor":49,"key":"REST"}],"circlet_count":0,"master_deck":["Bash+1","Strike_B","Strike_B","Defend_B","Defend_B","Defend_B","Zap","Dualcast","hubris:Ukulele","Rip and Tear","Aggregate","Gash","Auto Shields","Skim","Go for the Eyes","Gash","CurseOfTheBell","Go for the Eyes","Scrape+1","hubris:Fate+1","Hologram","Hologram","Electrodynamics","Gash","Skim+1","ReplayTheSpireMod:Reroute Power+1","Beam Cell","All For One","Go for the Eyes+1","Beam Cell","Apotheosis+1","Gash","Panic Button+1","ReplayGash","Gash+1","Parasite","Scrape+1","Double Energy+1","Gash+1"],"relics":["Cracked Core","Bag of Preparation","Anchor","reliquary:Boomerang","Replay:Lucky Slots","Blood Vial","Calling Bell","Smiling Mask","Sundial","Pocketwatch","Prayer Wheel","hubris:EmptyBottle","sneckomod:BabySnecko","Centennial Puzzle","Cables","Oddly Smooth Stone","hubris:GlazedTorus","Lizard Tail","SlaversCollar","MerchantsRug","Gremlin Food","infinitespire:ShieldingShard","Molten Egg 2","Red Mask"],"acts_visited":["Exordium","TheCity","TheBeyond"],"potions_floor_usage":[7,16,27,27,42,50,50,50,50,50,50,50],"damage_taken":[{"damage":1,"enemies":"2 Louse","floor":1,"turns":3},{"damage":0,"enemies":"Cultist","floor":3,"turns":2},{"damage":0,"enemies":"Small Slimes","floor":4,"turns":2},{"damage":11,"enemies":"2 Fungi Beasts","floor":5,"turns":3},{"damage":6,"enemies":"Blue Slaver","floor":6,"turns":4},{"damage":22,"enemies":"3 Sentries","floor":7,"turns":6},{"damage":0,"enemies":"3 Louse","floor":10,"turns":3},{"damage":0,"enemies":"Gremlin Gang","floor":11,"turns":4},{"damage":0,"enemies":"2 Fungi Beasts","floor":12,"turns":3},{"damage":2,"enemies":"Blue Slaver","floor":13,"turns":2},{"damage":25,"enemies":"Fading Forest","floor":16,"turns":11},{"damage":20,"enemies":"Spheric Guardian","floor":18,"turns":4},{"damage":0,"enemies":"2 Thieves","floor":20,"turns":3},{"damage":18,"enemies":"Slavers","floor":24,"turns":2},{"damage":9,"enemies":"Cultist and Chosen","floor":25,"turns":4},{"damage":6,"enemies":"Gremlin Leader","floor":28,"turns":6},{"damage":3,"enemies":"Snecko","floor":29,"turns":3},{"damage":9,"enemies":"Book of Stabbing","floor":30,"turns":4},{"damage":0,"enemies":"Centurion and Healer","floor":31,"turns":3},{"damage":14,"enemies":"Automaton","floor":33,"turns":6},{"damage":0,"enemies":"3 Darklings","floor":35,"turns":2},{"damage":0,"enemies":"3 Shapes","floor":38,"turns":3},{"damage":30,"enemies":"Jaw Worm Horde","floor":39,"turns":4},{"damage":25,"enemies":"Reptomancer","floor":40,"turns":5},{"damage":16,"enemies":"4 Shapes","floor":41,"turns":2},{"damage":16,"enemies":"Writhing Mass","floor":42,"turns":4},{"damage":3,"enemies":"R_Hoarder","floor":44,"turns":4},{"damage":18,"enemies":"Maw","floor":48,"turns":4},{"damage":47,"enemies":"Replay:Hell Engine","floor":50,"turns":4}],"seed_played":"1082998795185105918","potions_obtained":[{"floor":1,"key":"Weak Potion"},{"floor":5,"key":"Energy Potion"},{"floor":6,"key":"Guardian:BlockOnCardUsePotion"},{"floor":8,"key":"Death Potion"},{"floor":8,"key":"LiquidMemories"},{"floor":13,"key":"ColorlessPotion"},{"floor":16,"key":"DuplicationPotion"},{"floor":27,"key":"Fruit Juice"},{"floor":27,"key":"Guardian:BlockOnCardUsePotion"},{"floor":42,"key":"Block Potion"},{"floor":44,"key":"Fire Potion"}],"is_trial":false,"path_per_floor":["M","?","M","M","M","M","E","?","T","M","M","M","M","$","R_BF","B",null,"M","AVR","M","?","?","R","E","M","T","?","E","M","E","M","R","B",null,"M","?","$","M","M","E","M","M","T","E","?","?","R","M","R","B",null],"character_chosen":"DEFECT","items_purchased":["Replay:Lucky Slots","Elixir","Apotheosis","Gash","MerchantsRug"],"campfire_rested":3,"item_purchase_floors":[14,14,37,37,37],"current_hp_per_floor":[74,74,74,74,63,57,35,35,35,35,35,35,33,33,33,20,75,55,55,57,57,57,57,41,34,34,26,22,21,14,16,41,29,85,85,85,85,85,55,32,18,4,4,18,18,18,43,27,52,7],"gold":24,"neow_bonus":"REMOVE_TWO","is_daily":false,"chose_seed":false,"campfire_upgraded":1,"win_rate":0.0,"timestamp":1613596597,"path_taken":["M","?","M","M","M","?","E","?","T","M","?","M","?","?","R_BF","BOSS","M","AVR","M","?","?","R","E","M","T","?","E","M","E","M","R","BOSS","M","?","$","M","M","E","M","?","T","E","?","?","R","M","R","BOSS"],"items_purchased_type":["Relic","Potion","Card","Card","Relic"],"build_version":"2020-12-22","purchased_purges":1,"victory":true,"max_hp_per_floor":[75,75,75,75,75,75,75,75,75,75,75,75,75,75,75,75,75,75,75,75,75,75,75,75,75,75,85,85,85,85,85,85,85,85,85,85,85,85,85,85,85,85,85,85,85,85,85,85,85,85],"card_choices":[{"not_picked":["Beam Cell","Chaos"],"picked":"hubris:Ukulele","floor":1},{"not_picked":["Loop","ReplayTheSpireMod:Reroute Power"],"picked":"Rip and Tear","floor":3},{"not_picked":["Turbo","Gash"],"picked":"Aggregate","floor":4},{"not_picked":["BasicCrystalCard","Force Field","Storm"],"picked":"SKIP","floor":5},{"not_picked":["BasicCrystalCard","Force Field","Storm"],"picked":"SKIP","floor":5},{"not_picked":["Coolheaded","ReplayGash"],"picked":"Gash","floor":6},{"not_picked":["BasicCrystalCard","Conserve Battery"],"picked":"Auto Shields","floor":7},{"not_picked":["Defragment","ReplayTheSpireMod:GoodbyeWorld"],"picked":"Skim","floor":10},{"not_picked":["Rebound","Stack"],"picked":"Go for the Eyes","floor":11},{"not_picked":["Capacitor","White Noise"],"picked":"Gash","floor":12},{"not_picked":["Ball Lightning","hubris:SpecializedCircuitry","Steam"],"picked":"SKIP","floor":13},{"not_picked":["Multi-Cast","Mirror Shield"],"picked":"ReplayTheSpireMod:Fabricate Wheel","floor":16},{"not_picked":["Barrage","Conserve Battery"],"picked":"Go for the Eyes","floor":18},{"not_picked":["Cold Snap","Echo Form"],"picked":"Scrape+1","floor":18},{"not_picked":["Cold Snap","ReplayTheSpireMod:GoodbyeWorld+1"],"picked":"Hologram","floor":20},{"not_picked":["Sunder+1","Coolheaded","Ball Lightning"],"picked":"SKIP","floor":20},{"not_picked":["Sweeping Beam","FIFO Queue"],"picked":"Hologram","floor":24},{"not_picked":["Darkness","Static Discharge","Heatsinks"],"picked":"SKIP","floor":25},{"not_picked":["Conserve Battery","Coolheaded","Heatsinks+1"],"picked":"SKIP","floor":25},{"not_picked":["Darkness","Time Bomb"],"picked":"Electrodynamics","floor":28},{"not_picked":["Streamline","Redo"],"picked":"Gash","floor":29},{"not_picked":["Blizzard","Steam Power"],"picked":"Skim","floor":29},{"not_picked":["Compile Driver","Loop"],"picked":"ReplayTheSpireMod:Reroute Power+1","floor":30},{"not_picked":["ReplayTheSpireMod:Calculation Training","Cold Snap"],"picked":"Beam Cell","floor":31},{"not_picked":["Blizzard","Doom and Gloom","Leap"],"picked":"SKIP","floor":31},{"not_picked":["ReplayTheSpireMod:Omega Cannon","Amplify"],"picked":"All For One","floor":33},{"not_picked":["Steam","Turbo"],"picked":"Go for the Eyes+1","floor":35},{"not_picked":["hubris:PowerSurge+1","Steam"],"picked":"Beam Cell","floor":35},{"not_picked":["Darkness+1","Barrage+1"],"picked":"Panic Button+1","floor":38},{"not_picked":["Steam+1","ReplayRNGCard","Hologram"],"picked":"SKIP","floor":38},{"not_picked":["Coolheaded+1","Conserve Battery+1"],"picked":"ReplayGash","floor":39},{"not_picked":["Ball Lightning+1","Stack+1","Rainbow"],"picked":"SKIP","floor":39},{"not_picked":["Panic Button+1","Barrage+1"],"picked":"Gash+1","floor":40},{"not_picked":["Panic Button+1","Turbo+1","Conserve Battery"],"picked":"SKIP","floor":41},{"not_picked":["Coolheaded","Loop","Rebound"],"picked":"SKIP","floor":41},{"not_picked":["Go for the Eyes","Rip and Tear"],"picked":"Scrape","floor":42},{"not_picked":["Rebound+1","Stack","Creative AI"],"picked":"SKIP","floor":42},{"not_picked":["Go for the Eyes+1","Compile Driver+1"],"picked":"Double Energy+1","floor":44},{"not_picked":["Chaos+1","Panic Button+1"],"picked":"Gash+1","floor":48},{"not_picked":["hubris:Prefetch","Stack+1","Sweeping Beam+1"],"picked":"SKIP","floor":48}],"player_experience":305728,"relics_obtained":[{"floor":7,"key":"Anchor"},{"floor":9,"key":"reliquary:Boomerang"},{"floor":15,"key":"Blood Vial"},{"floor":17,"key":"Smiling Mask"},{"floor":17,"key":"Sundial"},{"floor":17,"key":"Pocketwatch"},{"floor":24,"key":"Centennial Puzzle"},{"floor":26,"key":"Cables"},{"floor":27,"key":"Oddly Smooth Stone"},{"floor":28,"key":"hubris:GlazedTorus"},{"floor":30,"key":"Lizard Tail"},{"floor":40,"key":"Gremlin Food"},{"floor":43,"key":"infinitespire:ShieldingShard"},{"floor":44,"key":"Molten Egg 2"}],"event_choices":[{"damage_healed":0,"gold_gain":0,"player_choice":"Gave Potion","damage_taken":0,"relics_obtained":["Bag of Preparation"],"max_hp_gain":0,"max_hp_loss":0,"event_name":"WeMeetAgain","floor":2,"gold_loss":0},{"damage_healed":0,"gold_gain":0,"player_choice":"Got Potions","damage_taken":0,"max_hp_gain":0,"max_hp_loss":0,"event_name":"Lab","floor":8,"gold_loss":0},{"cards_removed":["Strike_B"],"damage_healed":0,"gold_gain":0,"player_choice":"Gave Gold","damage_taken":0,"max_hp_gain":0,"max_hp_loss":0,"event_name":"Beggar","floor":21,"gold_loss":75},{"damage_healed":0,"gold_gain":0,"cards_transformed":["downfall:Bewildered"],"player_choice":"Transformed","damage_taken":0,"max_hp_gain":0,"max_hp_loss":0,"event_name":"Transmorgrifier","floor":36,"gold_loss":0,"cards_obtained":["Pain"]},{"damage_healed":0,"gold_gain":0,"player_choice":"Paid","damage_taken":0,"relics_obtained":["Red Mask"],"max_hp_gain":0,"max_hp_loss":0,"event_name":"Tomb of Lord Red Mask","floor":46,"gold_loss":119}],"is_beta":false,"boss_relics":[{"not_picked":["Runic Dome","ChewingGum"],"picked":"Calling Bell"},{"not_picked":["Runic Pyramid","Fusion Hammer"],"picked":"SlaversCollar"}],"items_purged_floors":[37],"is_endless":false,"potions_floor_spawned":[1,5,6,11,13,16,20,24,25,29,39,40,42,44],"ascension_level":1}}