{"host":"rwzz6mk6bpmb57ql","time":1613534819,"event":{"mods":["AchievementEnabler","BaseMod","Better Third Choice","BetterRewards","Colored Map","Highlight Path","Hubris","Infinite Spire","Minty Spire (QoL Compilation)","Replay The Spire","StSLib","Wandering Minibosses"],"gold_per_floor":[5609,5628,4834,4934,4951,4982,4982,5007,5007,5025,5038,5038,5038,4448,4448,4549,4549,4566,4578,3842,4600,4600,4600,4617,4617,4617,4101,4016,4026,4026,4026,4026,4131,4131,4148,4148,3669,3682,3702,3734,3176,3196,3196,3209,2955,2955,2970,2984,2984,2984,2984,2984,2781,2806,2806],"floor_reached":56,"language":"ENG","playtime":2073,"items_purged":["Clumsy","Zap","Strike_B","Defend_B","Clumsy","Time Bomb","Strike_B"],"score":1826,"play_id":"00283ec2-a791-4123-b83f-9aa7134c02ff","local_time":"20210216220659","is_ascension_mode":true,"campfire_choices":[{"floor":7,"key":"RECALL"},{"data":"Conserve Battery","floor":12,"key":"SMITH"},{"data":"Streamline","floor":15,"key":"SMITH"},{"data":"Mirror Shield","floor":23,"key":"SMITH"},{"data":"ReplayTheSpireMod:Fabricate Wheel","floor":25,"key":"SMITH"},{"data":"Defend_B","floor":32,"key":"SMITH"},{"data":"Force Field","floor":46,"key":"SMITH"},{"data":"Mirror Shield","floor":49,"key":"SMITH"},{"data":"infinitespire:Execution","floor":52,"key":"SMITH"}],"circlet_count":0,"master_deck":["Strike_B","Strike_B","Defend_B+1","Defend_B","Defend_B","Cold Snap","FTL+1","hubris:EnhanceAbility+1","Conserve Battery+1","Leap+1","Biased Cognition","Cold Snap","Streamline+1","CurseOfTheBell","FIFO Queue","Mirror Shield+1","infinitespire:Execution+1","Machine Learning","Seek+1","hubris:EnhanceAbility","Conserve Battery","Force Field+1","Streamline+1","Mirror Shield+1"],"relics":["Cracked Core","infinitespire:Golems Mask","HornCleat","Replay:Ringing Soul","Ancient Tea Set","BargainBundle","infinitespire:Satchel","Garlic","Calling Bell","ReplayTheSpireMod:Lightbulb","infinitespire:ShieldingShard","StoneCalendar","infinitespire:Beetle Shell","hubris:CuriousFeather","Runic Capacitor","wanderingMiniBosses:MasterThiefsPresence","Bottled Lightning","Pen Nib","Prayer Wheel","Guide Book","Cursed Key","Solar Panel","TheAbacus","Bag of Marbles","Membership Card","Meat on the Bone","hubris:Teleporter","Anchor","ReplayFunnel","Lantern","Symbiotic Virus","Oddly Smooth Stone"],"acts_visited":["Exordium","TheCity","TheBeyond","TheEnding"],"potions_floor_usage":[11,11,29,33,50,50],"damage_taken":[{"damage":8,"enemies":"2 Louse","floor":1,"turns":3},{"damage":4,"enemies":"Cultist","floor":2,"turns":3},{"damage":3,"enemies":"Small Slimes","floor":5,"turns":3},{"damage":24,"enemies":"Replay:BlueRogue","floor":6,"turns":7},{"damage":6,"enemies":"3 Sentries","floor":8,"turns":9},{"damage":0,"enemies":"Blue Slaver","floor":10,"turns":3},{"damage":0,"enemies":"Large Slime","floor":11,"turns":5},{"damage":0,"enemies":"Fading Forest","floor":16,"turns":1},{"damage":0,"enemies":"Spheric Guardian","floor":18,"turns":4},{"damage":0,"enemies":"Shell Parasite","floor":19,"turns":5},{"damage":14,"enemies":"Centurion and Healer","floor":21,"turns":5},{"damage":0,"enemies":"Cultist and Chosen","floor":24,"turns":7},{"damage":18,"enemies":"Chosen and Byrds","floor":29,"turns":6},{"damage":23,"enemies":"Collector","floor":33,"turns":7},{"damage":2,"enemies":"3 Shapes","floor":35,"turns":3},{"damage":0,"enemies":"Orb Walker","floor":38,"turns":3},{"damage":0,"enemies":"4 Shapes","floor":39,"turns":1},{"damage":0,"enemies":"Nightmare","floor":40,"turns":1},{"damage":7,"enemies":"3 Darklings","floor":42,"turns":7},{"damage":4,"enemies":"Transient","floor":44,"turns":5},{"damage":0,"enemies":"Sphere and 2 Shapes","floor":47,"turns":1},{"damage":0,"enemies":"Writhing Mass","floor":48,"turns":1},{"damage":0,"enemies":"hubris:GrandSnecko","floor":50,"turns":4},{"damage":0,"enemies":"Shield and Spear","floor":54,"turns":1},{"damage":108,"enemies":"The Heart","floor":55,"turns":10}],"seed_played":"2809785094348765074","potions_obtained":[{"floor":5,"key":"Toxic Potion"},{"floor":8,"key":"LifebloodPotion"},{"floor":18,"key":"DuplicationPotion"},{"floor":19,"key":"Languid Potion"},{"floor":39,"key":"Elixir"},{"floor":42,"key":"DistilledChaos"},{"floor":44,"key":"Adrenaline Potion"}],"is_trial":false,"path_per_floor":["M","M","$","?","M","E","R","E","T","M","M","R","?","$","R","B",null,"M","M","$","M","?","R","M","R","T","?","?","M","?","AVR","R","B",null,"M","T","$","M","M","NM","$","M","T","M","$","R","M","M","R","B",null,"R","$","E","B",null],"character_chosen":"DEFECT","items_purchased":["FTL+1","HornCleat","Replay:Ringing Soul","hubris:EnhanceAbility","BargainBundle","infinitespire:Satchel","Garlic","Streamline","infinitespire:Beetle Shell","hubris:CuriousFeather","Runic Capacitor","TheAbacus","hubris:EnhanceAbility","Membership Card","Meat on the Bone","hubris:Teleporter","Force Field","Anchor","ReplayFunnel","Lantern","Symbiotic Virus"],"campfire_rested":0,"item_purchase_floors":[3,3,3,3,14,14,14,14,20,20,20,37,37,41,41,41,41,45,45,53,53],"current_hp_per_floor":[145,141,144,144,141,120,120,117,117,120,123,123,126,129,129,132,163,163,166,166,152,155,155,155,155,155,158,158,143,143,143,143,120,168,166,169,172,174,176,181,184,179,179,177,177,177,182,187,187,189,199,199,199,201,105],"gold":2806,"neow_bonus":"ONE_RARE_RELIC","is_daily":false,"chose_seed":false,"campfire_upgraded":8,"win_rate":0.0,"timestamp":1613534819,"path_taken":["M","M","$","?","M","E","R","E","T","M","?","R","?","$","R","BOSS","M","M","$","M","?","R","M","R","T","?","?","M","?","AVR","R","BOSS","M","?","$","M","M","NM","?","M","T","M","$","R","?","M","R","BOSS","R","$","E","BOSS"],"items_purchased_type":["Card","Relic","Relic","Card","Relic","Relic","Relic","Card","Relic","Relic","Relic","Relic","Card","Relic","Relic","Relic","Card","Relic","Relic","Relic","Relic"],"build_version":"2020-12-22","purchased_purges":7,"victory":true,"max_hp_per_floor":[145,145,148,148,148,151,151,154,154,157,160,160,163,166,166,169,172,172,175,175,175,178,178,178,178,178,181,181,184,184,184,184,184,184,184,187,190,190,190,193,196,196,196,196,196,196,199,202,202,202,202,202,202,202,202],"card_choices":[{"not_picked":["Ball Lightning","ReplayTheSpireMod:System Scan"],"picked":"Cold Snap","floor":1},{"not_picked":["Panic Button","Scrape","Hello World"],"picked":"SKIP","floor":2},{"not_picked":["ReplaySort","Steam","Barrage"],"picked":"SKIP","floor":5},{"not_picked":["Steam","Darkness"],"picked":"Conserve Battery","floor":6},{"not_picked":["Crystallizer","Barrage"],"picked":"Leap","floor":8},{"not_picked":["Sweeping Beam","Gash"],"picked":"Biased Cognition","floor":10},{"not_picked":["Reinforced Body","Ball Lightning"],"picked":"Cold Snap","floor":11},{"not_picked":["Hyperbeam","Electrodynamics"],"picked":"ReplayTheSpireMod:Fabricate Wheel","floor":16},{"not_picked":["Sweeping Beam","Aggregate","White Noise+1"],"picked":"SKIP","floor":18},{"not_picked":["Beam Cell","Redo"],"picked":"FIFO Queue","floor":19},{"not_picked":["Leap","BasicCrystalCard","Fusion+1"],"picked":"SKIP","floor":21},{"not_picked":["Turbo","Scrape","Ball Lightning"],"picked":"SKIP","floor":24},{"not_picked":["infinitespire:FinalStrike","infinitespire:SevenWalls"],"picked":"infinitespire:Execution","floor":27},{"not_picked":["Compile Driver","Panic Button+1"],"picked":"Seek","floor":29},{"not_picked":["Hologram","Ball Lightning","hubris:Ukulele+1"],"picked":"SKIP","floor":29},{"not_picked":["Blizzard","Chaos","Panic Button+1"],"picked":"SKIP","floor":35},{"not_picked":["Go for the Eyes+1","Ball Lightning","Beam Cell+1"],"picked":"SKIP","floor":35},{"not_picked":["Gash","Chill","hubris:PowerSurge"],"picked":"SKIP","floor":38},{"not_picked":["Turbo+1","Double Energy+1","Barrage+1"],"picked":"SKIP","floor":38},{"not_picked":["Steam Power+1","White Noise+1","Beam Cell+1"],"picked":"SKIP","floor":39},{"not_picked":["Steam","ReplayTheSpireMod:Calculation Training","Stack+1"],"picked":"SKIP","floor":39},{"not_picked":["Compile Driver","Streamline"],"picked":"Conserve Battery","floor":40},{"not_picked":["BasicCrystalCard+1","hubris:PowerSurge","Hologram+1"],"picked":"SKIP","floor":42},{"not_picked":["Redo+1","Conserve Battery+1","Reprogram+1"],"picked":"SKIP","floor":42},{"not_picked":["ReplaySolidLightProjector+1","Gash+1","Stack+1"],"picked":"SKIP","floor":44},{"not_picked":["Coolheaded+1","Leap+1","FIFO Queue"],"picked":"SKIP","floor":44},{"not_picked":["Turbo+1","Genetic Algorithm"],"picked":"Streamline+1","floor":47},{"not_picked":["Beam Cell+1","Static Discharge+1","Panic Button+1"],"picked":"SKIP","floor":47},{"not_picked":["ReplaySort","Stack"],"picked":"Mirror Shield","floor":48},{"not_picked":["ReplaySort","Rebound+1","Cold Snap"],"picked":"SKIP","floor":48},{"not_picked":["Go for the Eyes+1","hubris:PowerSurge+1","Steam+1"],"picked":"SKIP","floor":54}],"player_experience":219316,"relics_obtained":[{"floor":6,"key":"Ancient Tea Set"},{"floor":17,"key":"ReplayTheSpireMod:Lightbulb"},{"floor":17,"key":"infinitespire:ShieldingShard"},{"floor":17,"key":"StoneCalendar"},{"floor":21,"key":"wanderingMiniBosses:MasterThiefsPresence"},{"floor":26,"key":"Bottled Lightning"},{"floor":36,"key":"Solar Panel"},{"floor":40,"key":"Bag of Marbles"},{"floor":54,"key":"Oddly Smooth Stone"}],"event_choices":[{"damage_healed":0,"gold_gain":100,"player_choice":"Pray","damage_taken":0,"max_hp_gain":0,"max_hp_loss":0,"event_name":"Golden Shrine","floor":4,"gold_loss":0},{"damage_healed":0,"gold_gain":0,"player_choice":"1 cards matched","damage_taken":0,"max_hp_gain":0,"max_hp_loss":0,"event_name":"Match and Keep!","floor":13,"gold_loss":0,"cards_obtained":["Barrage"]},{"damage_healed":0,"gold_gain":0,"cards_transformed":["Dualcast","Barrage"],"player_choice":"Became Test Subject","damage_taken":0,"max_hp_gain":0,"max_hp_loss":0,"event_name":"Drug Dealer","floor":22,"gold_loss":0,"cards_obtained":["Mirror Shield","Time Bomb"]},{"damage_healed":0,"gold_gain":0,"player_choice":"Obtained Relic","damage_taken":0,"relics_obtained":["Pen Nib"],"max_hp_gain":0,"max_hp_loss":0,"event_name":"Addict","floor":28,"gold_loss":85},{"damage_healed":0,"gold_gain":0,"player_choice":"Forge","damage_taken":0,"max_hp_gain":0,"max_hp_loss":0,"event_name":"Accursed Blacksmith","floor":30,"gold_loss":0,"cards_upgraded":["Leap"]}],"is_beta":false,"boss_relics":[{"not_picked":["Velvet Choker","Runic Dome"],"picked":"Calling Bell"},{"not_picked":["ReplayTheSpireMod:SealedPack","Pandora\u0027s Box"],"picked":"Cursed Key"}],"items_purged_floors":[3,14,20,31,37,41,45],"is_endless":false,"potions_floor_spawned":[5,8,18,19,39,42,44,47,48],"ascension_level":6}}