{"host":"7ue15d6wz1o7m0ar","time":1613593771,"event":{"mods":["BaseMod","Hermit","Minty Spire (QoL Compilation)","StSLib"],"gold_per_floor":[111,111,186,201,213,239,239,239,239,3,36,54,81,42,42,144,144,161,7,7,23,38,63,63,93,174,174,23,49,49,49,49,176,176,193,268,69,113,460,460,460,460,532,532,38,64,64,84,84,84,84],"floor_reached":50,"language":"ENG","playtime":3428,"items_purged":["Defend_P","Defend_P+1"],"score":699,"play_id":"2195b6cf-5221-424b-b785-b9d58d08dac3","local_time":"20210217142931","is_ascension_mode":true,"campfire_choices":[{"data":"ClearTheMind","floor":7,"key":"SMITH"},{"floor":15,"key":"REST"},{"data":"Hyperbeam","floor":24,"key":"SMITH"},{"data":"LikeWater","floor":30,"key":"SMITH"},{"floor":32,"key":"REST"},{"floor":40,"key":"REST"},{"floor":44,"key":"REST"},{"data":"Dramatic Entrance","floor":47,"key":"SMITH"},{"floor":49,"key":"REST"}],"circlet_count":0,"master_deck":["Strike_P","Strike_P","Strike_P","Strike_P","Defend_P","Eruption","Vigilance","Consecrate+1","CarveReality","Evaluate","ClearTheMind+1","FearNoEvil","Auto Shields","BattleHymn","Hyperbeam+1","Meditate","hermit:Headshot","Adaptation","MentalFortress+1","hermit:LowProfile","LikeWater+1","Infinite Blades","Halt","Wraith Form v2","Acrobatics+1","Study","FlurryOfBlows","Hologram","Fusion","Dramatic Entrance+1","CrushJoints+1","MentalFortress","DeceiveReality","Mayhem","Intimidate+1","Backstab+1"],"relics":["PureWater","Vajra","TungstenRod","Incense Burner","PrismaticShard","Bronze Scales","Darkstone Periapt","Sozu","Blood Vial","Shuriken","Sundial","Gremlin Horn","Nunchaku","SlaversCollar","Unceasing Top","Old Coin","Molten Egg 2","Omamori"],"acts_visited":["Exordium","TheCity","TheBeyond"],"potions_floor_usage":[16,29,46],"damage_taken":[{"damage":0,"enemies":"2 Louse","floor":1,"turns":1},{"damage":0,"enemies":"Small Slimes","floor":4,"turns":3},{"damage":0,"enemies":"Jaw Worm","floor":5,"turns":2},{"damage":15,"enemies":"Gremlin Nob","floor":6,"turns":4},{"damage":14,"enemies":"3 Sentries","floor":11,"turns":4},{"damage":0,"enemies":"3 Louse","floor":12,"turns":2},{"damage":9,"enemies":"Gremlin Nob","floor":13,"turns":3},{"damage":24,"enemies":"Hexaghost","floor":16,"turns":7},{"damage":5,"enemies":"Chosen","floor":18,"turns":4},{"damage":0,"enemies":"3 Byrds","floor":21,"turns":3},{"damage":7,"enemies":"Centurion and Healer","floor":22,"turns":5},{"damage":23,"enemies":"Slavers","floor":23,"turns":3},{"damage":20,"enemies":"Gremlin Leader","floor":25,"turns":4},{"damage":3,"enemies":"Book of Stabbing","floor":29,"turns":6},{"damage":0,"enemies":"Collector","floor":33,"turns":3},{"damage":12,"enemies":"Orb Walker","floor":35,"turns":4},{"damage":22,"enemies":"Mind Bloom Boss Battle","floor":36,"turns":5},{"damage":4,"enemies":"3 Darklings","floor":38,"turns":3},{"damage":28,"enemies":"2 Orb Walkers","floor":39,"turns":3},{"damage":26,"enemies":"Reptomancer","floor":46,"turns":4},{"damage":9,"enemies":"4 Shapes","floor":48,"turns":1},{"damage":59,"enemies":"Time Eater","floor":50,"turns":3}],"seed_played":"9133886308587727087","potions_obtained":[{"floor":1,"key":"Regen Potion"},{"floor":6,"key":"BottledMiracle"},{"floor":13,"key":"SteroidPotion"}],"is_trial":false,"path_per_floor":["M","?","?","M","M","E","R","?","T","$","E","M","E","$","R","B",null,"M","$","?","M","M","E","R","E","T","?","$","E","R","?","R","B",null,"M","?","$","M","?","R","?","?","T","R","$","E","R","M","R","B"],"character_chosen":"WATCHER","items_purchased":["PrismaticShard","FearNoEvil","BattleHymn","Blood Vial","LikeWater","Wish","Study","FlurryOfBlows","CrushJoints+1","MentalFortress","DeceiveReality","Mayhem"],"campfire_rested":5,"item_purchase_floors":[10,10,14,19,28,28,37,37,45,45,45,45],"current_hp_per_floor":[72,58,47,47,47,32,32,56,56,56,42,42,33,33,54,30,72,67,67,67,69,64,43,43,25,25,25,25,29,29,29,50,52,72,60,40,40,38,12,33,33,33,33,54,54,30,30,23,44,0,0],"gold":84,"neow_bonus":"RANDOM_COMMON_RELIC","is_daily":false,"chose_seed":false,"campfire_upgraded":4,"win_rate":0.0,"timestamp":1613593771,"path_taken":["M","?","?","M","M","E","R","?","T","$","E","?","E","$","R","BOSS","M","$","?","?","M","E","R","E","T","?","?","E","R","?","R","BOSS","M","?","$","M","?","R","?","?","T","R","$","E","R","M","R","BOSS"],"items_purchased_type":["Relic","Card","Card","Relic","Card","Card","Card","Card","Card","Card","Card","Card"],"build_version":"2020-12-22","purchased_purges":2,"victory":false,"max_hp_per_floor":[72,72,72,72,72,72,72,72,72,72,72,72,72,72,72,72,72,72,72,72,72,72,72,72,72,72,72,72,72,72,72,72,72,72,72,72,72,72,72,72,72,72,72,72,72,72,72,72,72,72,72],"card_choices":[{"not_picked":["SignatureMove","Conclude"],"picked":"Consecrate","floor":1},{"not_picked":["EmptyFist","Vengeance"],"picked":"CarveReality","floor":4},{"not_picked":["SashWhip","WreathOfFlame"],"picked":"Evaluate","floor":5},{"not_picked":["WheelKick","JustLucky"],"picked":"ClearTheMind","floor":6},{"not_picked":["PathToVictory","hermit:EyeOfTheStorm","Iron Wave"],"picked":"SKIP","floor":11},{"not_picked":["hermit:Feint","Slice","Poisoned Stab"],"picked":"SKIP","floor":12},{"not_picked":["Dagger Throw","hermit:Enervate"],"picked":"Auto Shields","floor":13},{"not_picked":["Storm of Steel","hermit:Purgatory"],"picked":"Hyperbeam","floor":16},{"not_picked":["hermit:Roulette","Beam Cell"],"picked":"Meditate","floor":18},{"not_picked":["Quick Slash","Body Slam+1"],"picked":"hermit:Headshot","floor":21},{"not_picked":["hermit:Headshot","Clothesline"],"picked":"Adaptation","floor":22},{"not_picked":["ForeignInfluence","Thinking Ahead"],"picked":"MentalFortress","floor":23},{"not_picked":["PiercingWail","PathToVictory+1"],"picked":"hermit:LowProfile","floor":25},{"not_picked":["Combust","Multi-Cast"],"picked":"Infinite Blades","floor":29},{"not_picked":["Reboot","SpiritShield"],"picked":"Wraith Form v2","floor":33},{"not_picked":["Sword Boomerang","Masterful Stab+1","Blizzard"],"picked":"SKIP","floor":35},{"not_picked":["Protect+1","All Out Attack"],"picked":"Acrobatics+1","floor":36},{"not_picked":["Backflip","hermit:CalledShot+1"],"picked":"Hologram","floor":38},{"not_picked":["hermit:BigShot+1","hermit:Headshot"],"picked":"Fusion","floor":39},{"not_picked":["Mayhem","Metamorphosis"],"picked":"Dramatic Entrance","floor":41},{"not_picked":["Cloak And Dagger+1","hermit:NoHoldsBarred+1"],"picked":"Intimidate+1","floor":46},{"not_picked":["hermit:Cheat+1","FTL+1"],"picked":"Backstab+1","floor":48}],"player_experience":465210,"relics_obtained":[{"floor":6,"key":"TungstenRod"},{"floor":9,"key":"Incense Burner"},{"floor":11,"key":"Bronze Scales"},{"floor":13,"key":"Darkstone Periapt"},{"floor":23,"key":"Shuriken"},{"floor":25,"key":"Sundial"},{"floor":26,"key":"Gremlin Horn"},{"floor":29,"key":"Nunchaku"},{"floor":36,"key":"Unceasing Top"},{"floor":39,"key":"Old Coin"},{"floor":43,"key":"Molten Egg 2"},{"floor":46,"key":"Omamori"}],"event_choices":[{"damage_healed":0,"gold_gain":0,"player_choice":"Entered Light","damage_taken":14,"max_hp_gain":0,"max_hp_loss":0,"event_name":"Shining Light","floor":2,"gold_loss":0,"cards_upgraded":["Consecrate","Defend_P"]},{"damage_healed":0,"gold_gain":75,"player_choice":"Gather Gold","damage_taken":11,"max_hp_gain":0,"max_hp_loss":0,"event_name":"World of Goop","floor":3,"gold_loss":0},{"damage_healed":24,"gold_gain":0,"player_choice":"Banana","damage_taken":0,"max_hp_gain":0,"max_hp_loss":0,"event_name":"Big Fish","floor":8,"gold_loss":0},{"damage_healed":0,"gold_gain":0,"player_choice":"Ignored","damage_taken":0,"max_hp_gain":0,"max_hp_loss":0,"event_name":"N\u0027loth","floor":20,"gold_loss":0},{"damage_healed":0,"gold_gain":0,"player_choice":"Forge","damage_taken":0,"max_hp_gain":0,"max_hp_loss":0,"event_name":"Accursed Blacksmith","floor":27,"gold_loss":0,"cards_upgraded":["MentalFortress"]},{"damage_healed":0,"gold_gain":0,"cards_transformed":["Defend_P"],"player_choice":"Transformed","damage_taken":0,"max_hp_gain":0,"max_hp_loss":0,"event_name":"Transmorgrifier","floor":31,"gold_loss":0,"cards_obtained":["Halt"]},{"damage_healed":0,"gold_gain":0,"player_choice":"Fight","damage_taken":0,"max_hp_gain":0,"max_hp_loss":0,"event_name":"MindBloom","floor":36,"gold_loss":0},{"damage_healed":0,"gold_gain":0,"player_choice":"Fight","damage_taken":0,"max_hp_gain":0,"max_hp_loss":0,"event_name":"Mysterious Sphere","floor":39,"gold_loss":0},{"damage_healed":0,"gold_gain":0,"player_choice":"Memory 1","damage_taken":0,"max_hp_gain":0,"max_hp_loss":0,"event_name":"SensoryStone","floor":41,"gold_loss":0},{"cards_removed":["Wish"],"damage_healed":0,"gold_gain":0,"player_choice":"Removed Skill","damage_taken":0,"max_hp_gain":0,"max_hp_loss":0,"event_name":"Falling","floor":42,"gold_loss":0}],"is_beta":false,"boss_relics":[{"not_picked":["Astrolabe","Snecko Eye"],"picked":"Sozu"},{"not_picked":["Velvet Choker","Runic Pyramid"],"picked":"SlaversCollar"}],"items_purged_floors":[37,45],"is_endless":false,"potions_floor_spawned":[1,6,13,18,21,23,33,35,36,48],"killed_by":"Time Eater","ascension_level":2}}