{"host":"flm17o2q7bfjyna6","time":1613578556,"event":{"mods":["2.2 Compatiblity","Act Like it!","BaseMod","Better Altar","Better Match","Better Note","Better Sensory Stone","Better Skull","Better Third Choice","Better Vampires","Colored Map","Colored Powertips","DeckTracker","Fox Events","Hermit","Minty Spire (QoL Compilation)","Quick Restart","Replay The Spire","Reworked Bosses","Spicy Shops","StSLib","TheSwordswoman","Wandering Minibosses"],"gold_per_floor":[111,126,136,67,82,111,111,140,140,140,140],"floor_reached":10,"language":"ENG","playtime":502,"items_purged":[],"score":124,"play_id":"375b683b-740e-4850-a431-9e5b283c9239","local_time":"20210217111556","is_ascension_mode":true,"campfire_choices":[{"data":"blazmod:VisionsOfButterflies","floor":7,"key":"SMITH"}],"circlet_count":0,"master_deck":["blazmod:Strike","blazmod:Strike","blazmod:Strike","blazmod:Strike","blazmod:Defend","blazmod:Defend","blazmod:Defend","blazmod:Defend","blazmod:ButterflyEffect","blazmod:Kyokasuigetsu","blazmod:VisionsOfButterflies+1","blazmod:FortifiedVigor","blazmod:MoonlightBlossoms","blazmod:PhysicalEndurance","blazmod:FlawlessDraw","blazmod:PhysicalEndurance","blazmod:DanceOfTheGods","blazmod:OneWithNature"],"relics":["blazmod:Venustas","ReplayTheSpireMod:Shallot","MealTicket","Frozen Egg 2"],"acts_visited":["Exordium"],"potions_floor_usage":[6],"damage_taken":[{"damage":1,"enemies":"Cultist","floor":1,"turns":3},{"damage":2,"enemies":"Jaw Worm","floor":2,"turns":3},{"damage":14,"enemies":"Small Slimes","floor":3,"turns":2},{"damage":0,"enemies":"Exordium Wildlife","floor":5,"turns":2},{"damage":0,"enemies":"3 Sentries","floor":6,"turns":4},{"damage":19,"enemies":"Lagavulin","floor":8,"turns":5},{"damage":5,"enemies":"3 Sentries","floor":10,"turns":7}],"seed_played":"-364216171850331133","potions_obtained":[{"floor":1,"key":"Doom Potion"},{"floor":5,"key":"ColorlessPotion"},{"floor":6,"key":"FearPotion"}],"is_trial":false,"path_per_floor":["M","M","M","$","M","E","R","E","T","E"],"character_chosen":"THE_SWORDSWOMAN","items_purchased":["blazmod:FlawlessDraw"],"campfire_rested":0,"item_purchase_floors":[4],"current_hp_per_floor":[39,37,23,23,23,23,23,4,4,0,0],"gold":140,"neow_bonus":"ONE_RANDOM_RARE_CARD","is_daily":false,"chose_seed":false,"campfire_upgraded":1,"win_rate":0.0,"timestamp":1613578556,"path_taken":["M","M","?","?","?","E","R","E","T","E"],"items_purchased_type":["Card"],"build_version":"2020-12-22","purchased_purges":0,"victory":false,"max_hp_per_floor":[40,40,40,40,40,40,40,40,40,40,40],"card_choices":[{"not_picked":["blazmod:BeTheBlade","blazmod:PhysicalEndurance"],"picked":"blazmod:FortifiedVigor","floor":1},{"not_picked":["blazmod:FleetingDawn","blazmod:FortifiedVigor"],"picked":"blazmod:MoonlightBlossoms","floor":2},{"not_picked":["blazmod:ButterFlutter","blazmod:Valiance"],"picked":"blazmod:PhysicalEndurance","floor":3},{"not_picked":["blazmod:KatanaStrike","blazmod:FortifiedVigor"],"picked":"blazmod:PhysicalEndurance","floor":5},{"not_picked":["blazmod:StanceChange","blazmod:Unrestrained"],"picked":"blazmod:DanceOfTheGods","floor":6},{"not_picked":["blazmod:ClearTheMind","blazmod:FleetOfFoot"],"picked":"blazmod:OneWithNature","floor":8}],"player_experience":1786939,"relics_obtained":[{"floor":6,"key":"ReplayTheSpireMod:Shallot"},{"floor":8,"key":"MealTicket"},{"floor":9,"key":"Frozen Egg 2"}],"event_choices":[],"is_beta":false,"boss_relics":[],"items_purged_floors":[],"is_endless":false,"potions_floor_spawned":[1,5,6],"killed_by":"3 Sentries","ascension_level":4}}