{"host":"hd6x97p58c0rxspr","time":1613585493,"event":{"mods":["AchievementEnabler","Aspiration","Bard","BaseMod","Better Note","Better Skull","BetterRewards","Colored Powertips","Conspire","Downfall","Energized Spire","Halation","Hermit","Hubris","Infinite Spire","Jorbs\u0027s Wanderer Trilogy","Marisa????????","Marked Mod","Minty Spire (QoL Compilation)","Permanent Neow","Replay The Spire","Shop Mod","Spicy Shops","StSLib","The Animator","The Blue Laboratory","The Cursed","The Hierophant","The Runesmith","Wandering Minibosses"],"gold_per_floor":[111,111,111,121,136,136,136],"floor_reached":6,"language":"ENG","playtime":342,"items_purged":[],"score":36,"play_id":"b991ddb7-d10a-4feb-a07f-59188fdda330","local_time":"20210217121133","is_ascension_mode":false,"campfire_choices":[],"circlet_count":0,"master_deck":["hermit:Strike_Hermit","hermit:Strike_Hermit","hermit:Strike_Hermit","hermit:Strike_Hermit","hermit:Defend_Hermit","hermit:Defend_Hermit","hermit:Defend_Hermit","hermit:Defend_Hermit","hermit:Snapshot","hermit:Covet","hubris:Despair","hermit:TakeCover+1","hermit:Glare","hermit:TakeCover"],"relics":["hermit:Momento","hubris:Towel"],"acts_visited":["Exordium"],"potions_floor_usage":[],"damage_taken":[{"damage":3,"enemies":"Small Slimes","floor":1,"turns":4},{"damage":2,"enemies":"2 Louse","floor":4,"turns":4},{"damage":5,"enemies":"Jaw Worm","floor":5,"turns":6},{"damage":114,"enemies":"Gremlin Nob","floor":6,"turns":6}],"seed_played":"9149549284566974987","potions_obtained":[],"is_trial":false,"path_per_floor":["M","?","?","M","M","E"],"character_chosen":"HERMIT","items_purchased":[],"campfire_rested":0,"item_purchase_floors":[],"current_hp_per_floor":[86,86,86,84,79,0,0],"gold":136,"neow_bonus":"TWENTY_PERCENT_HP_BONUS","is_daily":false,"chose_seed":false,"campfire_upgraded":0,"win_rate":0.0,"timestamp":1613585493,"path_taken":["M","?","?","M","M","E"],"items_purchased_type":[],"build_version":"2020-12-22","purchased_purges":0,"victory":false,"max_hp_per_floor":[89,89,89,89,89,89,89],"card_choices":[{"not_picked":["hermit:BodyArmor","hermit:Roulette"],"picked":"hermit:TakeCover","floor":1},{"not_picked":["hermit:HighCaliber","hermit:Vantage"],"picked":"hermit:Glare","floor":4},{"not_picked":["hermit:FlashPowder","hermit:FinalCanter"],"picked":"hermit:TakeCover","floor":5}],"player_experience":865477,"relics_obtained":[],"event_choices":[{"damage_healed":0,"gold_gain":0,"player_choice":"Grow","damage_taken":0,"max_hp_gain":0,"max_hp_loss":0,"event_name":"Living Wall","floor":2,"gold_loss":0,"cards_upgraded":["hermit:TakeCover"]}],"is_beta":false,"boss_relics":[],"items_purged_floors":[],"is_endless":false,"potions_floor_spawned":[],"killed_by":"Gremlin Nob","ascension_level":0}}