{"host":"oehe2dxjvdgux73m","time":1613572519,"event":{"mods":["AchievementEnabler","BaseMod","Colored Map","Colored Powertips","DeckTracker","Keyboard Shortcuts","Minty Spire (QoL Compilation)","Permanent Neow","Quick Restart","StSLib","SuperFastMode"],"gold_per_floor":[110,110,122,122,133,158,170,197,197,217,227,238,238,256,256,352,352,365,365,266,285,147,147,158,158,158,158,173,173,173],"floor_reached":29,"language":"KOR","playtime":504,"items_purged":["Strike_P","Strike_P"],"score":393,"play_id":"715214e0-96f8-4ec1-b07f-350fdde66eaf","local_time":"20210217233519","is_ascension_mode":true,"campfire_choices":[{"floor":13.0,"key":"REST"},{"data":"BattleHymn","floor":15.0,"key":"SMITH"},{"data":"Adaptation","floor":23.0,"key":"SMITH"},{"data":"CrushJoints","floor":25.0,"key":"SMITH"},{"data":"Omniscience","floor":27.0,"key":"SMITH"}],"circlet_count":0,"master_deck":["Strike_P","Defend_P","Defend_P","Defend_P","Defend_P","Eruption+1","Vigilance","BattleHymn+1","ClearTheMind","Crescendo","EmptyFist","Ragnarok","Omniscience+1","CrushJoints+1","Adaptation+1"],"relics":["Philosopher\u0027s Stone","Anchor","CloakClasp","CaptainsWheel","Calipers","SlaversCollar","Question Card"],"acts_visited":["Exordium","TheCity"],"potions_floor_usage":[28],"damage_taken":[{"damage":0.0,"enemies":"Jaw Worm","floor":1.0,"turns":3.0},{"damage":0.0,"enemies":"Cultist","floor":3.0,"turns":2.0},{"damage":0.0,"enemies":"Small Slimes","floor":5.0,"turns":3.0},{"damage":52.0,"enemies":"Gremlin Nob","floor":6.0,"turns":5.0},{"damage":1.0,"enemies":"Gremlin Gang","floor":7.0,"turns":4.0},{"damage":0.0,"enemies":"Lagavulin","floor":8.0,"turns":2.0},{"damage":0.0,"enemies":"Exordium Thugs","floor":10.0,"turns":3.0},{"damage":2.0,"enemies":"Blue Slaver","floor":11.0,"turns":3.0},{"damage":6.0,"enemies":"Lots of Slimes","floor":12.0,"turns":4.0},{"damage":0.0,"enemies":"Gremlin Gang","floor":14.0,"turns":5.0},{"damage":0.0,"enemies":"Slime Boss","floor":16.0,"turns":6.0},{"damage":0.0,"enemies":"Spheric Guardian","floor":18.0,"turns":2.0},{"damage":14.0,"enemies":"2 Thieves","floor":21.0,"turns":3.0},{"damage":0.0,"enemies":"Centurion and Healer","floor":24.0,"turns":3.0},{"damage":38,"enemies":"Snake Plant","floor":28,"turns":3},{"damage":0,"enemies":"Slavers","floor":29,"turns":1}],"seed_played":"-8235906885963029309","potions_obtained":[{"floor":3.0,"key":"BottledMiracle"},{"floor":5.0,"key":"SpeedPotion"},{"floor":7.0,"key":"AttackPotion"},{"floor":12.0,"key":"SkillPotion"},{"floor":21.0,"key":"Fire Potion"},{"floor":24.0,"key":"SpeedPotion"}],"is_trial":false,"path_per_floor":["M","?","M","?","M","E","M","E","T","M","M","M","R","M","R","B",null,"M","?","$","M","$","R","M","R","T","R","M","E"],"character_chosen":"WATCHER","items_purchased":["CrushJoints","Adaptation"],"campfire_rested":1,"item_purchase_floors":[20,22],"current_hp_per_floor":[72,65,65,65,65,13,12,12,12,12,10,4,25,25,25,25,60,60,60,60,46,46,46,46,46,46,46,8,8,8],"gold":173,"neow_bonus":"BOSS_RELIC","is_daily":false,"chose_seed":false,"campfire_upgraded":4,"win_rate":0.0,"timestamp":1613572519,"path_taken":["M","?","M","?","M","E","M","E","T","?","M","M","R","M","R","BOSS","M","?","$","M","$","R","?","R","T","R","M","E"],"items_purchased_type":["Card","Card"],"build_version":"2020-12-22","purchased_purges":2,"victory":false,"max_hp_per_floor":[72,72,72,72,72,72,72,72,72,72,72,72,72,72,72,72,72,72,72,72,72,72,72,72,72,72,72,72,72,72],"card_choices":[{"not_picked":["Protect","Halt","DeceiveReality"],"picked":"SKIP","floor":1.0},{"not_picked":["Pray","PathToVictory","Crescendo"],"picked":"SKIP","floor":3.0},{"not_picked":["SignatureMove","Wish","Tantrum"],"picked":"SKIP","floor":5.0},{"not_picked":["PathToVictory","WindmillStrike"],"picked":"BattleHymn","floor":6.0},{"not_picked":["PathToVictory","Consecrate","SignatureMove"],"picked":"SKIP","floor":7.0},{"not_picked":["ThirdEye","ForeignInfluence","Evaluate"],"picked":"SKIP","floor":8.0},{"not_picked":["JustLucky","Wireheading"],"picked":"ClearTheMind","floor":10.0},{"not_picked":["Judgement","Fasting2"],"picked":"Crescendo","floor":11.0},{"not_picked":["Study","Consecrate","ClearTheMind"],"picked":"SKIP","floor":12.0},{"not_picked":["PathToVictory","Conclude"],"picked":"EmptyFist","floor":14.0},{"not_picked":["Brilliance","Vault"],"picked":"Ragnarok","floor":16.0},{"not_picked":["Pray","EmptyFist","ThirdEye"],"picked":"SKIP","floor":18.0},{"not_picked":["ClearTheMind+1","Halt","Conclude+1"],"picked":"SKIP","floor":21.0},{"not_picked":["Pray","Sanctity","BattleHymn"],"picked":"SKIP","floor":24.0},{"not_picked":["BattleHymn","Swivel+1","Consecrate","WindmillStrike"],"picked":"SKIP","floor":28}],"player_experience":470870,"relics_obtained":[{"floor":6.0,"key":"CloakClasp"},{"floor":8.0,"key":"CaptainsWheel"},{"floor":9.0,"key":"Calipers"},{"floor":26.0,"key":"Question Card"}],"event_choices":[{"damage_healed":0.0,"max_hp_gain":0.0,"max_hp_loss":0.0,"gold_gain":0.0,"event_name":"Scrap Ooze","player_choice":"Success","floor":2.0,"gold_loss":0.0,"damage_taken":7.0,"relics_obtained":["Anchor"]},{"damage_healed":0.0,"max_hp_gain":0.0,"max_hp_loss":0.0,"gold_gain":0.0,"event_name":"Accursed Blacksmith","player_choice":"Forge","floor":4.0,"gold_loss":0.0,"damage_taken":0.0,"cards_upgraded":["Eruption"]},{"damage_healed":0.0,"max_hp_gain":0.0,"max_hp_loss":0.0,"gold_gain":0.0,"cards_transformed":["Strike_P"],"event_name":"Transmorgrifier","player_choice":"Transformed","floor":19.0,"gold_loss":0.0,"damage_taken":0.0,"cards_obtained":["Omniscience"]}],"is_beta":false,"boss_relics":[{"not_picked":["Fusion Hammer","Cursed Key"],"picked":"SlaversCollar"}],"items_purged_floors":[20,22],"is_endless":false,"potions_floor_spawned":[3,5,7,12,16,21,24],"killed_by":"Slavers","ascension_level":5}}