{"host":"dhk5e65fhht6ttq3","time":1613575438,"event":{"mods":["BaseMod","Lobotomy","LobotomyExtend","Minty Spire (QoL Compilation)","Replay The Spire","StSLib","[IsaacMod]ÒÔÈö¼âËþ"],"gold_per_floor":[109,121,137,178,193,193,293,307,333,8,8,27,27,27,27,123,123,139,155,155,155],"floor_reached":20,"language":"ZHS","playtime":1442,"items_purged":["Strike_P"],"score":218,"play_id":"2ebcbafd-ef1f-4a9a-bc9a-31dbffdfaf11","local_time":"20210217232358","is_ascension_mode":false,"campfire_choices":[{"data":"EpicFetus","floor":6,"key":"SMITH"},{"data":"Eruption","floor":13,"key":"SMITH"},{"data":"Replay:LoomingThreat","floor":15,"key":"SMITH"}],"circlet_count":0,"master_deck":["Strike_P","Strike_P","Strike_P","Defend_P","Defend_P","Defend_P","Defend_P","Eruption+1","Vigilance","EpicFetus+1","Wish","MeatLantern","ShyLook","FearNoEvil","DeceiveReality","Judgement+1","UniverseFragment","Evaluate+1","Protect+1","Wellcheers","Replay:LoomingThreat+1","LongBird","Nirvana+1","Omniscience+1","Vault+1","LessonLearned","Replay:LoomingThreat","WallGazer","Scrawl+1","GreedKing","Replay:AtTheReady+1"],"relics":["HolyWater","HushsDoor","CogitoBucket","Mercury Hourglass","LetterFromLob","Gremlin Food"],"acts_visited":["Exordium","TheCity"],"potions_floor_usage":[8,8,19],"damage_taken":[{"damage":0.0,"enemies":"Jaw Worm","floor":1.0,"turns":4.0},{"damage":0.0,"enemies":"Cultist","floor":2.0,"turns":3.0},{"damage":0.0,"enemies":"Small Slimes","floor":3.0,"turns":2.0},{"damage":0.0,"enemies":"Gremlin Gang","floor":4.0,"turns":3.0},{"damage":1,"enemies":"Exordium Wildlife","floor":5,"turns":2},{"damage":0,"enemies":"2 Fungi Beasts","floor":8,"turns":1},{"damage":0,"enemies":"Large Slime","floor":12,"turns":6},{"damage":5,"enemies":"Fading Forest","floor":16,"turns":11},{"damage":4,"enemies":"Chosen","floor":18,"turns":4},{"damage":11,"enemies":"2 Thieves","floor":19,"turns":4},{"damage":29,"enemies":"3 Cultists","floor":20,"turns":4}],"seed_played":"-4679674326562694439","potions_obtained":[{"floor":4.0,"key":"Explosive Potion"},{"floor":5,"key":"Toxic Potion"},{"floor":8,"key":"FearPotion"},{"floor":16,"key":"Fire Potion"},{"floor":18,"key":"SteroidPotion"},{"floor":19,"key":"Block Potion"}],"is_trial":false,"path_per_floor":["M","M","M","M","M","R","?","M","T","$","M","M","R","?","R","B",null,"M","M","M"],"character_chosen":"WATCHER","items_purchased":["Replay:LoomingThreat","Bottled Tornado","Vault+1","LessonLearned","Replay:LoomingThreat"],"campfire_rested":0,"item_purchase_floors":[10,10,17,17,17],"current_hp_per_floor":[72,72,72,72,71,71,71,81,81,81,81,81,81,81,81,76,65,61,50,0,0],"gold":155,"neow_bonus":"","is_daily":false,"chose_seed":false,"campfire_upgraded":3,"win_rate":0.0,"timestamp":1613575438,"path_taken":["M","M","M","M","M","R","?","?","T","$","M","M","R","?","R","BOSS","M","M","M"],"items_purchased_type":["Card","Relic","Card","Card","Card"],"build_version":"2020-12-22","purchased_purges":1,"victory":false,"max_hp_per_floor":[72,72,72,72,72,72,72,82,82,82,82,82,82,82,82,82,65,65,65,65,65],"card_choices":[{"not_picked":[],"picked":"EpicFetus","floor":0.0},{"not_picked":["Sanctity","DeceiveReality"],"picked":"Wish","floor":1.0},{"not_picked":["Mercenary","PunishingBird","Scarecrow"],"picked":"Singing Bowl","floor":1.0},{"not_picked":["BigBadWolf","QueenBee"],"picked":"MeatLantern","floor":1.0},{"not_picked":["Funeral","Rudolta","CrumblingArmor"],"picked":"Singing Bowl","floor":2.0},{"not_picked":["CrumblingArmor","WallGazer"],"picked":"ShyLook","floor":2.0},{"not_picked":["FlurryOfBlows","ClearTheMind"],"picked":"FearNoEvil","floor":2.0},{"not_picked":["Mercenary","VoidDream","PunishingBird"],"picked":"Singing Bowl","floor":3.0},{"not_picked":["FlyingSleeves","Replay:AtTheReady"],"picked":"DeceiveReality","floor":3.0},{"not_picked":["Scorched","OSAHOGD"],"picked":"OldLady","floor":4.0},{"not_picked":["Replay:Battleflow+1","ClearTheMind+1"],"picked":"Judgement+1","floor":4.0},{"not_picked":["Bloodbath","DespairKnight"],"picked":"UniverseFragment","floor":5},{"not_picked":["Consecrate","Meditate+1","CutThroughFate"],"picked":"SKIP","floor":5},{"not_picked":["Consecrate","EmptyFist"],"picked":"Evaluate+1","floor":7},{"not_picked":["FlurryOfBlows","SashWhip"],"picked":"Protect+1","floor":8},{"not_picked":["PunishingBird","Funeral","CherryBlossoms"],"picked":"Singing Bowl","floor":8},{"not_picked":["CherryBlossoms","CrumblingArmor"],"picked":"Wellcheers","floor":8},{"not_picked":["PunishingBird","Bloodbath"],"picked":"LongBird","floor":12},{"not_picked":["Wallop","EmptyFist","Meditate+1"],"picked":"SKIP","floor":12},{"not_picked":["Wallop","EmptyFist","Meditate+1"],"picked":"SKIP","floor":12},{"not_picked":["Wish+1","Replay:AllIn+1"],"picked":"Omniscience+1","floor":16},{"not_picked":["SpiderBud","LaLuna","MHz"],"picked":"Singing Bowl","floor":16},{"not_picked":["CherryBlossoms","FairyFestival"],"picked":"WallGazer","floor":18},{"not_picked":["Evaluate+1","PathToVictory+1"],"picked":"Scrawl+1","floor":18},{"not_picked":["Bloodbath","OldLady"],"picked":"GreedKing","floor":19},{"not_picked":["CrushJoints","Replay:ManipulateFuture+1"],"picked":"Replay:AtTheReady+1","floor":19}],"player_experience":977328,"relics_obtained":[{"floor":1.0,"key":"Mercury Hourglass"},{"floor":1.0,"key":"LetterFromLob"},{"floor":2.0,"key":"Gremlin Food"},{"floor":3.0,"key":"Regal Pillow"},{"floor":4.0,"key":"Toxic Egg 2"},{"floor":5,"key":"Bag of Marbles"},{"floor":8,"key":"The Courier"},{"floor":9,"key":"Smiling Mask"},{"floor":12,"key":"Dream Catcher"},{"floor":18,"key":"Damaru"},{"floor":19,"key":"Letter Opener"}],"event_choices":[],"is_beta":false,"boss_relics":[{"not_picked":["Tiny House","Snecko Eye"],"picked":"HolyWater"},{"not_picked":[]}],"items_purged_floors":[17],"is_endless":false,"potions_floor_spawned":[4,5,8,16,18,19],"killed_by":"3 Cultists","ascension_level":0}}