{"host":"qjv9b7mze4c73keh","time":1613555732,"event":{"mods":["BaseMod","Colored Map","Colored Powertips","DeckTracker","Highlight Path","Minty Spire (QoL Compilation)","Rare Cards Sparkle","Synergy Search","Unceasing Turn Reminder"],"gold_per_floor":[110,110,120,131,145,145,121,46,122,132,142,42,42,42,42,144,144,115,115,40,51,0,0,0,0,0,11,11,11,28,46,46,46,46],"floor_reached":33,"language":"RUS","playtime":2743,"items_purged":["Strike_G","Strike_G"],"score":237,"play_id":"93ebb4a3-ef4c-4d6c-a609-3f7dc2844b66","local_time":"20210217145532","is_ascension_mode":false,"campfire_choices":[{"floor":6,"key":"REST"},{"floor":13,"key":"REST"},{"data":"Deflect","floor":15,"key":"SMITH"},{"floor":23,"key":"REST"},{"floor":25,"key":"REST"},{"floor":28,"key":"REST"},{"floor":32,"key":"REST"}],"circlet_count":0,"master_deck":["Strike_G","Strike_G","Strike_G","Defend_G","Defend_G","Defend_G","Defend_G","Survivor","Neutralize","Catalyst","Deflect+1","Prepared","Noxious Fumes","Noxious Fumes","Bouncing Flask+1","Endless Agony+1"],"relics":["Ring of the Snake","Sundial","Velvet Choker","Orichalcum","HornCleat"],"acts_visited":["Exordium","TheCity"],"potions_floor_usage":[16,16,16,18,27],"damage_taken":[{"damage":0,"enemies":"Small Slimes","floor":1,"turns":7},{"damage":0,"enemies":"Jaw Worm","floor":3,"turns":4},{"damage":0,"enemies":"2 Louse","floor":4,"turns":2},{"damage":14,"enemies":"Large Slime","floor":5,"turns":12},{"damage":8,"enemies":"Exordium Wildlife","floor":10,"turns":7},{"damage":22,"enemies":"Lots of Slimes","floor":11,"turns":7},{"damage":30,"enemies":"Hexaghost","floor":16,"turns":10},{"damage":9,"enemies":"2 Thieves","floor":18,"turns":5},{"damage":35,"enemies":"Chosen","floor":21,"turns":9},{"damage":34,"enemies":"3 Cultists","floor":27,"turns":6},{"damage":5,"enemies":"Snecko","floor":30,"turns":4},{"damage":19,"enemies":"Shelled Parasite and Fungi","floor":31,"turns":5},{"damage":87,"enemies":"Collector","floor":33,"turns":8}],"seed_played":"3654857074662628925","potions_obtained":[{"floor":1,"key":"AttackPotion"},{"floor":3,"key":"CultistPotion"},{"floor":10,"key":"SteroidPotion"},{"floor":16,"key":"AttackPotion"},{"floor":18,"key":"SteroidPotion"},{"floor":30,"key":"SmokeBomb"}],"is_trial":false,"path_per_floor":["M","?","M","M","M","R","?","$","T","M","M","$","R","?","R","B",null,"M","?","?","M","?","R","T","R","T","M","R","$","M","M","R","B"],"character_chosen":"THE_SILENT","items_purchased":[],"campfire_rested":6,"item_purchase_floors":[],"current_hp_per_floor":[77,82,82,82,68,82,82,82,82,74,52,52,76,76,76,46,82,73,73,73,38,38,62,62,82,82,48,72,72,67,48,72,0,0],"gold":46,"neow_bonus":"TEN_PERCENT_HP_BONUS","is_daily":false,"chose_seed":false,"campfire_upgraded":1,"win_rate":0.0,"timestamp":1613555732,"path_taken":["M","?","M","M","M","R","?","$","T","M","M","$","R","?","R","BOSS","M","?","?","M","?","R","?","R","T","M","R","?","M","M","R","BOSS"],"items_purchased_type":[],"build_version":"2020-12-22","purchased_purges":2,"victory":false,"max_hp_per_floor":[77,82,82,82,82,82,82,82,82,82,82,82,82,82,82,82,82,82,82,82,82,82,82,82,82,82,82,82,82,82,82,82,82,82],"card_choices":[{"not_picked":["PiercingWail","Outmaneuver"],"picked":"Catalyst","floor":1},{"not_picked":["PiercingWail","Venomology"],"picked":"Deflect","floor":3},{"not_picked":["Deflect","Footwork","Dagger Throw"],"picked":"SKIP","floor":4},{"not_picked":["Outmaneuver","Bane"],"picked":"Prepared","floor":5},{"not_picked":["PiercingWail","Tactician"],"picked":"Noxious Fumes","floor":10},{"not_picked":["Prepared","Finisher","PiercingWail"],"picked":"SKIP","floor":11},{"not_picked":["Dodge and Roll","Dagger Spray","Dagger Throw"],"picked":"SKIP","floor":18},{"not_picked":["Prepared+1","Sucker Punch"],"picked":"Noxious Fumes","floor":21},{"not_picked":["Dodge and Roll","Quick Slash+1"],"picked":"Bouncing Flask+1","floor":27},{"not_picked":["Dagger Throw","Slice"],"picked":"Endless Agony+1","floor":30},{"not_picked":["Dodge and Roll+1","Tactician","Quick Slash"],"picked":"SKIP","floor":31}],"player_experience":108244,"relics_obtained":[{"floor":9,"key":"Sundial"},{"floor":24,"key":"Orichalcum"},{"floor":26,"key":"HornCleat"}],"event_choices":[{"damage_healed":0,"gold_gain":0,"player_choice":"Donut","damage_taken":0,"max_hp_gain":5,"max_hp_loss":0,"event_name":"Big Fish","floor":2,"gold_loss":0},{"damage_healed":0,"gold_gain":0,"player_choice":"Left Gold","damage_taken":0,"max_hp_gain":0,"max_hp_loss":0,"event_name":"World of Goop","floor":7,"gold_loss":24},{"damage_healed":0,"gold_gain":0,"player_choice":"Searched \u00270\u0027 times","damage_taken":0,"max_hp_gain":0,"max_hp_loss":0,"event_name":"Dead Adventurer","floor":14,"gold_loss":0},{"damage_healed":0,"gold_gain":0,"player_choice":"Ignored","damage_taken":0,"max_hp_gain":0,"max_hp_loss":0,"event_name":"Ghosts","floor":19,"gold_loss":0},{"cards_removed":["Defend_G"],"damage_healed":0,"gold_gain":0,"player_choice":"Gave Gold","damage_taken":0,"max_hp_gain":0,"max_hp_loss":0,"event_name":"Beggar","floor":20,"gold_loss":75},{"damage_healed":0,"gold_gain":0,"player_choice":"Paid Fearfully","damage_taken":0,"max_hp_gain":0,"max_hp_loss":0,"event_name":"Masked Bandits","floor":22,"gold_loss":51}],"is_beta":false,"boss_relics":[{"not_picked":["Cursed Key","Runic Dome"],"picked":"Velvet Choker"}],"items_purged_floors":[8,12],"is_endless":false,"potions_floor_spawned":[1,3,10,16,18,30],"killed_by":"Collector","ascension_level":0}}