{"host":"j2zti408atcvju3x","time":1613545645,"event":{"mods":["BaseMod","Minty Spire (QoL Compilation)","Quick Restart","StSLib"],"gold_per_floor":[118,118,43,56,75,104,104,116,116,130,146,119,132,132,132,237,237,248,261,261,111,326,326,346,346,346,346,361,361,361],"floor_reached":29,"language":"ZHS","playtime":1121,"items_purged":["Defend_G","Strike_G"],"score":227,"play_id":"e6ef7e8d-aa1e-48e0-abb9-de9abdb5d177","local_time":"20210217150725","is_ascension_mode":false,"campfire_choices":[{"floor":7,"key":"REST"},{"floor":15,"key":"REST"},{"floor":23,"key":"REST"},{"floor":25,"key":"RECALL"}],"circlet_count":0,"master_deck":["Strike_G","Strike_G","Strike_G","Defend_G","Defend_G+1","Defend_G","Neutralize","Bouncing Flask","Bane","Deadly Poison+1","CurseOfTheBell","Catalyst","Noxious Fumes+1","Outmaneuver","Phantasmal Killer","Footwork"],"relics":["Ring of the Snake","Regal Pillow","Calling Bell","War Paint","Darkstone Periapt","Peace Pipe","Old Coin","Omamori"],"acts_visited":["Exordium","TheCity"],"potions_floor_usage":[11,16,16,19,24],"damage_taken":[{"damage":6,"enemies":"Jaw Worm","floor":1,"turns":8},{"damage":0,"enemies":"Small Slimes","floor":4,"turns":3},{"damage":0,"enemies":"2 Louse","floor":5,"turns":2},{"damage":51,"enemies":"Gremlin Nob","floor":6,"turns":6},{"damage":4,"enemies":"Looter","floor":8,"turns":3},{"damage":20,"enemies":"Exordium Wildlife","floor":10,"turns":5},{"damage":0,"enemies":"Red Slaver","floor":11,"turns":4},{"damage":13,"enemies":"3 Louse","floor":13,"turns":4},{"damage":40,"enemies":"The Guardian","floor":16,"turns":9},{"damage":31,"enemies":"3 Byrds","floor":18,"turns":6},{"damage":19,"enemies":"Shell Parasite","floor":19,"turns":5},{"damage":14,"enemies":"Snake Plant","floor":24,"turns":4},{"damage":40,"enemies":"Cultist and Chosen","floor":28,"turns":7},{"damage":13,"enemies":"Sentry and Sphere","floor":29,"turns":3}],"seed_played":"-6390520478298375605","potions_obtained":[{"floor":6,"key":"Poison Potion"},{"floor":10,"key":"Ancient Potion"},{"floor":11,"key":"SkillPotion"},{"floor":13,"key":"Weak Potion"},{"floor":16,"key":"Strength Potion"},{"floor":18,"key":"Energy Potion"},{"floor":24,"key":"FearPotion"}],"is_trial":false,"path_per_floor":["M","?","$","M","M","E","R","M","T","M","M","?","M","?","R","B",null,"M","M","?","$","?","R","M","R","T","?","M","M"],"character_chosen":"THE_SILENT","items_purchased":["Energy Potion"],"campfire_rested":3,"item_purchase_floors":[21],"current_hp_per_floor":[71,64,64,64,64,13,51,47,47,27,27,27,14,14,52,12,77,46,27,27,27,27,65,51,51,51,51,11,0,0],"gold":361,"neow_bonus":"TEN_PERCENT_HP_BONUS","is_daily":false,"chose_seed":false,"campfire_upgraded":0,"win_rate":0.0,"timestamp":1613545645,"path_taken":["M","?","$","M","M","E","R","M","T","M","M","?","M","?","R","BOSS","M","M","?","$","?","R","M","R","T","?","M","M"],"items_purchased_type":["Potion"],"build_version":"2020-12-22","purchased_purges":2,"victory":false,"max_hp_per_floor":[77,77,77,77,77,77,77,77,77,77,77,77,77,77,77,77,77,77,77,77,77,77,77,77,77,77,77,77,77,77],"card_choices":[{"not_picked":["Slice","Well Laid Plans","Dagger Throw"],"picked":"SKIP","floor":1},{"not_picked":["Distraction","Flying Knee","PiercingWail"],"picked":"SKIP","floor":4},{"not_picked":["Flying Knee","Blade Dance"],"picked":"Bouncing Flask","floor":5},{"not_picked":["Deflect","Backflip","Well Laid Plans"],"picked":"SKIP","floor":6},{"not_picked":["Choke","Footwork","Die Die Die"],"picked":"SKIP","floor":8},{"not_picked":["Blur","Caltrops","Leg Sweep"],"picked":"SKIP","floor":10},{"not_picked":["Dagger Throw","Deflect"],"picked":"Bane","floor":11},{"not_picked":["Flying Knee","PiercingWail"],"picked":"Deadly Poison","floor":13},{"not_picked":["Deadly Poison","All Out Attack"],"picked":"Catalyst","floor":18},{"not_picked":["Underhanded Strike+1","Acrobatics"],"picked":"Noxious Fumes+1","floor":19},{"not_picked":["Well Laid Plans","Dash+1"],"picked":"Outmaneuver","floor":24},{"not_picked":["Acrobatics","Bane","Dagger Spray"],"picked":"SKIP","floor":28}],"player_experience":24190,"relics_obtained":[{"floor":6,"key":"Regal Pillow"},{"floor":17,"key":"War Paint"},{"floor":17,"key":"Darkstone Periapt"},{"floor":17,"key":"Peace Pipe"},{"floor":26,"key":"Omamori"}],"event_choices":[{"cards_removed":["Survivor"],"damage_healed":0,"gold_gain":0,"player_choice":"Card Removal","damage_taken":7,"max_hp_gain":0,"max_hp_loss":0,"event_name":"Golden Wing","floor":2,"gold_loss":0},{"damage_healed":0,"gold_gain":0,"player_choice":"Left Gold","damage_taken":0,"max_hp_gain":0,"max_hp_loss":0,"event_name":"World of Goop","floor":12,"gold_loss":27},{"damage_healed":0,"gold_gain":0,"player_choice":"Ignored","damage_taken":0,"max_hp_gain":0,"max_hp_loss":0,"event_name":"Golden Idol","floor":14,"gold_loss":0},{"damage_healed":0,"gold_gain":0,"player_choice":"Ignored","damage_taken":0,"max_hp_gain":0,"max_hp_loss":0,"event_name":"Ghosts","floor":20,"gold_loss":0},{"damage_healed":0,"gold_gain":0,"player_choice":"Obtained Relic","damage_taken":0,"relics_obtained":["Old Coin"],"max_hp_gain":0,"max_hp_loss":0,"event_name":"Addict","floor":22,"gold_loss":85},{"damage_healed":0,"gold_gain":0,"cards_transformed":["Strike_G","Defend_G"],"player_choice":"Became Test Subject","damage_taken":0,"max_hp_gain":0,"max_hp_loss":0,"event_name":"Drug Dealer","floor":27,"gold_loss":0,"cards_obtained":["Phantasmal Killer","Footwork"]}],"is_beta":false,"boss_relics":[{"not_picked":["Coffee Dripper","SacredBark"],"picked":"Calling Bell"}],"items_purged_floors":[3,21],"is_endless":false,"potions_floor_spawned":[6,10,11,13,16,18,24],"killed_by":"Sentry and Sphere","ascension_level":0}}