{"host":"6ulps5ednfgqn0to","time":1613569709,"event":{"mods":["AchievementEnabler","BaseMod","Colored Map","Highlight Path","Minty Spire (QoL Compilation)","Relic Sorter","Relic Stats","StSLib"],"gold_per_floor":[362,362,234,249,98,98,130,145,145,165,165,184,201,226,226,321,321,333,348,47,47,59,84,9,9,9],"floor_reached":25,"language":"ENG","playtime":1303,"items_purged":["Strike_P"],"score":258,"play_id":"0af16912-baa0-4317-80f4-c124410a1faf","local_time":"20210217154829","is_ascension_mode":false,"campfire_choices":[{"data":"BowlingBash","floor":6,"key":"SMITH"},{"floor":11,"key":"REST"},{"data":"Alpha","floor":15,"key":"SMITH"}],"circlet_count":0,"master_deck":["Strike_P","Defend_P","Defend_P","Eruption+1","Halt","Alpha+1","BowlingBash+1","ThirdEye","Adaptation","FearNoEvil","Consecrate","Wallop","EmptyMind","WindmillStrike","Devotion","Halt+1","Devotion","Vengeance","ClearTheMind","InnerPeace","PathToVictory"],"relics":["PureWater","Kunai","Pear","Boot","Empty Cage","Anchor","Potion Belt"],"acts_visited":["Exordium","TheCity"],"potions_floor_usage":[22,23],"damage_taken":[{"damage":3,"enemies":"2 Louse","floor":1,"turns":4},{"damage":2,"enemies":"Cultist","floor":4,"turns":3},{"damage":19,"enemies":"Lagavulin","floor":7,"turns":6},{"damage":0,"enemies":"Small Slimes","floor":8,"turns":3},{"damage":13,"enemies":"2 Fungi Beasts","floor":10,"turns":3},{"damage":14,"enemies":"Gremlin Gang","floor":12,"turns":4},{"damage":0,"enemies":"Blue Slaver","floor":13,"turns":4},{"damage":0,"enemies":"3 Sentries","floor":14,"turns":5},{"damage":30,"enemies":"Slime Boss","floor":16,"turns":5},{"damage":3,"enemies":"3 Byrds","floor":18,"turns":5},{"damage":3,"enemies":"Chosen","floor":19,"turns":4},{"damage":25,"enemies":"Snake Plant","floor":22,"turns":5},{"damage":32,"enemies":"Book of Stabbing","floor":23,"turns":6},{"damage":22,"enemies":"Slavers","floor":25,"turns":1}],"seed_played":"8004455536950612851","potions_obtained":[{"floor":12,"key":"BottledMiracle"},{"floor":13,"key":"PowerPotion"},{"floor":14,"key":"Fire Potion"},{"floor":23,"key":"Dexterity Potion"}],"is_trial":false,"path_per_floor":["M","?","$","M","$","R","E","M","T","M","R","M","M","E","R","B",null,"M","M","$","?","M","E","?","E"],"character_chosen":"WATCHER","items_purchased":["Alpha","BowlingBash","Adaptation","Devotion","Anchor"],"campfire_rested":1,"item_purchase_floors":[3,3,5,20,20],"current_hp_per_floor":[48,48,48,46,46,46,27,27,37,24,48,34,34,34,34,4,82,79,76,76,76,51,19,19,0,0],"gold":9,"neow_bonus":"TWO_FIFTY_GOLD","is_daily":false,"chose_seed":false,"campfire_upgraded":2,"win_rate":0.0,"timestamp":1613569709,"path_taken":["M","?","$","M","?","R","E","M","T","M","R","M","M","E","R","BOSS","M","M","$","?","M","E","?","E"],"items_purchased_type":["Card","Card","Card","Card","Relic"],"build_version":"2020-12-22","purchased_purges":1,"victory":false,"max_hp_per_floor":[72,72,72,72,72,72,72,72,82,82,82,82,82,82,82,82,82,82,82,82,82,82,82,82,82,82],"relic_stats":{"counters":[14,58],"Kunai":[4],"Boot":[11],"obtain_stats":[{"Potion Belt":23,"Anchor":20,"Pear":9,"Kunai":7,"PureWater":0,"Boot":14,"Empty Cage":17},{"Potion Belt":13,"Anchor":11,"Pear":4,"Kunai":3,"PureWater":0,"Boot":8,"Empty Cage":9},{"Potion Belt":57,"Anchor":46,"Pear":16,"Kunai":13,"PureWater":0,"Boot":32,"Empty Cage":37}]},"card_choices":[{"not_picked":["FlurryOfBlows","EmptyFist"],"picked":"Halt","floor":1},{"not_picked":["Evaluate","Establishment"],"picked":"ThirdEye","floor":4},{"not_picked":["Evaluate","Perseverance"],"picked":"FearNoEvil","floor":7},{"not_picked":["FlurryOfBlows","BowlingBash"],"picked":"Consecrate","floor":8},{"not_picked":["LikeWater","SashWhip"],"picked":"Wallop","floor":10},{"not_picked":["Sanctity","LikeWater"],"picked":"EmptyMind","floor":12},{"not_picked":["EmptyFist","SashWhip","PathToVictory"],"picked":"SKIP","floor":13},{"not_picked":["ReachHeaven","Adaptation"],"picked":"WindmillStrike","floor":14},{"not_picked":["Ragnarok","MasterReality"],"picked":"Devotion","floor":16},{"not_picked":["Nirvana","Consecrate"],"picked":"Halt+1","floor":18},{"not_picked":["SashWhip","Sanctity","Halt"],"picked":"SKIP","floor":19},{"not_picked":["EmptyBody","DevaForm"],"picked":"InnerPeace","floor":22},{"not_picked":["Adaptation","BowlingBash"],"picked":"PathToVictory","floor":23}],"player_experience":39773,"relics_obtained":[{"floor":7,"key":"Kunai"},{"floor":9,"key":"Pear"},{"floor":14,"key":"Boot"},{"floor":23,"key":"Potion Belt"}],"event_choices":[{"damage_healed":0,"gold_gain":0,"player_choice":"Upgraded","damage_taken":0,"max_hp_gain":0,"max_hp_loss":0,"event_name":"Upgrade Shrine","floor":2,"gold_loss":0,"cards_upgraded":["Eruption"]},{"damage_healed":0,"gold_gain":0,"cards_transformed":["Defend_P","Strike_P"],"player_choice":"Became Test Subject","damage_taken":0,"max_hp_gain":0,"max_hp_loss":0,"event_name":"Drug Dealer","floor":21,"gold_loss":0,"cards_obtained":["Vengeance","ClearTheMind"]},{"cards_removed":["Vigilance"],"damage_healed":0,"gold_gain":0,"player_choice":"Gave Gold","damage_taken":0,"max_hp_gain":0,"max_hp_loss":0,"event_name":"Beggar","floor":24,"gold_loss":75}],"is_beta":false,"boss_relics":[{"not_picked":["Fusion Hammer","Coffee Dripper"],"picked":"Empty Cage"}],"items_purged_floors":[5],"is_endless":false,"potions_floor_spawned":[12,13,14,16,18,23],"killed_by":"Slavers","ascension_level":0}}