{"host":"ydg0vn0pu4pubmdt","time":1613579258,"event":{"mods":["AchievementEnabler","BaseMod","Colored Map","Minty Spire (QoL Compilation)","Quick Restart","SuperFastMode"],"gold_per_floor":[114,114,114,126,141,141,166,186,256,275,200,213,213,229,229,229,229],"floor_reached":16,"language":"KOR","playtime":419,"items_purged":["Strike_G"],"score":208,"play_id":"7e4e3cd1-ec19-4dbb-b001-4516f32da5e3","local_time":"20210218012738","is_ascension_mode":true,"campfire_choices":[{"floor":6.0,"key":"DIG"},{"floor":13.0,"key":"DIG"},{"floor":15.0,"key":"DIG"}],"circlet_count":0,"master_deck":["AscendersBane","Strike_G","Strike_G","Strike_G","Strike_G","Defend_G","Defend_G+1","Defend_G","Defend_G+1","Defend_G","Survivor","Neutralize","Dagger Throw","Cloak And Dagger","Blade Dance","Masterful Stab","Predator","Blade Dance","Glass Knife"],"relics":["Ring of the Snake","NeowsBlessing","Shovel","War Paint","Matryoshka","Anchor","Paper Crane","Centennial Puzzle","CeramicFish"],"acts_visited":["Exordium"],"potions_floor_usage":[16],"damage_taken":[{"damage":0.0,"enemies":"Small Slimes","floor":1.0,"turns":1.0},{"damage":0.0,"enemies":"Jaw Worm","floor":4.0,"turns":1.0},{"damage":0.0,"enemies":"Cultist","floor":5.0,"turns":1.0},{"damage":21.0,"enemies":"3 Sentries","floor":7.0,"turns":10.0},{"damage":1.0,"enemies":"Red Slaver","floor":8.0,"turns":4.0},{"damage":3.0,"enemies":"Looter","floor":10.0,"turns":3.0},{"damage":0.0,"enemies":"Exordium Wildlife","floor":12.0,"turns":4.0},{"damage":2.0,"enemies":"Lots of Slimes","floor":14.0,"turns":4.0},{"damage":42,"enemies":"Hexaghost","floor":16,"turns":9}],"seed_played":"-6833797927846517163","potions_obtained":[{"floor":7.0,"key":"LiquidBronze"},{"floor":8.0,"key":"SpeedPotion"}],"is_trial":false,"path_per_floor":["M","?","T","M","M","R","E","M","T","M","$","M","R","M","R","B"],"character_chosen":"THE_SILENT","items_purchased":[],"campfire_rested":0,"item_purchase_floors":[],"current_hp_per_floor":[59,64,64,64,64,64,43,42,42,39,39,39,39,37,37,0,0],"gold":229,"neow_bonus":"THREE_ENEMY_KILL","is_daily":false,"chose_seed":false,"campfire_upgraded":0,"win_rate":0.0,"timestamp":1613579258,"path_taken":["M","?","?","M","?","R","E","M","T","M","?","M","R","M","R","BOSS"],"items_purchased_type":[],"build_version":"2020-12-22","purchased_purges":1,"victory":false,"max_hp_per_floor":[66,71,71,71,71,71,71,71,71,71,71,71,71,71,71,71,71],"card_choices":[{"not_picked":["Dodge and Roll","Quick Slash"],"picked":"Dagger Throw","floor":1.0},{"not_picked":["Concentrate","Terror"],"picked":"Cloak And Dagger","floor":4.0},{"not_picked":["Finisher","Deflect"],"picked":"Blade Dance","floor":5.0},{"not_picked":["Leg Sweep","Underhanded Strike"],"picked":"Masterful Stab","floor":7.0},{"not_picked":["Distraction","Catalyst"],"picked":"Predator","floor":8.0},{"not_picked":["Backflip","Endless Agony"],"picked":"Blade Dance","floor":10.0},{"not_picked":["PiercingWail","Reflex"],"picked":"Glass Knife","floor":12.0},{"not_picked":["Underhanded Strike","Noxious Fumes","Blade Dance"],"picked":"SKIP","floor":14.0}],"player_experience":605932,"relics_obtained":[{"floor":3.0,"key":"Shovel"},{"floor":6.0,"key":"War Paint"},{"floor":7.0,"key":"Matryoshka"},{"floor":9.0,"key":"Anchor"},{"floor":9.0,"key":"Paper Crane"},{"floor":13.0,"key":"Centennial Puzzle"},{"floor":15.0,"key":"CeramicFish"}],"event_choices":[{"damage_healed":0.0,"max_hp_gain":5.0,"max_hp_loss":0.0,"gold_gain":0.0,"event_name":"Big Fish","player_choice":"Donut","floor":2.0,"gold_loss":0.0,"damage_taken":0.0}],"is_beta":false,"boss_relics":[],"items_purged_floors":[11],"is_endless":false,"potions_floor_spawned":[7,8],"killed_by":"Hexaghost","ascension_level":20}}