{"host":"k02ivx6tjlda7sle","time":1613602629,"event":{"mods":["AchievementEnabler","BaseMod","Better Note","Better Third Choice","Downfall","Hubris","Infinite Spire","Minty Spire (QoL Compilation)","Permanent Neow","Quick Restart","Rare Cards Sparkle","Reliquary","Replay The Spire","Spicy Shops","StSLib","The IronCluck","slay the spire mod where everything is the same but ironclad has a cowboy hat"],"gold_per_floor":[114,114,114,114,133,162,180,213,213,225,225,96,116,116,116,146,111,211,211,222,222,236,236,236,236,256,272,351,380,396,428,428,142,142,242,242,262,262,280,280,300,300,300],"floor_reached":42,"language":"ENG","playtime":2856,"items_purged":["Strike_B","Defend_B"],"score":456,"play_id":"839b669f-7119-4198-8048-3887c5df055e","local_time":"20210217165709","is_ascension_mode":false,"campfire_choices":[{"data":"Defragment","floor":11.0,"key":"SMITH"},{"data":"Echo Form","floor":25.0,"key":"SMITH"},{"data":"White Noise","floor":34.0,"key":"SMITH"}],"circlet_count":0,"master_deck":["Strike_B","Strike_B","Defend_B","Defend_B","Defend_B","Zap","Dualcast","Ball Lightning","Steam","White Noise+1","Ball Lightning","Hologram","Defragment+1","Fusion","Echo Form+1","Beam Cell","Seek","BasicCrystalCard","Coolheaded","Gash","Coolheaded","Electrodynamics","Gash","Gash","Master of Strategy","Ball Lightning"],"relics":["FrozenCore","Durian","Smiling Mask","infinitespire:BottledMercury","Geode","Mummified Hand","hubris:BundleOfHerbs","infinitespire:Broken Mirror","Centennial Puzzle","Pen Nib","infinitespire:Lychee Nut","Membership Card","ReplayTheSpireMod:TigerMarble","bronze:MakeshiftBattery"],"acts_visited":["Exordium","TheCity","TheBeyond"],"potions_floor_usage":[],"damage_taken":[{"damage":1.0,"enemies":"Jaw Worm","floor":1.0,"turns":3.0},{"damage":0.0,"enemies":"Cultist","floor":5.0,"turns":3.0},{"damage":30.0,"enemies":"3 Sentries","floor":6.0,"turns":8.0},{"damage":5.0,"enemies":"Small Slimes","floor":7.0,"turns":2.0},{"damage":20.0,"enemies":"Lagavulin","floor":8.0,"turns":5.0},{"damage":6.0,"enemies":"Exordium Wildlife","floor":10.0,"turns":3.0},{"damage":0.0,"enemies":"2 Fungi Beasts","floor":13.0,"turns":2.0},{"damage":16.0,"enemies":"Gremlin Nob","floor":16.0,"turns":4.0},{"damage":37.0,"enemies":"Fading Forest","floor":18.0,"turns":11.0},{"damage":17.0,"enemies":"3 Byrds","floor":20.0,"turns":5.0},{"damage":15.0,"enemies":"2 Thieves","floor":22.0,"turns":5.0},{"damage":26.0,"enemies":"Chosen and Byrds","floor":26.0,"turns":7.0},{"damage":6.0,"enemies":"Centurion and Healer","floor":27.0,"turns":5.0},{"damage":10.0,"enemies":"Replay:Snechameleon","floor":29.0,"turns":6.0},{"damage":7.0,"enemies":"Snake Plant","floor":30.0,"turns":3.0},{"damage":20.0,"enemies":"Slavers","floor":31.0,"turns":4.0},{"damage":60.0,"enemies":"hubris:MusketHawk","floor":35.0,"turns":10.0},{"damage":21.0,"enemies":"Orb Walker","floor":37.0,"turns":3.0},{"damage":12.0,"enemies":"3 Shapes","floor":39.0,"turns":4.0},{"damage":0.0,"enemies":"Spire Growth","floor":41.0,"turns":4.0},{"damage":48,"enemies":"Nightmare","floor":42,"turns":4}],"seed_played":"-7349159196169948280","potions_obtained":[{"floor":1.0,"key":"Energy Potion"},{"floor":5.0,"key":"FairyPotion"},{"floor":7.0,"key":"EssenceOfDarkness"},{"floor":18.0,"key":"Energy Potion"},{"floor":35.0,"key":"BlessingOfTheForge"},{"floor":41.0,"key":"FocusPotion"}],"is_trial":false,"path_per_floor":["M","$","?","$","M","E","M","E","T","M","R","$","M","PTL","PTL","E","R","B",null,"M","?","M","?","?","R","M","M","T","E","M","E","AVR","$","R","B",null,"M","?","M","?","M","NM"],"character_chosen":"DEFECT","items_purchased":["Mummified Hand","Membership Card","ReplayTheSpireMod:TigerMarble"],"campfire_rested":0,"item_purchase_floors":[12,33,33],"current_hp_per_floor":[74,74,79,79,79,49,44,24,24,18,18,18,18,18,18,2,22,17,80,63,63,48,48,80,80,54,48,48,38,31,11,11,11,11,38,60,42,42,36,36,42,0,0],"gold":300,"neow_bonus":"RANDOM_EVENT","is_daily":false,"chose_seed":false,"campfire_upgraded":3,"win_rate":0.0,"timestamp":1613602629,"path_taken":["M","$","?","?","M","E","M","E","T","M","R","$","M","PTL","PTL","E","R","BOSS","M","?","?","?","?","R","M","M","T","E","M","E","AVR","?","R","BOSS","M","?","M","?","M","NM"],"items_purchased_type":["Relic","Relic","Relic"],"build_version":"2020-12-22","purchased_purges":2,"victory":false,"max_hp_per_floor":[75,75,80,80,80,80,80,80,80,80,80,80,80,80,80,80,80,80,80,80,80,80,80,80,80,80,80,80,80,80,80,60,60,60,60,60,60,57,57,57,57,57,57],"card_choices":[{"not_picked":["Double Energy","Go for the Eyes"],"picked":"Steam","floor":1.0},{"not_picked":["Chill","Glacier"],"picked":"White Noise","floor":5.0},{"not_picked":["ReplayTheSpireMod:System Scan","ReplayTheSpireMod:GoodbyeWorld"],"picked":"Ball Lightning","floor":6.0},{"not_picked":["Go for the Eyes","ReplayTheSpireMod:GoodbyeWorld"],"picked":"Hologram","floor":7.0},{"not_picked":["Leap","Undo"],"picked":"Defragment","floor":8.0},{"not_picked":["Go for the Eyes","Stack"],"picked":"Fusion","floor":10.0},{"not_picked":["Auto Shields","Compile Driver"],"picked":"Echo Form","floor":13.0},{"not_picked":["Stack","BasicCrystalCard"],"picked":"Beam Cell","floor":16.0},{"not_picked":["Amplify","hubris:Prefetch"],"picked":"Seek","floor":18.0},{"not_picked":["Stack+1","Panic Button"],"picked":"BasicCrystalCard","floor":20.0},{"not_picked":["ReplayGash","Go for the Eyes"],"picked":"Time Bomb+1","floor":22.0},{"not_picked":["Capacitor","Glacier"],"picked":"Coolheaded","floor":26.0},{"not_picked":["Hologram","Steam Power+1","Stack+1"],"picked":"SKIP","floor":27.0},{"not_picked":["Time Bomb","Machine Learning"],"picked":"Gash","floor":29.0},{"not_picked":["Heatsinks","Consume","Rebound+1"],"picked":"SKIP","floor":30.0},{"not_picked":["Reinforced Body","Stack+1"],"picked":"Coolheaded","floor":31.0},{"not_picked":["All For One","Fission"],"picked":"Electrodynamics","floor":35.0},{"not_picked":["Reinforced Body+1","hubris:Ukulele+1"],"picked":"Gash","floor":37.0},{"not_picked":["Leap+1","Reinforced Body+1"],"picked":"Gash","floor":39.0},{"not_picked":["Good Instincts","Bandage Up"],"picked":"Master of Strategy","floor":40.0},{"not_picked":["Leap+1","Stack+1"],"picked":"Ball Lightning","floor":41.0}],"player_experience":17643,"relics_obtained":[{"floor":3.0,"key":"Durian"},{"floor":6.0,"key":"Smiling Mask"},{"floor":8.0,"key":"infinitespire:BottledMercury"},{"floor":9.0,"key":"Geode"},{"floor":16.0,"key":"hubris:BundleOfHerbs"},{"floor":28.0,"key":"infinitespire:Broken Mirror"},{"floor":29.0,"key":"Centennial Puzzle"},{"floor":31.0,"key":"Pen Nib"}],"event_choices":[{"damage_healed":0.0,"max_hp_gain":0.0,"max_hp_loss":0.0,"gold_gain":0.0,"event_name":"Wheel of Change","player_choice":"Relic","floor":3.0,"gold_loss":0.0,"damage_taken":0.0},{"damage_healed":20.0,"max_hp_gain":0.0,"max_hp_loss":0.0,"gold_gain":0.0,"event_name":"The Cleric","player_choice":"Healed","floor":17.0,"gold_loss":35.0,"damage_taken":0.0},{"cards_removed":["Strike_B"],"damage_healed":0.0,"max_hp_gain":0.0,"max_hp_loss":0.0,"gold_gain":0.0,"event_name":"Purifier","player_choice":"Purged","floor":21.0,"gold_loss":0.0,"damage_taken":0.0},{"damage_healed":0.0,"max_hp_gain":0.0,"max_hp_loss":0.0,"gold_gain":0.0,"event_name":"Lab","player_choice":"Got Potions","floor":23.0,"gold_loss":0.0,"damage_taken":0.0},{"cards_removed":["Time Bomb"],"damage_healed":32.0,"max_hp_gain":0.0,"max_hp_loss":0.0,"gold_gain":0.0,"event_name":"Bonfire Elementals","player_choice":"Offered Uncommon","floor":24.0,"gold_loss":0.0,"damage_taken":0.0},{"damage_healed":0.0,"max_hp_gain":0.0,"max_hp_loss":3.0,"gold_gain":0.0,"event_name":"Winding Halls","player_choice":"Max HP","floor":38.0,"gold_loss":0.0,"damage_taken":0.0},{"damage_healed":0.0,"max_hp_gain":0.0,"max_hp_loss":0.0,"gold_gain":0.0,"event_name":"SensoryStone","player_choice":"Memory 1","floor":40.0,"gold_loss":0.0,"damage_taken":0.0}],"is_beta":false,"boss_relics":[{"not_picked":["Kintsugi","hubris:RunicObelisk"],"picked":"FrozenCore"},{"not_picked":["hubris:TerracottaHorce","ChewingGum"],"picked":"bronze:MakeshiftBattery"}],"items_purged_floors":[33,33],"is_endless":false,"potions_floor_spawned":[1,5,7,8,10,18,22,26,35,41],"killed_by":"Nightmare","ascension_level":0}}