{"host":"0kk91h4bq4kgfj0u","time":1613587015,"event":{"mods":["BaseMod","Bestiary","Block Reminder","Colored Map","Colored Powertips","Curses Come First","Highlight Path","Minty Spire (QoL Compilation)","Relic Stats","StSLib"],"gold_per_floor":[112,126,145,145,159,159,159],"floor_reached":6,"language":"ENG","playtime":245,"items_purged":[],"score":44,"play_id":"ffd643af-da6c-429c-9918-aed87a8d2d5b","local_time":"20210217133655","is_ascension_mode":true,"campfire_choices":[],"circlet_count":0,"master_deck":["Strike_P","Strike_P","Strike_P","Strike_P","Defend_P","Defend_P","Defend_P","Defend_P","Eruption","Vigilance","EmptyBody","Prostrate","Protect","Injury","FlurryOfBlows"],"relics":["PureWater","Golden Idol"],"acts_visited":["Exordium"],"potions_floor_usage":[],"damage_taken":[{"damage":7,"enemies":"Small Slimes","floor":1,"turns":4},{"damage":17,"enemies":"Jaw Worm","floor":2,"turns":5},{"damage":5,"enemies":"2 Louse","floor":3,"turns":2},{"damage":21,"enemies":"Large Slime","floor":5,"turns":10},{"damage":31,"enemies":"Lagavulin","floor":6,"turns":6}],"seed_played":"3022612510619044687","potions_obtained":[{"floor":1,"key":"Ancient Potion"},{"floor":3,"key":"FearPotion"}],"is_trial":false,"path_per_floor":["M","M","M","?","M","E"],"character_chosen":"WATCHER","items_purchased":[],"campfire_rested":0,"item_purchase_floors":[],"current_hp_per_floor":[72,55,50,50,29,0,0],"gold":159,"neow_bonus":"TEN_PERCENT_HP_BONUS","is_daily":false,"chose_seed":false,"campfire_upgraded":0,"win_rate":0.0,"timestamp":1613587015,"path_taken":["M","M","M","?","M","E"],"items_purchased_type":[],"build_version":"2020-12-22","purchased_purges":0,"victory":false,"max_hp_per_floor":[79,79,79,79,79,79,79],"relic_stats":{"counters":[5,27],"Golden Idol":3,"obtain_stats":[{"Golden Idol":4,"PureWater":0},{"Golden Idol":3,"PureWater":0},{"Golden Idol":11,"PureWater":0}]},"card_choices":[{"not_picked":["WindmillStrike","WreathOfFlame"],"picked":"EmptyBody","floor":1},{"not_picked":["EmptyBody","Omniscience"],"picked":"Prostrate","floor":2},{"not_picked":["Adaptation","Halt"],"picked":"Protect","floor":3},{"not_picked":["EmptyFist","Evaluate"],"picked":"FlurryOfBlows","floor":5}],"player_experience":882624,"relics_obtained":[],"event_choices":[{"damage_healed":0,"gold_gain":0,"player_choice":"Take Wound","damage_taken":0,"relics_obtained":["Golden Idol"],"max_hp_gain":0,"max_hp_loss":0,"event_name":"Golden Idol","floor":4,"gold_loss":0,"cards_obtained":["Injury"]}],"is_beta":false,"boss_relics":[],"items_purged_floors":[],"is_endless":false,"potions_floor_spawned":[1,3],"killed_by":"Lagavulin","ascension_level":3}}