{"host":"lstr3pesnbx2qpzo","time":1613588297,"event":{"mods":["Aspiration","BaseMod","Conspire","Downfall","Hubris","Infinite Spire","Minty Spire (QoL Compilation)","Replay The Spire","StSLib"],"gold_per_floor":[99,111,128,303,361,361,361,98,98,98,118,141,141,166,192,308,308,308,331,361,479,479,479,479,506,518,518,518],"floor_reached":26,"language":"ENG","playtime":1565,"items_purged":[],"score":196,"play_id":"40679a98-cbd0-4399-8d49-083cb3638f07","local_time":"20210217115817","is_ascension_mode":false,"campfire_choices":[{"data":"Guardian:TwinSlam","floor":1,"key":"SMITH"},{"floor":6,"key":"REST"},{"data":"expansioncontent:DashGenerateEvil","floor":13,"key":"SMITH"},{"data":"Guardian:Recover","floor":18,"key":"SMITH"},{"data":"J.A.X.","floor":23,"key":"SMITH"}],"circlet_count":0,"master_deck":["Guardian:Strike_Guardian","Guardian:Strike_Guardian","Guardian:Defend_Guardian","Guardian:Defend_Guardian","Guardian:Defend_Guardian","Guardian:Defend_Guardian","Guardian:CurlUp","Guardian:TwinSlam+1","Guardian:Recover+1","Guardian:ChargeCore","expansioncontent:DashGenerateEvil+1","Guardian:ArmoredProtocol","Guardian:PrimingBeam+1","J.A.X.+1","Guardian:CrystalBeam","Amnesia"],"relics":["Guardian:ModeShifter","Replay:Bandana","Onion Ring","Replay:Baseball","Ring of Chaos","MutagenicStrength","Replay:WaspNest"],"acts_visited":["Exordium","TheCity"],"potions_floor_usage":[16],"damage_taken":[{"damage":1,"enemies":"Jaw Worm","floor":2,"turns":3},{"damage":5,"enemies":"Small Slimes","floor":3,"turns":4},{"damage":73,"enemies":"Lagavulin Event","floor":5,"turns":13},{"damage":0,"enemies":"downfall:FleeingMerchant","floor":8,"turns":4},{"damage":7,"enemies":"2 Louse","floor":11,"turns":2},{"damage":7,"enemies":"Large Slime","floor":14,"turns":3},{"damage":0,"enemies":"Lots of Slimes","floor":15,"turns":3},{"damage":13,"enemies":"IC_STATUS_ARCHETYPE","floor":16,"turns":9},{"damage":18,"enemies":"downfall:LooterAlt2","floor":19,"turns":7},{"damage":18,"enemies":"3 Byrds","floor":20,"turns":6},{"damage":25,"enemies":"downfall:Augmenter","floor":21,"turns":8},{"damage":3,"enemies":"Cultist and Chosen","floor":25,"turns":2},{"damage":26,"enemies":"Nightmare","floor":26,"turns":5}],"seed_played":"-328130673887132412","potions_obtained":[{"floor":3,"key":"Reflective Coating"},{"floor":5,"key":"SpeedPotion"},{"floor":11,"key":"Dexterity Potion"},{"floor":14,"key":"Fire Potion"}],"is_trial":false,"path_per_floor":["R","M","M","?","?","R","T","$","?","?","M","T","R","M","M","B",null,"R","M","M","?","?","R","T","M","NM"],"character_chosen":"GUARDIAN","items_purchased":["expansioncontent:DashGenerateEvil","Guardian:Repulse"],"campfire_rested":1,"item_purchase_floors":[8,8],"current_hp_per_floor":[88,87,82,82,9,35,35,35,35,35,28,28,28,21,21,8,88,88,70,52,27,27,27,27,24,0,0,0],"gold":518,"neow_bonus":"TEN_PERCENT_HP_BONUS","is_daily":false,"chose_seed":false,"campfire_upgraded":4,"win_rate":0.0,"timestamp":1613588297,"path_taken":["R","M","M","?","?","R","T","$","?","?","M","?","R","M","M","BOSS","R","M","M","?","?","R","T","M","NM"],"items_purchased_type":["Card","Card"],"build_version":"2020-12-22","purchased_purges":0,"victory":false,"max_hp_per_floor":[88,88,88,88,88,88,88,88,88,88,88,88,88,88,88,88,88,88,88,88,88,88,88,88,88,88,88,88],"card_choices":[{"not_picked":["Guardian:Gem_Lightblue","Guardian:RefractedBeam"],"picked":"Guardian:Recover","floor":2},{"not_picked":["Guardian:Gem_White","Guardian:CrystalBeam"],"picked":"Guardian:ChargeCore","floor":3},{"not_picked":["Guardian:BodySlam","Guardian:Gem_Fragmented"],"picked":"Guardian:Gem_Synthetic","floor":5},{"not_picked":["Guardian:DonusPower","Guardian:Gem_Red","Guardian:WalkerClaw"],"picked":"SKIP","floor":8},{"not_picked":["Guardian:WalkerClaw","Guardian:PrimingBeam","Guardian:Clone"],"picked":"SKIP","floor":11},{"not_picked":["Guardian:Gem_Red","Guardian:ShieldCharger"],"picked":"Guardian:ArmoredProtocol","floor":14},{"not_picked":["Guardian:GuardianWhirl","Guardian:SphericShield"],"picked":"Guardian:Gem_White","floor":15},{"not_picked":["Guardian:FastForward","Guardian:ConstructionForm"],"picked":"Guardian:Gem_Synthetic","floor":16},{"not_picked":["Guardian:RefractedBeam","Guardian:Suspension+1"],"picked":"Guardian:PrimingBeam+1","floor":19},{"not_picked":["Guardian:Gem_Blue","Guardian:Planning","Guardian:Incinerate"],"picked":"SKIP","floor":20},{"not_picked":[],"picked":"J.A.X.","floor":21},{"not_picked":["Guardian:DecasProtection","Guardian:CrystalBeam+1","Guardian:Planning+1"],"picked":"SKIP","floor":25}],"player_experience":251094,"relics_obtained":[{"floor":5,"key":"Replay:Bandana"},{"floor":7,"key":"Onion Ring"},{"floor":12,"key":"Replay:Baseball"},{"floor":21,"key":"MutagenicStrength"},{"floor":24,"key":"Replay:WaspNest"}],"event_choices":[{"damage_healed":0,"gold_gain":0,"player_choice":"Leave","damage_taken":0,"max_hp_gain":0,"max_hp_loss":0,"event_name":"conspire:Investor","floor":9,"gold_loss":0}],"is_beta":false,"boss_relics":[{"not_picked":["Kintsugi","hubris:HollowSoul"],"picked":"Ring of Chaos"}],"items_purged_floors":[],"is_endless":false,"potions_floor_spawned":[3,5,11,14],"killed_by":"Nightmare","ascension_level":0}}