{"host":"ve9aztkoyqeblvav","time":1613575472,"event":{"mods":["Act Like it!","Aspiration","BaseMod","Colored Map","Colored Powertips","Highlight Path","Minty Spire (QoL Compilation)","Pale of the Ancients","Quick Restart","Reorder Act Four","StSLib","The Hierophant","Waifu the Spire"],"gold_per_floor":[113,133,16,16,35,64,76,111,162,162,189,189,36,49,49,128,128,140,26,45,56,84,84,84,116,170,70,80,80,112,112,112,187,187,204,204,204],"floor_reached":36,"language":"ZHS","playtime":1311,"items_purged":["Defend_P","Strike_P","Strike_P"],"score":1040,"play_id":"354237d0-5d9a-41a7-a0e2-bb52fa522e13","local_time":"20210217232432","is_ascension_mode":true,"campfire_choices":[{"data":"CrushJoints","floor":12.0,"key":"SMITH"},{"data":"TalkToTheHand","floor":15.0,"key":"SMITH"},{"data":"Blasphemy","floor":23.0,"key":"SMITH"},{"floor":32.0,"key":"REST"}],"circlet_count":0,"master_deck":["AscendersBane","Defend_P+1","Eruption+1","Vigilance+1","Tantrum","TalkToTheHand+1","Omniscience","CrushJoints+1","ClearTheMind","LessonLearned+1","Blasphemy+1","CurseOfTheBell","CarveReality+1","InnerPeace+1","DevaForm+1","Scrawl+1"],"relics":["PureWater","NeowsBlessing","aspiration:SeaSaltIceCream","NeowsBlessing","Mummified Hand","Akabeko","Regal Pillow","Calling Bell","Centennial Puzzle","The Courier","Mango","Red Mask","Damaru","Toy Ornithopter","Tiny Chest","Empty Cage"],"acts_visited":["Exordium","TheCity","TheBeyond"],"potions_floor_usage":[35,35],"damage_taken":[{"damage":0.0,"enemies":"Cultist","floor":1.0,"turns":1.0},{"damage":0.0,"enemies":"2 Louse","floor":2.0,"turns":1.0},{"damage":0.0,"enemies":"Jaw Worm","floor":5.0,"turns":1.0},{"damage":14.0,"enemies":"Gremlin Nob","floor":6.0,"turns":3.0},{"damage":0.0,"enemies":"Exordium Thugs","floor":7.0,"turns":1.0},{"damage":0.0,"enemies":"Lagavulin","floor":8.0,"turns":1.0},{"damage":0.0,"enemies":"Gremlin Nob","floor":11.0,"turns":1.0},{"damage":10.0,"enemies":"Gremlin Gang","floor":14.0,"turns":2.0},{"damage":0.0,"enemies":"The Guardian","floor":16.0,"turns":6.0},{"damage":16.0,"enemies":"Spheric Guardian","floor":18.0,"turns":4.0},{"damage":0.0,"enemies":"Chosen","floor":20.0,"turns":2.0},{"damage":2.0,"enemies":"Snecko","floor":21.0,"turns":3.0},{"damage":4.0,"enemies":"Masked Bandits","floor":22.0,"turns":2.0},{"damage":10.0,"enemies":"Book of Stabbing","floor":25.0,"turns":2.0},{"damage":11.0,"enemies":"Centurion and Healer","floor":28.0,"turns":2.0},{"damage":18.0,"enemies":"Gremlin Leader","floor":30.0,"turns":3.0},{"damage":14.0,"enemies":"Champ","floor":33.0,"turns":9.0},{"damage":49,"enemies":"3 Darklings","floor":35,"turns":5},{"damage":0,"enemies":"3 Shapes","floor":36,"turns":1}],"seed_played":"-8796466218404344226","potions_obtained":[{"floor":2.0,"key":"ColorlessPotion"},{"floor":5.0,"key":"SpeedPotion"},{"floor":11.0,"key":"Explosive Potion"},{"floor":14.0,"key":"ColorlessPotion"},{"floor":20.0,"key":"BlessingOfTheForge"},{"floor":21.0,"key":"Fire Potion"},{"floor":28.0,"key":"Fire Potion"},{"floor":30.0,"key":"SkillPotion"},{"floor":33.0,"key":"LiquidBronze"}],"is_trial":false,"path_per_floor":["M","M","$","?","M","E","M","E","T","?","E","R","$","M","R","B",null,"M","$","M","M","?","R","?","E","T","$","M","?","E","$","R","B",null,"M","M"],"character_chosen":"WATCHER","items_purchased":["TalkToTheHand","LessonLearned","CarveReality"],"campfire_rested":1,"item_purchase_floors":[3,13,19],"current_hp_per_floor":[61,61,61,61,61,47,47,47,47,47,47,47,47,37,37,37,74,58,58,58,56,52,52,52,42,42,42,31,31,18,18,57,48,74,33,33,33],"gold":204,"neow_bonus":"THREE_ENEMY_KILL","is_daily":false,"chose_seed":false,"campfire_upgraded":3,"win_rate":0.0,"timestamp":1613575472,"path_taken":["M","M","?","?","M","E","?","E","T","?","E","R","?","M","R","BOSS","M","$","M","?","?","R","?","E","T","$","M","?","E","?","R","BOSS","M","?"],"items_purchased_type":["Card","Card","Card"],"build_version":"2020-12-22","purchased_purges":3,"victory":false,"max_hp_per_floor":[68,68,68,68,68,68,68,68,68,68,68,68,68,68,68,68,82,82,82,82,82,82,82,82,82,82,82,82,82,82,82,82,82,82,82,82,82],"card_choices":[{"not_picked":["Prostrate","Adaptation"],"picked":"Tantrum","floor":1.0},{"not_picked":["Consecrate","Prostrate","SashWhip"],"picked":"SKIP","floor":2.0},{"not_picked":["JustLucky","Consecrate","EmptyFist"],"picked":"SKIP","floor":5.0},{"not_picked":["Study","ReachHeaven","Consecrate"],"picked":"SKIP","floor":6.0},{"not_picked":["WindmillStrike","Conclude","Prostrate"],"picked":"SKIP","floor":7.0},{"not_picked":["EmptyFist","DeceiveReality"],"picked":"Omniscience","floor":8.0},{"not_picked":["ThirdEye","EmptyBody"],"picked":"ClearTheMind","floor":11.0},{"not_picked":["ReachHeaven","SignatureMove","Meditate"],"picked":"SKIP","floor":14.0},{"not_picked":["Scrawl","Alpha"],"picked":"Blasphemy","floor":16.0},{"not_picked":["EmptyMind+1","JustLucky","DeceiveReality"],"picked":"SKIP","floor":18.0},{"not_picked":["JustLucky+1","CutThroughFate","ForeignInfluence"],"picked":"SKIP","floor":20.0},{"not_picked":["SandsOfTime","EmptyFist","Halt"],"picked":"SKIP","floor":21.0},{"not_picked":["JustLucky","CutThroughFate"],"picked":"InnerPeace","floor":25.0},{"not_picked":["Nirvana","LessonLearned","ClearTheMind"],"picked":"SKIP","floor":28.0},{"not_picked":["Evaluate","PathToVictory"],"picked":"DevaForm","floor":30.0},{"not_picked":["Blasphemy","Wish"],"picked":"Scrawl","floor":33.0},{"not_picked":["Consecrate","Crescendo","EmptyBody"],"picked":"SKIP","floor":35}],"player_experience":1659501,"relics_obtained":[{"floor":6.0,"key":"aspiration:SeaSaltIceCream"},{"floor":8.0,"key":"Mummified Hand"},{"floor":9.0,"key":"Akabeko"},{"floor":11.0,"key":"Regal Pillow"},{"floor":17.0,"key":"Centennial Puzzle"},{"floor":17.0,"key":"The Courier"},{"floor":17.0,"key":"Mango"},{"floor":22.0,"key":"Red Mask"},{"floor":25.0,"key":"Damaru"},{"floor":26.0,"key":"Toy Ornithopter"},{"floor":30.0,"key":"Tiny Chest"}],"event_choices":[{"cards_removed":["Defend_P"],"damage_healed":0.0,"max_hp_gain":0.0,"max_hp_loss":0.0,"gold_gain":0.0,"event_name":"Purifier","player_choice":"Purged","floor":4.0,"gold_loss":0.0,"damage_taken":0.0},{"damage_healed":0.0,"max_hp_gain":0.0,"max_hp_loss":0.0,"gold_gain":0.0,"cards_transformed":["Strike_P"],"event_name":"Transmorgrifier","player_choice":"Transformed","floor":10.0,"gold_loss":0.0,"damage_taken":0.0,"cards_obtained":["CrushJoints"]},{"damage_healed":0.0,"max_hp_gain":0.0,"max_hp_loss":0.0,"gold_gain":0.0,"event_name":"Masked Bandits","player_choice":"Fought Bandits","floor":22.0,"gold_loss":0.0,"damage_taken":0.0},{"damage_healed":0.0,"max_hp_gain":0.0,"max_hp_loss":0.0,"gold_gain":0.0,"event_name":"Vampires","player_choice":"Ignored","floor":29.0,"gold_loss":0.0,"damage_taken":0.0}],"is_beta":false,"boss_relics":[{"not_picked":["HolyWater","aspiration:SilentSkillbook"],"picked":"Calling Bell"},{"not_picked":["Tiny House","Snecko Eye"],"picked":"Empty Cage"}],"items_purged_floors":[3,19,27],"is_endless":false,"potions_floor_spawned":[2,5,11,14,20,21,28,30,33],"killed_by":"3 Shapes","ascension_level":20}}