{"host":"ttx8tv95o5vka1nm","time":1613540858,"event":{"mods":["AchievementEnabler","BaseMod","Better Altar","Better Sensory Stone","Better Skull","Better Vampires","BetterRewards","Colored Map","Defuse TimeMaze Blight","Energized Spire","Evolution","Hubris","Infinite Spire","Minty Spire (QoL Compilation)","Relic Filter Mod","Relic Sorter","Reliquary","Replay The Spire","Shade Mod","Shop Mod","Spicy Shops","StSLib","The Blue Laboratory","The Marked","Wandering Minibosses"],"gold_per_floor":[112,112,127,147,163,198,218,243,292,311,311,311,323,352,365,41,41,145,145,157,67,85,85,95,95,129,129,129,141,141,240,240,253,253,368,368,404,444,494,538,538,604,658,658,658],"floor_reached":44,"language":"ENG","playtime":4176,"items_purged":["theMarked:Strike","theMarked:Strike"],"score":684,"play_id":"8a0b7aae-50de-47c6-853b-482bd022821d","local_time":"20210217154738","is_ascension_mode":false,"campfire_choices":[{"floor":27,"key":"REST"},{"data":"theMarked:Generate","floor":30,"key":"SMITH"},{"data":"theMarked:ParalyzingBlade","floor":32,"key":"SMITH"},{"data":"theMarked:Challenge","floor":34,"key":"SMITH"}],"circlet_count":0,"master_deck":["theMarked:Strike","theMarked:Strike","theMarked:Defend+1","theMarked:Defend","theMarked:Defend","theMarked:Defend","theMarked:SoldierOfQuellstein","theMarked:OneWithTheBlade","theMarked:MysticalArsenal","theMarked:WardOff","theMarked:Opportunist","theMarked:BanishingStrike","theMarked:Memento","theMarked:TakeOffHeels","theMarked:RepellingDischarge","theMarked:Generate+1","theMarked:Challenge+1","theMarked:ComboAttacks+1","theMarked:EmpowerWeapon+1","theMarked:MagusForm","theMarked:Aftermath","theMarked:Frustration","theMarked:BindingBlade","theMarked:TwofoldDefense","theMarked:ParalyzingBlade+1","theMarked:Improvise+1","theMarked:FavorableWinds","theMarked:SwordAndMagic","theMarked:Static","Dramatic Entrance","Panache","theMarked:AttractMetal+1","theMarked:Friction"],"relics":["theMarked:ArtifactOfAir","EVO:Axolotl","hubris:SphereOfDissonance","Letter Opener","Nunchaku","Lizard Tail","Regal Pillow","energizedSpire:OgreHead","Turnip","Pet Ghost","InkBottle","infinitespire:EvilPickle","ChewingGum","hubris:FunFungus","Chameleon Ring"],"acts_visited":["Exordium","TheCity","TheBeyond"],"potions_floor_usage":[6,8,13,20,26,29,35,43,44,44],"damage_taken":[{"damage":2,"enemies":"Jaw Worm","floor":1,"turns":4},{"damage":1,"enemies":"Cultist","floor":3,"turns":4},{"damage":0,"enemies":"Small Slimes","floor":4,"turns":4},{"damage":8,"enemies":"Exordium Thugs","floor":5,"turns":4},{"damage":30,"enemies":"Gremlin Nob","floor":6,"turns":5},{"damage":2,"enemies":"3 Louse","floor":7,"turns":4},{"damage":0,"enemies":"Replay:BlueRogue","floor":8,"turns":5},{"damage":0,"enemies":"Gremlin Gang","floor":10,"turns":5},{"damage":0,"enemies":"Exordium Wildlife","floor":13,"turns":4},{"damage":6,"enemies":"Gremlin Nob","floor":14,"turns":3},{"damage":6,"enemies":"Large Slime","floor":15,"turns":3},{"damage":4,"enemies":"Slime Boss","floor":18,"turns":8},{"damage":0,"enemies":"Shell Parasite","floor":20,"turns":3},{"damage":0,"enemies":"Chosen","floor":22,"turns":3},{"damage":12,"enemies":"Centurion and Healer","floor":24,"turns":6},{"damage":90,"enemies":"Slavers","floor":26,"turns":5},{"damage":12,"enemies":"Sentry and Sphere","floor":29,"turns":4},{"damage":0,"enemies":"Snake Plant","floor":33,"turns":2},{"damage":42,"enemies":"Pondfish","floor":35,"turns":10},{"damage":31,"enemies":"3 Darklings","floor":37,"turns":8},{"damage":7,"enemies":"3 Shapes","floor":38,"turns":3},{"damage":5,"enemies":"Mind Bloom Boss Battle","floor":39,"turns":5},{"damage":0,"enemies":"Maw","floor":40,"turns":7},{"damage":28,"enemies":"Reptomancer","floor":42,"turns":5},{"damage":0,"enemies":"4 Shapes","floor":43,"turns":2},{"damage":12,"enemies":"Nightmare","floor":44,"turns":4}],"seed_played":"237037231752742063","potions_obtained":[{"floor":1,"key":"EssenceOfSteel"},{"floor":2,"key":"infinitespire:BlackPotion"},{"floor":2,"key":"blueLaboratory:ExaltedPotion"},{"floor":6,"key":"Strength Potion"},{"floor":7,"key":"blueLaboratory:BottledHope"},{"floor":8,"key":"Block Potion"},{"floor":18,"key":"blueLaboratory:FruitPunch"},{"floor":22,"key":"blueLaboratory:HummingbirdPotion"},{"floor":35,"key":"Explosive Potion"},{"floor":37,"key":"blueLaboratory:NullPotion"},{"floor":38,"key":"Fire Potion"},{"floor":40,"key":"EssenceOfSteel"}],"is_trial":false,"path_per_floor":["M","?","M","M","M","E","M","E","T","M","PTL","PTL","M","E","M","$","R_BF","B",null,"M","?","M","$","M","AVR","E","R","T","M","R","?","R","M","R","B",null,"M","M","?","M","?","E","M","NM"],"character_chosen":"THE_DEFAULT","items_purchased":["theMarked:ComboAttacks+1","theMarked:EmpowerWeapon","Regal Pillow"],"campfire_rested":1,"item_purchase_floors":[16,16,16],"current_hp_per_floor":[77,77,76,76,68,38,36,36,36,36,36,36,36,30,24,24,62,58,79,81,81,81,81,69,69,23,62,62,50,50,50,50,50,50,8,81,50,43,38,39,39,11,11,0,0],"gold":658,"neow_bonus":"TEN_PERCENT_HP_BONUS","is_daily":false,"chose_seed":false,"campfire_upgraded":3,"win_rate":0.0,"timestamp":1613540858,"path_taken":["M","?","M","M","?","E","M","E","T","M","PTL","PTL","M","E","M","$","R_BF","BOSS","M","?","M","?","?","AVR","E","R","T","M","R","?","R","M","R","BOSS","M","M","?","M","?","E","M","NM"],"items_purchased_type":["Card","Card","Relic"],"build_version":"2020-12-22","purchased_purges":2,"victory":false,"max_hp_per_floor":[79,79,79,79,79,79,79,79,79,79,79,79,79,79,79,79,79,79,79,81,81,81,81,81,81,81,81,81,81,81,81,81,81,81,81,81,81,81,81,81,81,81,81,81,81],"card_choices":[{"not_picked":["theMarked:HeightenedSenses","theMarked:SwordAndMagic"],"picked":"theMarked:OneWithTheBlade","floor":1},{"not_picked":["theMarked:Parry","theMarked:ChannelForce"],"picked":"theMarked:MysticalArsenal","floor":3},{"not_picked":["theMarked:Frustration","theMarked:LightningStrikesTwice"],"picked":"theMarked:WardOff","floor":4},{"not_picked":["theMarked:ChainLightning","theMarked:WastefulAttack"],"picked":"theMarked:Opportunist","floor":5},{"not_picked":["theMarked:SwordAndMagic","theMarked:ContemptForTheProud"],"picked":"theMarked:BanishingStrike","floor":6},{"not_picked":["theMarked:WardOff","theMarked:MuscleMemory"],"picked":"theMarked:Memento","floor":7},{"not_picked":["theMarked:UnarmedFury","theMarked:StartUp"],"picked":"theMarked:TakeOffHeels","floor":8},{"not_picked":["theMarked:HeightenedSenses","theMarked:Frustration"],"picked":"theMarked:RepellingDischarge","floor":10},{"not_picked":["theMarked:TwofoldDefense","theMarked:HeightenedSenses"],"picked":"theMarked:Generate","floor":13},{"not_picked":["theMarked:CreepingChasm","theMarked:MysticalArsenal"],"picked":"theMarked:Challenge","floor":14},{"not_picked":["theMarked:TakeCover","theMarked:Reabsorb","theMarked:Parkour"],"picked":"SKIP","floor":15},{"not_picked":["theMarked:FavorableWinds","theMarked:TakeOffHeels"],"picked":"theMarked:MagusForm","floor":18},{"not_picked":["theMarked:Frustration+1","theMarked:TakeCover+1"],"picked":"theMarked:Aftermath","floor":20},{"not_picked":["theMarked:Parkour","theMarked:TakeCover+1"],"picked":"theMarked:Frustration","floor":22},{"not_picked":["theMarked:ShockingTouch","theMarked:Static"],"picked":"theMarked:BindingBlade","floor":24},{"not_picked":["theMarked:Seal","theMarked:WardOff"],"picked":"theMarked:TwofoldDefense","floor":26},{"not_picked":["theMarked:WastefulAttack","theMarked:ResourceFulStrike+1"],"picked":"theMarked:ParalyzingBlade","floor":29},{"not_picked":["theMarked:SelfDefenseTraining","theMarked:Parkour"],"picked":"theMarked:Improvise+1","floor":33},{"not_picked":["theMarked:UnarmedFury","theMarked:Vacuum"],"picked":"theMarked:FavorableWinds","floor":35},{"not_picked":["theMarked:RepellingDischarge","theMarked:WastefulAttack+1"],"picked":"theMarked:SwordAndMagic","floor":37},{"not_picked":["theMarked:EmpowerWeapon+1","theMarked:ChainLightning+1"],"picked":"theMarked:Static","floor":38},{"not_picked":["theMarked:Aftermath","theMarked:Parry+1","theMarked:ShockingTouch"],"picked":"SKIP","floor":40},{"not_picked":["Jack Of All Trades","Deep Breath"],"picked":"Dramatic Entrance","floor":41},{"not_picked":["Replay:Sssssssssstrike","Forethought"],"picked":"Panache","floor":41},{"not_picked":["theMarked:BanishingStrike+1","theMarked:WastefulAttack"],"picked":"theMarked:AttractMetal+1","floor":42},{"not_picked":["theMarked:ResourceFulStrike","theMarked:ComboAttacks"],"picked":"theMarked:Friction","floor":43}],"player_experience":770162,"relics_obtained":[{"floor":6,"key":"hubris:SphereOfDissonance"},{"floor":8,"key":"Letter Opener"},{"floor":9,"key":"Nunchaku"},{"floor":14,"key":"Lizard Tail"},{"floor":26,"key":"Pet Ghost"},{"floor":28,"key":"InkBottle"},{"floor":39,"key":"hubris:FunFungus"},{"floor":42,"key":"Chameleon Ring"}],"event_choices":[{"damage_healed":0,"gold_gain":0,"player_choice":"Got Potions","damage_taken":0,"max_hp_gain":0,"max_hp_loss":0,"event_name":"Lab","floor":2,"gold_loss":0},{"cards_removed":["theMarked:Strike"],"damage_healed":0,"gold_gain":0,"player_choice":"Upgrade and Remove","damage_taken":0,"max_hp_gain":0,"max_hp_loss":0,"event_name":"Designer","floor":21,"gold_loss":90,"cards_upgraded":["theMarked:Defend"]},{"damage_healed":0,"gold_gain":99,"player_choice":"Stole From Cult","damage_taken":0,"max_hp_gain":0,"max_hp_loss":0,"event_name":"Nest","floor":31,"gold_loss":0},{"damage_healed":0,"gold_gain":0,"player_choice":"Fight","damage_taken":0,"max_hp_gain":0,"max_hp_loss":0,"event_name":"MindBloom","floor":39,"gold_loss":0},{"damage_healed":0,"gold_gain":3,"player_choice":"1","damage_taken":0,"max_hp_gain":0,"max_hp_loss":0,"event_name":"betterStone:BetterStone","floor":41,"gold_loss":0}],"is_beta":false,"boss_relics":[{"not_picked":["Velvet Choker","theMarked:SpiritSword"],"picked":"energizedSpire:OgreHead"},{"not_picked":["Abe\u0027s Treasure","Pandora\u0027s Box"],"picked":"ChewingGum"}],"items_purged_floors":[16,25],"is_endless":false,"potions_floor_spawned":[1,5,6,7,8,18,22,24,35,37,38,40],"killed_by":"Nightmare","ascension_level":0}}