{"host":"ttzdpsscxkem3xrs","time":1613596138,"event":{"mods":["BaseMod","Colored Map","Downfall","Hermit","Minty Spire (QoL Compilation)","Replay The Spire","StSLib","The Cursed","The Hierophant"],"gold_per_floor":[116,191,266,280,13,13,30,30,30,42,42,74,74,91,91,189,189,199,211,171,15,41,83,83,83,83,83,97,27,27,48,48,159,159,181,481,506,512,512],"floor_reached":38,"language":"ENG","playtime":7010,"items_purged":["hermit:Strike_Hermit"],"score":567,"play_id":"aa7e9025-4cb3-4c35-8308-76591a334a9d","local_time":"20210217130858","is_ascension_mode":false,"campfire_choices":[{"data":"hermit:Dive","floor":6,"key":"SMITH"},{"floor":13,"key":"REST"},{"floor":15,"key":"REST"},{"floor":24,"key":"REST"},{"floor":27,"key":"REST"},{"floor":32,"key":"REST"}],"circlet_count":0,"master_deck":["hermit:Strike_Hermit+1","hermit:Strike_Hermit","hermit:Strike_Hermit","hermit:Defend_Hermit","hermit:Defend_Hermit","hermit:Defend_Hermit","hermit:Defend_Hermit","hermit:Snapshot+1","hermit:Covet","hermit:GhostlyPresence","hermit:Dive","hermit:Dive","hermit:Dive+1","hermit:Coalescence","hermit:WideOpen","hermit:Determination","hermit:BigShot+1","hermit:Vantage","hermit:BlackWind","hermit:Determination","hermit:Glare+1","hermit:Purgatory","hermit:ItchyTrigger+1","hermit:Brawl+1"],"relics":["hermit:ClaspedLocket","Toy Ornithopter","Omamori","Whetstone","ReplayTheSpireMod:TigerMarble","PreservedInsect","Replay:Bandana","Blue Candle","Chameleon Ring","SlaversCollar"],"acts_visited":["Exordium","TheCity","TheBeyond"],"potions_floor_usage":[16,19,23,33,37,37,37,37,38],"damage_taken":[{"damage":0,"enemies":"2 Louse","floor":1,"turns":2},{"damage":5,"enemies":"Jaw Worm","floor":4,"turns":5},{"damage":0,"enemies":"Small Slimes","floor":7,"turns":4},{"damage":0,"enemies":"3 Louse","floor":10,"turns":4},{"damage":24,"enemies":"Replay:BlueRogue","floor":12,"turns":12},{"damage":0,"enemies":"Blue Slaver","floor":14,"turns":4},{"damage":45,"enemies":"Hexaghost","floor":16,"turns":12},{"damage":0,"enemies":"Shell Parasite","floor":18,"turns":9},{"damage":22,"enemies":"Chosen","floor":19,"turns":6},{"damage":37,"enemies":"Gremlin Leader","floor":23,"turns":8},{"damage":29,"enemies":"Centurion and Healer","floor":28,"turns":9},{"damage":13,"enemies":"Snecko","floor":31,"turns":5},{"damage":55,"enemies":"Pondfish","floor":33,"turns":11},{"damage":28,"enemies":"3 Shapes","floor":35,"turns":2},{"damage":39,"enemies":"3 Darklings","floor":37,"turns":7},{"damage":54,"enemies":"Maw","floor":38,"turns":10}],"seed_played":"3319895451800764500","potions_obtained":[{"floor":1,"key":"champ:CounterPotion"},{"floor":12,"key":"GamblersBrew"},{"floor":16,"key":"Fire Potion"},{"floor":20,"key":"Doom Potion"},{"floor":20,"key":"hermit:Eclipse"},{"floor":23,"key":"EntropicBrew"},{"floor":35,"key":"Energy Potion"},{"floor":37,"key":"BlessingOfTheForge"}],"is_trial":false,"path_per_floor":["M","?","?","M","$","R","M","?","T","M","?","E","R","M","R","B",null,"M","M","?","$","T","E","R","$","T","R","M","$","?","M","R","B",null,"M","?","M","M"],"character_chosen":"HERMIT","items_purchased":["Omamori","hermit:Dive","PreservedInsect","hermit:Determination"],"campfire_rested":5,"item_purchase_floors":[5,5,21,29],"current_hp_per_floor":[75,64,64,59,59,59,59,64,64,64,64,40,64,64,80,40,80,80,63,63,63,63,31,55,55,55,79,50,50,50,37,61,11,80,52,52,33,0,0],"gold":512,"neow_bonus":"RANDOM_COMMON_RELIC","is_daily":false,"chose_seed":false,"campfire_upgraded":1,"win_rate":0.0,"timestamp":1613596138,"path_taken":["M","?","?","M","$","R","M","?","T","M","?","E","R","M","R","BOSS","M","M","?","?","?","E","R","$","T","R","M","?","?","M","R","BOSS","M","?","?","M"],"items_purchased_type":["Relic","Card","Relic","Card"],"build_version":"2020-12-22","purchased_purges":1,"victory":false,"max_hp_per_floor":[75,75,75,75,75,75,75,80,80,80,80,80,80,80,80,80,80,80,80,80,80,80,80,80,80,80,80,80,80,80,80,80,80,80,80,80,80,80,80],"card_choices":[{"not_picked":["hermit:FlashPowder","hermit:HighCaliber"],"picked":"hermit:GhostlyPresence","floor":1},{"not_picked":["hermit:Headshot","hermit:Desperado"],"picked":"hermit:Dive","floor":4},{"not_picked":["hermit:Roulette","hermit:CalledShot"],"picked":"hermit:Coalescence","floor":7},{"not_picked":["hermit:ShadowCloak","hermit:Headshot"],"picked":"hermit:WideOpen","floor":10},{"not_picked":["hermit:LowProfile","hermit:Headshot"],"picked":"hermit:Determination","floor":12},{"not_picked":["hermit:ShadowCloak","hermit:Roulette","hermit:DeadMansHand"],"picked":"SKIP","floor":14},{"not_picked":["hermit:Snipe","hermit:Misfire+1"],"picked":"hermit:BigShot+1","floor":18},{"not_picked":["hermit:LoneWolf","hermit:Headshot"],"picked":"hermit:Vantage","floor":19},{"not_picked":["hermit:BodyArmor","hermit:Deadeye"],"picked":"hermit:BlackWind","floor":23},{"not_picked":["hermit:BodyArmor+1","hermit:Feint","hermit:Roulette"],"picked":"SKIP","floor":28},{"not_picked":["hermit:WideOpen","hermit:Dive"],"picked":"hermit:Glare+1","floor":31},{"not_picked":["hermit:DeadOrAlive","hermit:FinalCanter"],"picked":"hermit:Purgatory","floor":33},{"not_picked":["hermit:LuckOfTheDraw+1","hermit:TrackingShot+1"],"picked":"hermit:ItchyTrigger+1","floor":35},{"not_picked":["hermit:ItchyTrigger","hermit:TrackingShot"],"picked":"hermit:Brawl+1","floor":37}],"player_experience":1413130,"relics_obtained":[{"floor":9,"key":"Whetstone"},{"floor":12,"key":"ReplayTheSpireMod:TigerMarble"},{"floor":22,"key":"Replay:Bandana"},{"floor":23,"key":"Blue Candle"},{"floor":26,"key":"Chameleon Ring"}],"event_choices":[{"damage_healed":0,"gold_gain":75,"player_choice":"Gather Gold","damage_taken":11,"max_hp_gain":0,"max_hp_loss":0,"event_name":"World of Goop","floor":2,"gold_loss":0},{"damage_healed":0,"gold_gain":75,"player_choice":"Gained Gold","damage_taken":0,"max_hp_gain":0,"max_hp_loss":0,"event_name":"Golden Wing","floor":3,"gold_loss":0},{"damage_healed":0,"gold_gain":0,"player_choice":"Donut","damage_taken":0,"max_hp_gain":5,"max_hp_loss":0,"event_name":"Big Fish","floor":8,"gold_loss":0},{"damage_healed":0,"gold_gain":0,"player_choice":"Ignored","damage_taken":0,"max_hp_gain":0,"max_hp_loss":0,"event_name":"Golden Idol","floor":11,"gold_loss":0},{"damage_healed":0,"gold_gain":0,"player_choice":"Bought 3 Potions","damage_taken":0,"max_hp_gain":0,"max_hp_loss":0,"event_name":"The Woman in Blue","floor":20,"gold_loss":0},{"damage_healed":0,"gold_gain":300,"player_choice":"Gold","damage_taken":0,"max_hp_gain":0,"max_hp_loss":0,"event_name":"Wheel of Change","floor":36,"gold_loss":0}],"is_beta":false,"boss_relics":[{"not_picked":["ReplayTheSpireMod:DimensionalGlitch","Busted Crown"],"picked":"hermit:ClaspedLocket"},{"not_picked":["Painkiller Herb","ChewingGum"],"picked":"SlaversCollar"}],"items_purged_floors":[5],"is_endless":false,"potions_floor_spawned":[1,12,16,23,35,37],"killed_by":"Maw","ascension_level":0}}