{"host":"Rich","time":1613528662,"event":{"mods":["AchievementEnabler","BaseMod","Highlight Path","Minty Spire (QoL Compilation)","Relic Stats"],"gold_per_floor":[112,132,147,167,17,47,60,94,141,141,141,58,85,105,105,182,182,194,210,210,210,279,312,330,330,330,330,342,369,388,9,9,113,113,124,124,17,17,17,17,72,116,116,170,226,226,55,55,55,85,115,115,115,7,7,7],"floor_reached":55,"language":"ENG","playtime":3723,"items_purged":["Strike_P","Strike_P+1"],"score":2087,"play_id":"707bc0d4-e24c-420d-a09b-233dec441e4f","local_time":"20210216212422","is_ascension_mode":true,"campfire_choices":[{"floor":10.0,"key":"REST"},{"data":"Halt","floor":15.0,"key":"SMITH"},{"data":"SashWhip","floor":25.0,"key":"SMITH"},{"floor":27.0,"key":"REST"},{"floor":32.0,"key":"RECALL"},{"data":"CutThroughFate","floor":40.0,"key":"SMITH"},{"data":"Prostrate","floor":46,"key":"SMITH"},{"data":"ThirdEye","floor":49,"key":"SMITH"},{"data":"InnerPeace","floor":53,"key":"SMITH"}],"circlet_count":0,"master_deck":["AscendersBane","Defend_P+1","Defend_P+1","Defend_P+1","Eruption+1","Vigilance+1","Wallop+1","Indignation","SashWhip+1","CutThroughFate+1","Wallop+1","Halt+1","EmptyFist+1","FlurryOfBlows","FlyingSleeves+1","CutThroughFate+1","Nirvana+1","Consecrate+1","Decay","Tantrum+1","Halt+1","InnerPeace+1","Wish+1","FlurryOfBlows+1","Vault+1","Wallop+1","Swivel+1","SandsOfTime+1","Halt+1","ThirdEye+1","Prostrate+1","Brilliance+1","Protect+1","Worship+1"],"relics":["VioletLotus","TeardropLocket","Art of War","Anchor","Molten Egg 2","Dream Catcher","Runic Pyramid","Kunai","Damaru","Gremlin Horn","Potion Belt","Pantograph","Astrolabe","MealTicket","FossilizedHelix","Centennial Puzzle","Lantern","Toxic Egg 2"],"acts_visited":["Exordium","TheCity","TheBeyond","TheEnding"],"potions_floor_usage":[44,50,50,51],"damage_taken":[{"damage":2.0,"enemies":"Cultist","floor":1.0,"turns":3.0},{"damage":0.0,"enemies":"2 Louse","floor":2.0,"turns":2.0},{"damage":0.0,"enemies":"Small Slimes","floor":3.0,"turns":2.0},{"damage":0.0,"enemies":"3 Louse","floor":4.0,"turns":1.0},{"damage":32.0,"enemies":"3 Sentries","floor":6.0,"turns":5.0},{"damage":9.0,"enemies":"Large Slime","floor":7.0,"turns":6.0},{"damage":0.0,"enemies":"Lagavulin","floor":8.0,"turns":6.0},{"damage":1.0,"enemies":"3 Sentries","floor":13.0,"turns":7.0},{"damage":0.0,"enemies":"Blue Slaver","floor":14.0,"turns":1.0},{"damage":3.0,"enemies":"Slime Boss","floor":16.0,"turns":6.0},{"damage":1.0,"enemies":"Chosen","floor":18.0,"turns":3.0},{"damage":3.0,"enemies":"2 Thieves","floor":19.0,"turns":3.0},{"damage":16.0,"enemies":"Slavers","floor":23.0,"turns":5.0},{"damage":0.0,"enemies":"Snecko","floor":24.0,"turns":2.0},{"damage":0.0,"enemies":"Centurion and Healer","floor":28.0,"turns":2.0},{"damage":1.0,"enemies":"Book of Stabbing","floor":29.0,"turns":4.0},{"damage":0.0,"enemies":"3 Cultists","floor":30.0,"turns":4.0},{"damage":32.0,"enemies":"Automaton","floor":33.0,"turns":10.0},{"damage":25.0,"enemies":"3 Darklings","floor":35.0,"turns":3.0},{"damage":0.0,"enemies":"Reptomancer","floor":41.0,"turns":7.0},{"damage":0.0,"enemies":"3 Shapes","floor":42.0,"turns":6.0},{"damage":0,"enemies":"2 Orb Walkers","floor":44,"turns":2},{"damage":0,"enemies":"Giant Head","floor":45,"turns":8},{"damage":21,"enemies":"Donu and Deca","floor":50,"turns":10},{"damage":33,"enemies":"Time Eater","floor":51,"turns":14},{"damage":79,"enemies":"Shield and Spear","floor":55,"turns":5}],"seed_played":"2198246457717629039","potions_obtained":[{"floor":2.0,"key":"Weak Potion"},{"floor":3.0,"key":"ColorlessPotion"},{"floor":4.0,"key":"SkillPotion"},{"floor":8.0,"key":"EssenceOfSteel"},{"floor":13.0,"key":"Regen Potion"},{"floor":23.0,"key":"ColorlessPotion"},{"floor":24.0,"key":"Swift Potion"},{"floor":28.0,"key":"LiquidBronze"},{"floor":33.0,"key":"DuplicationPotion"},{"floor":42.0,"key":"LiquidMemories"},{"floor":45,"key":"Explosive Potion"}],"is_trial":false,"path_per_floor":["M","M","M","M","$","E","M","E","T","R","?","?","E","M","R","B",null,"M","M","?","?","T","E","M","R","T","R","M","E","M","$","R","B",null,"M","?","$","?","?","R","E","M","T","?","E","R","$","T","R","B","B",null,"R","$","E"],"character_chosen":"WATCHER","items_purchased":["Wallop","Pantograph","FearPotion","SkillPotion","Lantern","Protect+1","Worship+1"],"campfire_rested":2,"item_purchase_floors":[5,31,37,37,47,54,54],"current_hp_per_floor":[59,59,59,59,59,27,18,18,18,38,38,38,37,37,37,49,63,62,59,59,59,59,43,43,43,43,63,63,62,62,62,62,36,60,35,35,35,35,75,75,75,75,75,75,75,75,75,75,75,54,42,67,67,75,0,0],"gold":7,"neow_bonus":"BOSS_RELIC","is_daily":false,"chose_seed":false,"campfire_upgraded":6,"win_rate":0.0,"timestamp":1613528662,"path_taken":["M","M","?","M","$","E","M","E","T","R","?","?","E","?","R","BOSS","M","M","?","?","?","E","?","R","T","R","M","E","M","$","R","BOSS","M","?","?","?","?","R","E","?","T","?","E","R","$","?","R","BOSS","BOSS","R","$","E"],"items_purchased_type":["Card","Relic","Potion","Potion","Relic","Card","Card"],"build_version":"2020-12-18","purchased_purges":2,"victory":false,"max_hp_per_floor":[68,68,68,68,68,68,68,68,68,68,68,68,68,68,68,68,68,68,68,68,68,68,68,68,68,68,68,68,68,68,68,68,68,68,68,68,68,65,75,75,75,75,75,75,75,75,75,75,75,75,75,75,75,75,75,75],"relic_stats":{"Dream Catcher":1,"Centennial Puzzle":[9],"Gremlin Horn":[15,16],"counters":[26,127],"Pantograph":27,"Astrolabe":["Wallop","Swivel","SandsOfTime"],"MealTicket":8,"VioletLotus":[39],"Art of War":[13],"Kunai":[55],"obtain_stats":[{"Potion Belt":29,"Lantern":47,"Gremlin Horn":26,"Astrolabe":34,"Damaru":23,"TeardropLocket":6,"Anchor":9,"Dream Catcher":13,"Centennial Puzzle":45,"Pantograph":31,"Molten Egg 2":12,"MealTicket":41,"VioletLotus":0,"Art of War":8,"Kunai":22,"PureWater":0,"Toxic Egg 2":48,"FossilizedHelix":44,"Runic Pyramid":17},{"Potion Belt":16,"Lantern":23,"Gremlin Horn":14,"Astrolabe":18,"Damaru":13,"TeardropLocket":5,"Anchor":7,"Dream Catcher":8,"Centennial Puzzle":23,"Pantograph":17,"Molten Egg 2":7,"MealTicket":20,"VioletLotus":0,"Art of War":7,"Kunai":12,"PureWater":0,"Toxic Egg 2":23,"FossilizedHelix":22,"Runic Pyramid":10},{"Potion Belt":58,"Lantern":98,"Gremlin Horn":52,"Astrolabe":72,"Damaru":50,"TeardropLocket":13,"Anchor":25,"Dream Catcher":32,"Centennial Puzzle":98,"Pantograph":62,"Molten Egg 2":25,"MealTicket":82,"VioletLotus":0,"Art of War":25,"Kunai":45,"PureWater":0,"Toxic Egg 2":98,"FossilizedHelix":90,"Runic Pyramid":39}]},"card_choices":[{"not_picked":["FollowUp","MentalFortress"],"picked":"Wallop","floor":1.0},{"not_picked":["LikeWater","Evaluate"],"picked":"Indignation","floor":2.0},{"not_picked":["BowlingBash","Halt"],"picked":"SashWhip","floor":3.0},{"not_picked":["PathToVictory","ForeignInfluence"],"picked":"CutThroughFate","floor":4.0},{"not_picked":["Alpha","Crescendo"],"picked":"Halt","floor":6.0},{"not_picked":["FollowUp","BowlingBash"],"picked":"EmptyFist","floor":7.0},{"not_picked":["WindmillStrike","CarveReality"],"picked":"FlurryOfBlows","floor":8.0},{"not_picked":["Prostrate","FollowUp+1"],"picked":"FlyingSleeves+1","floor":13.0},{"not_picked":["Crescendo","JustLucky+1"],"picked":"CutThroughFate+1","floor":14.0},{"not_picked":["Alpha","Blasphemy"],"picked":"LessonLearned+1","floor":16.0},{"not_picked":["Halt","ClearTheMind"],"picked":"Nirvana+1","floor":18.0},{"not_picked":["ClearTheMind","Wallop+1"],"picked":"Consecrate+1","floor":19.0},{"not_picked":["ForeignInfluence","CutThroughFate+1"],"picked":"Tantrum+1","floor":23.0},{"not_picked":["BowlingBash+1","ThirdEye"],"picked":"Halt+1","floor":24.0},{"not_picked":["Perseverance","DevaForm"],"picked":"InnerPeace","floor":27.0},{"not_picked":["CrushJoints+1","EmptyFist+1","FlyingSleeves+1"],"picked":"SKIP","floor":28.0},{"not_picked":["Protect","SashWhip+1"],"picked":"Wish","floor":29.0},{"not_picked":["FollowUp+1","FlyingSleeves+1"],"picked":"FlurryOfBlows+1","floor":30.0},{"not_picked":["DeusExMachina","Blasphemy"],"picked":"Vault","floor":33.0},{"not_picked":["Crescendo","FollowUp+1"],"picked":"Halt+1","floor":35.0},{"not_picked":["Conclude+1","CutThroughFate+1"],"picked":"ThirdEye","floor":41.0},{"not_picked":["EmptyFist+1","Study+1"],"picked":"Prostrate","floor":42.0},{"not_picked":["ConjureBlade","DeceiveReality+1"],"picked":"Brilliance+1","floor":45}],"player_experience":2025138,"relics_obtained":[{"floor":6.0,"key":"TeardropLocket"},{"floor":8.0,"key":"Art of War"},{"floor":9.0,"key":"Anchor"},{"floor":13.0,"key":"Dream Catcher"},{"floor":22.0,"key":"Kunai"},{"floor":23.0,"key":"Damaru"},{"floor":26.0,"key":"Gremlin Horn"},{"floor":29.0,"key":"Potion Belt"},{"floor":41.0,"key":"MealTicket"},{"floor":44,"key":"FossilizedHelix"},{"floor":45,"key":"Centennial Puzzle"},{"floor":48,"key":"Toxic Egg 2"}],"event_choices":[{"damage_healed":0.0,"max_hp_gain":0.0,"max_hp_loss":0.0,"gold_gain":0.0,"event_name":"Shining Light","player_choice":"Ignored","floor":11.0,"gold_loss":0.0,"damage_taken":0.0},{"damage_healed":0.0,"max_hp_gain":0.0,"max_hp_loss":0.0,"gold_gain":0.0,"event_name":"WeMeetAgain","player_choice":"Paid Gold","floor":12.0,"gold_loss":83.0,"damage_taken":0.0,"relics_obtained":["Molten Egg 2"]},{"damage_healed":0.0,"max_hp_gain":0.0,"max_hp_loss":0.0,"gold_gain":0.0,"event_name":"Back to Basics","player_choice":"Simplicity","floor":20.0,"gold_loss":0.0,"damage_taken":0.0,"cards_upgraded":["Strike_P","Strike_P","Strike_P","Defend_P","Defend_P","Defend_P"]},{"damage_healed":0.0,"max_hp_gain":0.0,"max_hp_loss":0.0,"gold_gain":0.0,"event_name":"Forgotten Altar","player_choice":"Smashed Altar","floor":21.0,"gold_loss":0.0,"damage_taken":0.0,"cards_obtained":["Decay"]},{"damage_healed":0.0,"max_hp_gain":0.0,"max_hp_loss":0.0,"gold_gain":0.0,"event_name":"Accursed Blacksmith","player_choice":"Forge","floor":36.0,"gold_loss":0.0,"damage_taken":0.0,"cards_upgraded":["Vault"]},{"damage_healed":0.0,"max_hp_gain":0.0,"max_hp_loss":3.0,"gold_gain":0.0,"event_name":"Winding Halls","player_choice":"Max HP","floor":38.0,"gold_loss":0.0,"damage_taken":0.0},{"cards_removed":["LessonLearned"],"damage_healed":30.0,"max_hp_gain":10.0,"max_hp_loss":0.0,"gold_gain":0.0,"event_name":"Bonfire Elementals","player_choice":"Offered Rare","floor":39.0,"gold_loss":0.0,"damage_taken":0.0},{"damage_healed":0,"gold_gain":0,"player_choice":"Fight","damage_taken":0,"max_hp_gain":0,"max_hp_loss":0,"event_name":"Mysterious Sphere","floor":44,"gold_loss":0}],"is_beta":true,"boss_relics":[{"not_picked":["Snecko Eye","Coffee Dripper"],"picked":"Runic Pyramid"},{"not_picked":["Empty Cage","Cursed Key"],"picked":"Astrolabe"}],"items_purged_floors":[5,31],"is_endless":false,"potions_floor_spawned":[2,3,4,8,13,23,24,28,33,42,45],"killed_by":"Shield and Spear","ascension_level":20}}