{"host":"wz9xchfsxwfj1bs2","time":1613572517,"event":{"mods":["BaseMod","Minty Spire (QoL Compilation)","Quick Restart","StSLib"],"gold_per_floor":[114,114,11,26,26,26,56,56,56,71,86,101,116,131,131,231,231,276,276,321,192,192,192,252,297,372,33,78,78,123,168,168,298,298,343,388,433,478,523,523,183,183,183,213,213,228,230,245,245,245],"floor_reached":51,"language":"ZHS","playtime":4923,"items_purged":["Strike_G","Zap+1"],"score":880,"play_id":"b105840f-8fbe-479c-9f29-573eac2c64ac","local_time":"20210217223517","daily_mods":["Chimera","Uncertain Future","Terminal"],"is_ascension_mode":false,"campfire_choices":[{"data":"Study","floor":6.0,"key":"SMITH"},{"data":"Eruption","floor":8.0,"key":"SMITH"},{"data":"Zap","floor":15.0,"key":"SMITH"},{"data":"Vault","floor":23.0,"key":"SMITH"},{"data":"Apotheosis","floor":29.0,"key":"SMITH"},{"data":"DevaForm","floor":32.0,"key":"SMITH"},{"data":"Prostrate","floor":40.0,"key":"SMITH"},{"data":"InnerPeace","floor":42.0,"key":"SMITH"},{"floor":49.0,"key":"DIG"}],"circlet_count":0,"master_deck":["Bash","Survivor","Eruption+1","DeceiveReality","Study+1","EmptyBody","Nirvana","Weave","Vault+1","Wish+1","Wireheading+1","Crescendo+1","BattleHymn+1","InnerPeace+1","DevaForm+1","Prostrate+1","Necronomicurse","Fasting2+1","Apotheosis+1","Alpha","Metamorphosis","ClearTheMind+1","Scrawl"],"relics":["HolyWater","Calipers","Toy Ornithopter","White Beast Statue","Astrolabe","Necronomicon","Kunai","HornCleat","Lantern","Letter Opener","Shovel","FossilizedHelix","Ice Cream"],"acts_visited":["Exordium","TheCity","TheBeyond"],"potions_floor_usage":[50,50,50],"damage_taken":[{"damage":3.0,"enemies":"2 Louse","floor":1.0,"turns":3.0},{"damage":0.0,"enemies":"Small Slimes","floor":4.0,"turns":3.0},{"damage":0.0,"enemies":"3 Sentries","floor":7.0,"turns":11.0},{"damage":0.0,"enemies":"Cultist","floor":10.0,"turns":5.0},{"damage":0.0,"enemies":"Looter","floor":11.0,"turns":3.0},{"damage":2.0,"enemies":"2 Fungi Beasts","floor":12.0,"turns":4.0},{"damage":0.0,"enemies":"Blue Slaver","floor":13.0,"turns":4.0},{"damage":0.0,"enemies":"Red Slaver","floor":14.0,"turns":5.0},{"damage":12.0,"enemies":"Hexaghost","floor":16.0,"turns":11.0},{"damage":4.0,"enemies":"Spheric Guardian","floor":18.0,"turns":8.0},{"damage":4.0,"enemies":"2 Thieves","floor":20.0,"turns":5.0},{"damage":6.0,"enemies":"Book of Stabbing","floor":24.0,"turns":7.0},{"damage":9.0,"enemies":"Cultist and Chosen","floor":25.0,"turns":8.0},{"damage":8.0,"enemies":"Snake Plant","floor":28.0,"turns":5.0},{"damage":0.0,"enemies":"Shelled Parasite and Fungi","floor":30.0,"turns":6.0},{"damage":0.0,"enemies":"Centurion and Healer","floor":31.0,"turns":7.0},{"damage":16.0,"enemies":"Automaton","floor":33.0,"turns":9.0},{"damage":10.0,"enemies":"Orb Walker","floor":35.0,"turns":5.0},{"damage":0.0,"enemies":"3 Shapes","floor":36.0,"turns":6.0},{"damage":0.0,"enemies":"Maw","floor":37.0,"turns":6.0},{"damage":6.0,"enemies":"3 Darklings","floor":38.0,"turns":6.0},{"damage":11.0,"enemies":"Sphere and 2 Shapes","floor":39.0,"turns":8.0},{"damage":1.0,"enemies":"Nemesis","floor":44.0,"turns":8.0},{"damage":2.0,"enemies":"Maw","floor":46.0,"turns":6.0},{"damage":5.0,"enemies":"2 Orb Walkers","floor":47.0,"turns":7.0},{"damage":14.0,"enemies":"Jaw Worm Horde","floor":48.0,"turns":4.0},{"damage":0,"enemies":"Donu and Deca","floor":50,"turns":7}],"seed_played":"6706742764168558924","potions_obtained":[{"floor":1.0,"key":"DistilledChaos"},{"floor":10.0,"key":"SpeedPotion"},{"floor":11.0,"key":"DuplicationPotion"},{"floor":12.0,"key":"Ancient Potion"},{"floor":20.0,"key":"Regen Potion"},{"floor":24.0,"key":"SkillPotion"},{"floor":25.0,"key":"Fire Potion"},{"floor":30.0,"key":"BlessingOfTheForge"},{"floor":33.0,"key":"SkillPotion"},{"floor":35.0,"key":"PowerPotion"},{"floor":38.0,"key":"ColorlessPotion"},{"floor":39.0,"key":"StancePotion"},{"floor":46.0,"key":"Ambrosia"},{"floor":47.0,"key":"Regen Potion"},{"floor":48.0,"key":"Block Potion"}],"is_trial":false,"path_per_floor":["M","?","$","M","?","R","E","R","T","M","M","M","M","M","R","B",null,"M","?","M","$","?","R","E","M","T","$","M","R","M","M","R","B",null,"M","M","M","M","M","R","$","R","T","E","?","M","?","M","R","B",null],"character_chosen":"WATCHER","items_purchased":["Study","EmptyBody","Prostrate","Apotheosis","Lantern","GamblersBrew","Metamorphosis"],"campfire_rested":0,"item_purchase_floors":[3,3,21,27,27,41,41],"current_hp_per_floor":[68,56,56,56,56,56,56,56,56,56,56,54,54,54,54,42,54,50,50,48,48,32,32,44,38,38,38,30,30,30,30,30,14,37,27,27,27,26,20,20,20,20,20,19,19,17,17,17,17,21],"gold":245,"neow_bonus":"","is_daily":true,"chose_seed":false,"campfire_upgraded":8,"win_rate":0.0,"timestamp":1613572517,"path_taken":["M","?","$","M","?","R","E","R","T","M","M","M","?","M","R","BOSS","M","?","M","$","?","R","E","M","T","?","M","R","M","M","R","BOSS","M","M","M","M","M","R","$","R","T","E","?","?","?","M","R","BOSS"],"items_purchased_type":["Card","Card","Card","Card","Relic","Potion","Card"],"build_version":"2020-12-22","purchased_purges":2,"victory":true,"max_hp_per_floor":[70,69,68,67,66,65,64,63,62,61,60,59,58,57,56,55,54,53,52,51,50,49,48,47,46,45,44,43,42,41,40,39,38,37,36,35,34,33,32,31,30,29,28,27,26,25,24,23,22,21],"card_choices":[{"not_picked":["Protect","Wallop"],"picked":"DeceiveReality","floor":1.0},{"not_picked":["BowlingBash","Evaluate"],"picked":"Wireheading","floor":4.0},{"not_picked":["Crescendo","Halt"],"picked":"Nirvana","floor":7.0},{"not_picked":["JustLucky","BowlingBash","Pray"],"picked":"SKIP","floor":10.0},{"not_picked":["BowlingBash","JustLucky","FearNoEvil"],"picked":"SKIP","floor":11.0},{"not_picked":["CarveReality","ClearTheMind"],"picked":"Weave","floor":12.0},{"not_picked":["Brilliance","FlyingSleeves","Vengeance"],"picked":"SKIP","floor":13.0},{"not_picked":["ThirdEye","ForeignInfluence","CutThroughFate"],"picked":"SKIP","floor":14.0},{"not_picked":["Scrawl","Devotion"],"picked":"Vault","floor":16.0},{"not_picked":["EmptyFist","Tantrum"],"picked":"BattleHymn+1","floor":18.0},{"not_picked":["DeceiveReality","Consecrate","Conclude"],"picked":"SKIP","floor":20.0},{"not_picked":["FlurryOfBlows","Adaptation+1"],"picked":"Fasting2+1","floor":24.0},{"not_picked":["Evaluate","FlurryOfBlows","DeceiveReality"],"picked":"SKIP","floor":25.0},{"not_picked":["Tantrum","Wireheading","JustLucky"],"picked":"SKIP","floor":28.0},{"not_picked":["Meditate","WreathOfFlame","Evaluate+1"],"picked":"SKIP","floor":30.0},{"not_picked":["BattleHymn+1","Swivel","Meditate+1"],"picked":"SKIP","floor":31.0},{"not_picked":["Vault","Ragnarok"],"picked":"Alpha","floor":33.0},{"not_picked":["Meditate","CrushJoints+1","EmptyBody+1"],"picked":"SKIP","floor":35.0},{"not_picked":["Fasting2","Protect","ThirdEye"],"picked":"SKIP","floor":36.0},{"not_picked":["WreathOfFlame","FlyingSleeves+1","Indignation"],"picked":"SKIP","floor":37.0},{"not_picked":["Wallop","FlyingSleeves","CutThroughFate"],"picked":"SKIP","floor":38.0},{"not_picked":["PathToVictory+1","WheelKick+1","Evaluate"],"picked":"SKIP","floor":39.0},{"not_picked":["CrushJoints","Halt"],"picked":"ClearTheMind","floor":44.0},{"not_picked":["JustLucky","EmptyFist","SignatureMove+1"],"picked":"SKIP","floor":46.0},{"not_picked":["DeceiveReality+1","EmptyBody+1"],"picked":"Scrawl","floor":48.0}],"player_experience":143794,"relics_obtained":[{"floor":7.0,"key":"Toy Ornithopter"},{"floor":9.0,"key":"White Beast Statue"},{"floor":22.0,"key":"Necronomicon"},{"floor":24.0,"key":"Kunai"},{"floor":26.0,"key":"HornCleat"},{"floor":43.0,"key":"Letter Opener"},{"floor":44.0,"key":"Shovel"},{"floor":47.0,"key":"FossilizedHelix"},{"floor":49.0,"key":"Ice Cream"}],"event_choices":[{"damage_healed":0.0,"max_hp_gain":0.0,"max_hp_loss":0.0,"gold_gain":0.0,"event_name":"Scrap Ooze","player_choice":"Success","floor":2.0,"gold_loss":0.0,"damage_taken":12.0,"relics_obtained":["Calipers"]},{"cards_removed":["Defend_G"],"damage_healed":0.0,"max_hp_gain":0.0,"max_hp_loss":0.0,"gold_gain":0.0,"event_name":"Bonfire Elementals","player_choice":"Offered Basic","floor":5.0,"gold_loss":0.0,"damage_taken":0.0},{"damage_healed":0.0,"max_hp_gain":0.0,"max_hp_loss":0.0,"gold_gain":0.0,"cards_transformed":["Defend_P","Wireheading"],"event_name":"Drug Dealer","player_choice":"Became Test Subject","floor":19.0,"gold_loss":0.0,"damage_taken":0.0,"cards_obtained":["InnerPeace","DevaForm"]},{"damage_healed":0.0,"max_hp_gain":0.0,"max_hp_loss":0.0,"gold_gain":0.0,"event_name":"Cursed Tome","player_choice":"Obtained Book","floor":22.0,"gold_loss":0.0,"damage_taken":16.0},{"damage_healed":0.0,"max_hp_gain":0.0,"max_hp_loss":0.0,"gold_gain":0.0,"event_name":"Upgrade Shrine","player_choice":"Upgraded","floor":45.0,"gold_loss":0.0,"damage_taken":0.0,"cards_upgraded":["ClearTheMind"]},{"damage_healed":0.0,"max_hp_gain":0.0,"max_hp_loss":0.0,"gold_gain":0.0,"event_name":"Mysterious Sphere","player_choice":"Fight","floor":47.0,"gold_loss":0.0,"damage_taken":0.0}],"is_beta":false,"boss_relics":[{"not_picked":["Calling Bell","Snecko Eye"],"picked":"Astrolabe"},{"not_picked":["Runic Dome","SlaversCollar"],"picked":"HolyWater"}],"items_purged_floors":[21,41],"is_endless":false,"potions_floor_spawned":[1,10,11,12,13,14,16,18,20,24,25,28,30,31,33,35,36,37,38,39,44,46,47,48],"ascension_level":0}}