{"host":"y6zg4wwu39otf01a","time":1613586527,"event":{"mods":["Act Like it!","Aspiration","BaseMod","Better Altar","Better Match","Better Note","Better Sensory Stone","Better Skull","Better Third Choice","Challenge The Spire","Colored Map","Colored Powertips","Conspire","GifTheSpireLib","Glutton Mod","Halation","Hermit","Highlight Path","Hubris","Infinite Spire","Mimic Mod","Minty Spire (QoL Compilation)","Quick Restart","Random Character Button","Rare Cards Sparkle","Reliquary","Replay The Spire","Retaliation","Ruina","Spicy Shops","StSLib","Stuff the Spire","The Blue Laboratory","The Construct","The Jungle"],"gold_per_floor":[111,111,130,155,155,155,168,168,217,237,237,1,276,6,6,131,131,159,6,6,34,34,34],"floor_reached":22,"language":"ENG","playtime":3592,"items_purged":[],"score":300,"play_id":"5634d152-d11b-4726-9426-f8d333443d24","local_time":"20210217122847","is_ascension_mode":true,"campfire_choices":[{"data":"StuffTheSpire:Slingshot","floor":6,"key":"SMITH"},{"data":"Anger","floor":8,"key":"SMITH"},{"data":"Collect","floor":15,"key":"SMITH"}],"circlet_count":0,"master_deck":["Strike_R","Strike_R","Strike_R","Strike_R","Defend_R","Defend_R","Defend_R","Defend_R","Bash","StuffTheSpire:Slingshot+1","Injury","DDmod:SpikeMailSkill","Anger+1","DDmod:SpikedSkill","Collect+1","Warcry+1","Parasite","Inflame","Exhume","hubris:Wrath","hubris:Greed","Sentinel","conspire:Blindness","hubris:Greed","Metallicize"],"relics":["Runic Pyramid","Golden Idol","aspiration:HiddenCompartment","King of Hearts","aspiration:Nostalgia","Burning Blood","reliquary:Knoch","reliquary:SharkskinSheath","Kintsugi","Strawberry"],"acts_visited":["Exordium","TheCity"],"potions_floor_usage":[10,16,16,18,21],"damage_taken":[{"damage":5,"enemies":"Small Slimes","floor":1,"turns":3},{"damage":12,"enemies":"Jaw Worm","floor":3,"turns":3},{"damage":1,"enemies":"Cultist","floor":4,"turns":3},{"damage":23,"enemies":"Large Slime","floor":7,"turns":4},{"damage":0,"enemies":"Exordium Wildlife","floor":10,"turns":3},{"damage":58,"enemies":"The Guardian","floor":16,"turns":8},{"damage":39,"enemies":"2 Thieves","floor":18,"turns":5},{"damage":41,"enemies":"Spheric Guardian","floor":21,"turns":6},{"damage":28,"enemies":"Centurion and Healer","floor":22,"turns":3}],"seed_played":"3047655399350238003","potions_obtained":[{"floor":3,"key":"blueLaboratory:FruitPreserves"},{"floor":7,"key":"blueLaboratory:ImpenetrablePotion"},{"floor":10,"key":"blueLaboratory:NullPotion"},{"floor":18,"key":"AttackPotion"}],"is_trial":false,"path_per_floor":["M","?","M","M","?","R","M","R","T","M","?","$","?","$","R","B",null,"M","$","?","M","M"],"character_chosen":"IRONCLAD","items_purchased":["aspiration:Nostalgia","Warcry+1","reliquary:Knoch","Inflame","blueLaboratory:FruitPunch","reliquary:SharkskinSheath","Strawberry"],"campfire_rested":0,"item_purchase_floors":[12,12,12,14,14,14,19],"current_hp_per_floor":[75,75,63,62,62,62,39,39,39,39,30,30,30,30,30,16,82,49,56,56,21,0,0],"gold":34,"neow_bonus":"BOSS_RELIC","is_daily":false,"chose_seed":false,"campfire_upgraded":3,"win_rate":0.0,"timestamp":1613586527,"path_taken":["M","?","M","M","?","R","?","R","T","M","?","$","?","$","R","BOSS","M","?","?","?","M"],"items_purchased_type":["Relic","Card","Relic","Card","Potion","Relic","Relic"],"build_version":"2020-12-22","purchased_purges":0,"victory":false,"max_hp_per_floor":[80,80,80,80,80,80,80,80,80,80,80,80,80,80,80,82,82,82,89,89,89,89,89],"card_choices":[{"not_picked":["Perfected Strike","StuffTheSpire:RockThrow"],"picked":"StuffTheSpire:Slingshot","floor":1},{"not_picked":["DDmod:PokeAttack","Sword Boomerang"],"picked":"DDmod:SpikeMailSkill","floor":3},{"not_picked":["DDmod:SpikeMailSkill","Body Slam"],"picked":"Anger","floor":4},{"not_picked":["Combust","Perfected Strike"],"picked":"DDmod:SpikedSkill","floor":7},{"not_picked":["Havoc","Impervious"],"picked":"Headbutt","floor":10},{"not_picked":["hubris:StunningStrike","DDmod:RechargeSkill"],"picked":"Exhume","floor":16},{"not_picked":["StuffTheSpire:BloodClot","ReplayTheSpireMod:Strike From Hell"],"picked":"Sentinel","floor":18},{"not_picked":["Evolve","Iron Wave"],"picked":"Metallicize","floor":21}],"player_experience":867051,"relics_obtained":[{"floor":9,"key":"aspiration:HiddenCompartment"}],"event_choices":[{"damage_healed":0,"gold_gain":0,"player_choice":"Take Wound","damage_taken":0,"relics_obtained":["Golden Idol"],"max_hp_gain":0,"max_hp_loss":0,"event_name":"Golden Idol","floor":2,"gold_loss":0,"cards_obtained":["Injury"]},{"damage_healed":0,"gold_gain":0,"cards_transformed":["Strike_R"],"player_choice":"Transformed","damage_taken":0,"max_hp_gain":0,"max_hp_loss":0,"event_name":"Transmorgrifier","floor":5,"gold_loss":0,"cards_obtained":["Spot Weakness"]},{"damage_healed":0,"gold_gain":275,"player_choice":"Desecrate","damage_taken":0,"max_hp_gain":0,"max_hp_loss":0,"event_name":"Golden Shrine","floor":13,"gold_loss":0,"cards_obtained":["Regret"]},{"damage_healed":0,"gold_gain":0,"cards_transformed":["Regret"],"player_choice":"Transformed","damage_taken":0,"max_hp_gain":0,"max_hp_loss":0,"event_name":"Transmorgrifier","floor":20,"gold_loss":0,"cards_obtained":["conspire:Blindness"]}],"is_beta":false,"boss_relics":[{"not_picked":["hubris:TerracottaHorce","Snecko Eye"],"picked":"Kintsugi"}],"items_purged_floors":[],"is_endless":false,"potions_floor_spawned":[3,7,10,18],"killed_by":"Centurion and Healer","ascension_level":3}}