{"host":"gzsdmyo07u314vug","time":1613573392,"event":{"mods":["2.2 Compatiblity","Astrologer","BaseMod","Colored Powertips","GifTheSpireLib","Gremlin Mod","Hermit","Jorbs\u0027s Wanderer Trilogy","Minty Spire (QoL Compilation)","Quick Restart","Rare Cards Sparkle","Relic Stats","Replay The Spire","Robot Space Explorer","Shop Mod","StSLib","The Bladedancer","The Bug Knight","The Construct","The Cursed","The Elementalist","The Hierophant","The IronCluck","The Marked","The Necromancer","The Runesmith","The Servant 0.9.4","Unceasing Turn Reminder","everything is the same but u backflip on backflip","slay the spire mod where everything is the same but ironclad has a cowboy hat"],"gold_per_floor":[119,119,44,60,77,77,77,96,120,120,136,151,170,170,170,269,269,284,147,147,147],"floor_reached":20,"language":"ENG","playtime":896,"items_purged":["elementalist:Strike+Elemblue","elementalist:Firestrike"],"score":174,"play_id":"f61f0cc2-175e-4d42-aa81-45c1db94b974","local_time":"20210217114952","is_ascension_mode":true,"campfire_choices":[{"data":"elementalist:Monument","floor":6.0,"key":"SMITH"},{"data":"elementalist:Caution","floor":10.0,"key":"SMITH"},{"data":"elementalist:Earth_Emblem","floor":15.0,"key":"SMITH"}],"circlet_count":0,"master_deck":["elementalist:Earth_Emblem+1","elementalist:Defend_Elemblue","elementalist:Defend_Elemblue","elementalist:Defend_Elemblue","elementalist:Defend_Elemblue","elementalist:Defend_Elemblue","elementalist:Earthstrike","elementalist:Waterstrike","elementalist:Crystal_Chalk","elementalist:Monument+1","elementalist:Mist","elementalist:Caution+1","elementalist:Prepared_Sand","elementalist:Prepared_Sand","elementalist:Gaian_Form","elementalist:Erosion","CurseOfTheBell","elementalist:Lunar_Form"],"relics":["elementalistmod:MagusStaff","elementalistmod:YellowCirclet","NeowsBlessing","Replay:Baseball","Art of War","Calling Bell","PreservedInsect","Gremlin Horn","Ginger"],"acts_visited":["Exordium","TheCity"],"potions_floor_usage":[],"damage_taken":[{"damage":0.0,"enemies":"Jaw Worm","floor":1.0,"turns":1.0},{"damage":0.0,"enemies":"2 Louse","floor":4.0,"turns":1.0},{"damage":0.0,"enemies":"Cultist","floor":5.0,"turns":2.0},{"damage":5.0,"enemies":"Looter","floor":8.0,"turns":5.0},{"damage":3.0,"enemies":"Exordium Thugs","floor":11.0,"turns":4.0},{"damage":1.0,"enemies":"2 Fungi Beasts","floor":12.0,"turns":3.0},{"damage":0.0,"enemies":"Exordium Wildlife","floor":13.0,"turns":5.0},{"damage":3.0,"enemies":"The Guardian","floor":16.0,"turns":11.0},{"damage":0.0,"enemies":"Shell Parasite","floor":18.0,"turns":6.0},{"damage":0,"enemies":"Sentry and Sphere","floor":20,"turns":1}],"seed_played":"2813397005764004962","potions_obtained":[{"floor":1.0,"key":"Energy Potion"},{"floor":5.0,"key":"Milkshake"},{"floor":7.0,"key":"GamblersBrew"},{"floor":7.0,"key":"PowerPotion"},{"floor":7.0,"key":"Ancient Potion"}],"is_trial":false,"path_per_floor":["M","?","$","M","M","R","?","M","T","R","M","M","M","?","R","B",null,"M","$","M"],"character_chosen":"THE_ELEMENTALIST","items_purchased":["elementalist:Lunar_Form"],"campfire_rested":0,"item_purchase_floors":[19],"current_hp_per_floor":[70,70,70,70,70,70,70,65,65,65,62,61,61,61,61,58,70,70,70,70,70],"gold":147,"neow_bonus":"THREE_ENEMY_KILL","is_daily":false,"chose_seed":false,"campfire_upgraded":3,"win_rate":0.0,"timestamp":1613573392,"path_taken":["M","?","$","M","M","R","?","?","T","R","M","M","M","?","R","BOSS","M","$","M"],"items_purchased_type":["Card"],"build_version":"2020-12-22","purchased_purges":2,"victory":false,"max_hp_per_floor":[70,70,70,70,70,70,70,70,70,70,70,70,70,70,70,70,70,70,70,70,70],"relic_stats":{"Gremlin Horn":[0,0],"counters":[10,38],"PreservedInsect":0,"Art of War":[5],"Ginger":[0],"obtain_stats":[{"Calling Bell":17,"Replay:Baseball":2,"NeowsBlessing":0,"Gremlin Horn":17,"elementalistmod:YellowCirclet":4,"PreservedInsect":17,"Art of War":9,"Ginger":17,"elementalistmod:MagusStaff":0,"elementalistmod:GraduationLetter":0},{"Calling Bell":8,"Replay:Baseball":1,"NeowsBlessing":0,"Gremlin Horn":8,"elementalistmod:YellowCirclet":2,"PreservedInsect":8,"Art of War":4,"Ginger":8,"elementalistmod:MagusStaff":0,"elementalistmod:GraduationLetter":0},{"Calling Bell":32,"Replay:Baseball":1,"NeowsBlessing":0,"Gremlin Horn":32,"elementalistmod:YellowCirclet":2,"PreservedInsect":32,"Art of War":9,"Ginger":32,"elementalistmod:MagusStaff":0,"elementalistmod:GraduationLetter":0}]},"card_choices":[{"not_picked":["elementalist:Undertow","elementalist:Spark"],"picked":"elementalist:Monument","floor":1.0},{"not_picked":["elementalist:Monument","elementalist:Stone_to_Mud"],"picked":"elementalist:Mist","floor":4.0},{"not_picked":["elementalist:Monument","elementalist:Solar_Form"],"picked":"elementalist:Caution","floor":5.0},{"not_picked":["elementalist:Concentricity","elementalist:Emberveil","elementalist:Monument"],"picked":"SKIP","floor":8.0},{"not_picked":["elementalist:Etherstrike","elementalist:Monument","elementalist:Aegis"],"picked":"SKIP","floor":11.0},{"not_picked":["elementalist:Geomancy","elementalist:Caution"],"picked":"elementalist:Prepared_Sand","floor":12.0},{"not_picked":["elementalist:Stone_to_Mud","elementalist:Impact","elementalist:Ignition"],"picked":"SKIP","floor":13.0},{"not_picked":["elementalist:Ferruchemy","elementalist:Heavensfall"],"picked":"elementalist:Erosion","floor":16.0},{"not_picked":["elementalist:Magma_Shot","elementalist:Monument","elementalist:Aegis"],"picked":"SKIP","floor":18.0}],"player_experience":918283,"relics_obtained":[{"floor":9.0,"key":"Art of War"},{"floor":17.0,"key":"PreservedInsect"},{"floor":17.0,"key":"Gremlin Horn"},{"floor":17.0,"key":"Ginger"}],"event_choices":[{"damage_healed":0.0,"max_hp_gain":0.0,"max_hp_loss":0.0,"gold_gain":0.0,"event_name":"WeMeetAgain","player_choice":"Gave Potion","floor":2.0,"gold_loss":0.0,"damage_taken":0.0,"relics_obtained":["Replay:Baseball"]},{"damage_healed":0.0,"max_hp_gain":0.0,"max_hp_loss":0.0,"gold_gain":0.0,"event_name":"Lab","player_choice":"Got Potions","floor":7.0,"gold_loss":0.0,"damage_taken":0.0},{"damage_healed":0.0,"max_hp_gain":0.0,"max_hp_loss":0.0,"gold_gain":0.0,"cards_transformed":["elementalist:Airstrike"],"event_name":"Transmorgrifier","player_choice":"Transformed","floor":14.0,"gold_loss":0.0,"damage_taken":0.0,"cards_obtained":["elementalist:Prepared_Sand"]}],"is_beta":false,"boss_relics":[{"not_picked":["Replay:Drink Me","SacredBark"],"picked":"Calling Bell"}],"items_purged_floors":[3,19],"is_endless":false,"potions_floor_spawned":[1,5,13,16],"killed_by":"Sentry and Sphere","ascension_level":1}}