{"host":"3hzk4hwwdropes3d","time":1613528268,"event":{"mods":["BaseMod","Minty Spire (QoL Compilation)","StSLib"],"gold_per_floor":[119,119,132,132,17,46,46,76,102,102,131,148,27,42,42,140,140,140,140],"floor_reached":18,"language":"ENG","playtime":663,"items_purged":[],"score":244,"play_id":"0796a9e6-095f-4c87-bf92-d5132b8c8727","local_time":"20210216181748","is_ascension_mode":true,"campfire_choices":[{"data":"Eruption","floor":7,"key":"SMITH"},{"data":"TalkToTheHand","floor":10,"key":"SMITH"},{"floor":15,"key":"REST"}],"circlet_count":0,"master_deck":["Strike_P","Strike_P","Strike_P","Defend_P","Defend_P","Defend_P","Defend_P","Eruption+1","Vigilance","TalkToTheHand+1","SashWhip","Tantrum","EmptyBody","ThirdEye","CutThroughFate","FlurryOfBlows","CrushJoints","Adaptation","FollowUp","Brilliance"],"relics":["PureWater","NeowsBlessing","Toy Ornithopter","Omamori","Peace Pipe","VioletLotus"],"acts_visited":["Exordium","TheCity"],"potions_floor_usage":[8,14,16],"damage_taken":[{"damage":0,"enemies":"Small Slimes","floor":1,"turns":1},{"damage":0,"enemies":"Cultist","floor":3,"turns":1},{"damage":0,"enemies":"Lagavulin","floor":6,"turns":1},{"damage":14,"enemies":"Gremlin Nob","floor":8,"turns":3},{"damage":11,"enemies":"3 Sentries","floor":11,"turns":4},{"damage":0,"enemies":"Jaw Worm","floor":12,"turns":1},{"damage":5,"enemies":"Gremlin Gang","floor":14,"turns":2},{"damage":54,"enemies":"The Guardian","floor":16,"turns":9},{"damage":23,"enemies":"Shell Parasite","floor":18,"turns":3}],"seed_played":"1024496592807204686","potions_obtained":[{"floor":1,"key":"SneckoOil"},{"floor":11,"key":"DistilledChaos"},{"floor":12,"key":"Regen Potion"},{"floor":16,"key":"Strength Potion"}],"is_trial":false,"path_per_floor":["M","?","M","?","$","E","R","E","T","R","E","M","$","M","R","B",null,"M"],"character_chosen":"WATCHER","items_purchased":["Tantrum","EmptyBody","Adaptation","FollowUp"],"campfire_rested":1,"item_purchase_floors":[5,5,13,13],"current_hp_per_floor":[72,72,72,72,72,72,72,58,58,58,47,47,47,47,68,28,72,49,49],"gold":140,"neow_bonus":"THREE_ENEMY_KILL","is_daily":false,"chose_seed":false,"campfire_upgraded":2,"win_rate":0.0,"timestamp":1613528268,"path_taken":["M","?","?","?","$","E","R","E","T","R","E","M","$","?","R","BOSS","M"],"items_purchased_type":["Card","Card","Card","Card"],"build_version":"2020-12-22","purchased_purges":0,"victory":false,"max_hp_per_floor":[72,72,72,72,72,72,72,72,72,72,72,72,72,72,72,72,72,72,72],"card_choices":[{"not_picked":["ReachHeaven","Pray"],"picked":"TalkToTheHand","floor":1},{"not_picked":["Conclude","WreathOfFlame"],"picked":"SashWhip","floor":3},{"not_picked":["Wallop","ClearTheMind"],"picked":"ThirdEye","floor":6},{"not_picked":["SashWhip","ClearTheMind"],"picked":"CutThroughFate","floor":8},{"not_picked":["Weave","ClearTheMind"],"picked":"FlurryOfBlows","floor":11},{"not_picked":["EmptyMind","Crescendo"],"picked":"CrushJoints","floor":12},{"not_picked":["Consecrate","Collect","CrushJoints"],"picked":"SKIP","floor":14},{"not_picked":["Blasphemy","LessonLearned"],"picked":"Brilliance","floor":16}],"player_experience":222997,"relics_obtained":[{"floor":6,"key":"Toy Ornithopter"},{"floor":8,"key":"Omamori"},{"floor":11,"key":"Peace Pipe"}],"event_choices":[{"cards_removed":["Strike_P"],"damage_healed":0,"gold_gain":0,"player_choice":"Offered Basic","damage_taken":0,"max_hp_gain":0,"max_hp_loss":0,"event_name":"Bonfire Elementals","floor":2,"gold_loss":0},{"damage_healed":0,"gold_gain":0,"player_choice":"0 cards matched","damage_taken":0,"max_hp_gain":0,"max_hp_loss":0,"event_name":"Match and Keep!","floor":4,"gold_loss":0,"cards_obtained":[]}],"is_beta":false,"boss_relics":[{"not_picked":["Runic Pyramid","Snecko Eye"],"picked":"VioletLotus"}],"items_purged_floors":[],"is_endless":false,"potions_floor_spawned":[1,11,12,16],"killed_by":"Shell Parasite","ascension_level":4}}