{"host":"mo324zvkdr1xwprd","time":1613564496,"event":{"mods":["A Penny For Your Troubles","BaseMod","Better Note","Better Third Choice","BetterRewards","Hermit","Highlight Path","Hubris","Minty Spire (QoL Compilation)","Quick Restart","Rare Cards Sparkle","Shop Mod","StSLib","The Cursed","The Hierophant","The Servant 0.9.4","Transform Curses"],"gold_per_floor":[111,123,134,144,161,193,193,203,203,234,249,264,264,264,264,368,368,384,11,11,11,26,60,60,71,71,82,109,109,139,152,152,257,257,275,321,321,371,387,420,420,440,440,440,457,490,490,19,19,20,20,20,20,46,46,46],"floor_reached":55,"language":"ENG","playtime":5983,"items_purged":["Shockwave+1"],"score":1571,"play_id":"1d92c353-685e-4481-a26e-9395788ec684","local_time":"20210217122136","is_ascension_mode":true,"campfire_choices":[{"floor":7.0,"key":"REST"},{"floor":13.0,"key":"REST"},{"floor":15.0,"key":"REST"},{"data":"hubris:StunningStrike","floor":24.0,"key":"SMITH"},{"floor":29.0,"key":"REST"},{"floor":32.0,"key":"REST"},{"floor":41.0,"key":"REST"},{"floor":44.0,"key":"REST"},{"floor":49.0,"key":"RECALL"},{"floor":52.0,"key":"REST"}],"circlet_count":0,"master_deck":["AscendersBane","Shockwave+1","Strike_R+1","Strike_R+1","Strike_R+1","Strike_R+1","Defend_R+1","Defend_R+1","Defend_R+1","Defend_R+1","Bash","hubris:StunningStrike+1","Clothesline","Dropkick","Thunderclap","Thunderclap","Sword Boomerang","Wild Strike","Anger","Intimidate","Pommel Strike","Anger","Impervious","Wild Strike","Iron Wave","Shrug It Off","Flex","Flex","Headbutt","Heavy Blade","hubris:ReadiedAction+1","Flame Barrier","True Grit","Demon Form","Intimidate+1","Wild Strike+1","Perfected Strike","Sword Boomerang+1","Shrug It Off+1","Exhume","Parasite","Rampage+1","hubris:ReadiedAction+1","Inflame","Sword Boomerang+1","Thunderclap+1","Writhe","Ghostly Armor","Havoc","Sword Boomerang"],"relics":["Burning Blood","hubris:Spice","Frozen Eye","Lizard Tail","Juzu Bracelet","hubris:64BitClover","hubris:OldNail","Mark of Pain","hubris:CuriousFeather","hubris:PeanutButter","Gremlin Horn","Strawberry","Ancient Tea Set","Boot","Peace Pipe","hubris:Towel","Prayer Wheel","Pen Nib","Pear","Ornamental Fan","Red Skull","hubris:DeckOfHolding"],"acts_visited":["Exordium","TheCity","TheBeyond","TheEnding"],"potions_floor_usage":[],"damage_taken":[{"damage":0.0,"enemies":"Cultist","floor":1.0,"turns":4.0},{"damage":1.0,"enemies":"Small Slimes","floor":2.0,"turns":4.0},{"damage":4.0,"enemies":"2 Louse","floor":3.0,"turns":3.0},{"damage":5.0,"enemies":"Blue Slaver","floor":4.0,"turns":4.0},{"damage":6.0,"enemies":"Large Slime","floor":5.0,"turns":5.0},{"damage":62.0,"enemies":"Lagavulin","floor":6.0,"turns":10.0},{"damage":1.0,"enemies":"2 Fungi Beasts","floor":8.0,"turns":4.0},{"damage":14.0,"enemies":"3 Sentries","floor":10.0,"turns":5.0},{"damage":22.0,"enemies":"3 Louse","floor":11.0,"turns":3.0},{"damage":20.0,"enemies":"Exordium Thugs","floor":12.0,"turns":3.0},{"damage":27.0,"enemies":"Slime Boss","floor":16.0,"turns":8.0},{"damage":0.0,"enemies":"Chosen","floor":18.0,"turns":4.0},{"damage":9.0,"enemies":"Spheric Guardian","floor":22.0,"turns":5.0},{"damage":11.0,"enemies":"Slavers","floor":23.0,"turns":8.0},{"damage":0.0,"enemies":"Centurion and Healer","floor":25.0,"turns":4.0},{"damage":6.0,"enemies":"3 Cultists","floor":27.0,"turns":6.0},{"damage":34.0,"enemies":"Book of Stabbing","floor":28.0,"turns":7.0},{"damage":10.0,"enemies":"Slavers","floor":30.0,"turns":6.0},{"damage":9.0,"enemies":"Snake Plant","floor":31.0,"turns":3.0},{"damage":37.0,"enemies":"Champ","floor":33.0,"turns":12.0},{"damage":18.0,"enemies":"3 Darklings","floor":35.0,"turns":4.0},{"damage":60.0,"enemies":"2 Orb Walkers","floor":36.0,"turns":8.0},{"damage":0.0,"enemies":"Mind Bloom Boss Battle","floor":38.0,"turns":10.0},{"damage":0.0,"enemies":"Orb Walker","floor":39.0,"turns":2.0},{"damage":76.0,"enemies":"Giant Head","floor":40.0,"turns":9.0},{"damage":28.0,"enemies":"Writhing Mass","floor":42.0,"turns":8.0},{"damage":30.0,"enemies":"Transient","floor":45.0,"turns":5.0},{"damage":16.0,"enemies":"Nemesis","floor":46.0,"turns":6.0},{"damage":53.0,"enemies":"Time Eater","floor":50.0,"turns":10.0},{"damage":96,"enemies":"Shield and Spear","floor":54,"turns":8},{"damage":56,"enemies":"The Heart","floor":55,"turns":6}],"seed_played":"7467967654496322134","potions_obtained":[{"floor":1.0,"key":"AttackPotion"},{"floor":3.0,"key":"Energy Potion"},{"floor":8.0,"key":"ColorlessPotion"},{"floor":10.0,"key":"Weak Potion"},{"floor":11.0,"key":"BlessingOfTheForge"},{"floor":16.0,"key":"SkillPotion"},{"floor":23.0,"key":"Weak Potion"},{"floor":27.0,"key":"Weak Potion"},{"floor":30.0,"key":"EntropicBrew"},{"floor":38.0,"key":"Block Potion"},{"floor":40.0,"key":"LiquidBronze"},{"floor":46.0,"key":"ElixirPotion"}],"is_trial":false,"path_per_floor":["M","M","M","M","M","E","R","M","T","E","M","M","R","?","R","B",null,"M","$","?","?","M","E","R","M","T","M","E","R","E","M","R","B",null,"M","?","?","?","M","E","R","M","T","R","M","E","?","$","R","B",null,"R","$","E","B"],"character_chosen":"IRONCLAD","items_purchased":["Frozen Eye","Twin Strike","hubris:CuriousFeather","Iron Wave","Shrug It Off","FairyPotion","Ornamental Fan","Ghostly Armor","Havoc"],"campfire_rested":8,"item_purchase_floors":[0,0,19,19,19,48,48,48,48],"current_hp_per_floor":[62,67,69,70,70,14,40,45,45,37,21,7,33,33,59,38,76,82,82,82,82,79,74,74,80,80,87,59,87,83,80,95,64,95,83,29,29,35,41,51,81,59,69,102,78,68,94,94,94,47,91,105,105,15,0,0],"gold":46,"neow_bonus":"","is_daily":false,"chose_seed":false,"campfire_upgraded":1,"win_rate":0.0,"timestamp":1613564496,"path_taken":["M","M","M","M","M","E","R","M","T","E","M","M","R","?","R","BOSS","M","$","?","?","M","E","R","M","T","M","E","R","E","M","R","BOSS","M","?","?","?","M","E","R","M","T","R","M","E","?","$","R","BOSS","R","$","E","BOSS"],"items_purchased_type":["Relic","Card","Relic","Card","Card","Potion","Relic","Card","Card"],"build_version":"2020-12-22","purchased_purges":1,"victory":false,"max_hp_per_floor":[88,88,88,88,88,88,88,88,88,88,88,88,88,88,88,88,88,88,88,88,88,88,88,88,88,88,95,95,95,95,95,95,95,103,103,103,103,103,103,103,103,103,113,113,113,105,105,105,105,105,105,105,105,105,105,105],"card_choices":[{"not_picked":["Shockwave","Entrench"],"picked":"Clothesline","floor":1.0},{"not_picked":["Body Slam","Heavy Blade"],"picked":"Dropkick","floor":2.0},{"not_picked":["Dropkick","Whirlwind"],"picked":"Thunderclap","floor":3.0},{"not_picked":["Body Slam","Combust"],"picked":"Thunderclap","floor":4.0},{"not_picked":["Rupture","Twin Strike"],"picked":"Sword Boomerang","floor":5.0},{"not_picked":["Burning Pact","Second Wind"],"picked":"Wild Strike","floor":6.0},{"not_picked":["Reaper","Headbutt"],"picked":"Anger","floor":8.0},{"not_picked":["Body Slam","Dual Wield"],"picked":"Intimidate","floor":10.0},{"not_picked":["hubris:ReadiedAction","Anger"],"picked":"Pommel Strike","floor":11.0},{"not_picked":["hubris:ReadiedAction","Rupture"],"picked":"Anger","floor":12.0},{"not_picked":["Immolate","Limit Break"],"picked":"Impervious","floor":16.0},{"not_picked":["Warcry","Clothesline"],"picked":"Wild Strike","floor":18.0},{"not_picked":["Thunderclap","Cleave"],"picked":"Flex","floor":22.0},{"not_picked":["Dropkick","Feel No Pain"],"picked":"Flex","floor":23.0},{"not_picked":["Bloodletting","Body Slam"],"picked":"Headbutt","floor":25.0},{"not_picked":["Clash+1","Havoc+1"],"picked":"Heavy Blade","floor":27.0},{"not_picked":["Dark Embrace+1","Fiend Fire"],"picked":"hubris:ReadiedAction+1","floor":28.0},{"not_picked":["Pummel","Burning Pact"],"picked":"Flame Barrier","floor":30.0},{"not_picked":["Warcry","Searing Blow"],"picked":"True Grit","floor":31.0},{"not_picked":["Immolate","Barricade"],"picked":"Demon Form","floor":33.0},{"not_picked":["Dual Wield","Clothesline"],"picked":"Intimidate+1","floor":35.0},{"not_picked":["Thunderclap+1","Headbutt"],"picked":"Wild Strike+1","floor":36.0},{"not_picked":["Anger","Body Slam+1"],"picked":"Perfected Strike","floor":38.0},{"not_picked":["Havoc","Pommel Strike"],"picked":"Sword Boomerang+1","floor":39.0},{"not_picked":["Entrench","Combust+1"],"picked":"Shrug It Off+1","floor":39.0},{"not_picked":["True Grit+1","Headbutt+1"],"picked":"Exhume","floor":40.0},{"not_picked":["hubris:SpiceAddiction","hubris:SharpeningStone"],"picked":"Rampage+1","floor":42.0},{"not_picked":["Clash","Iron Wave+1"],"picked":"hubris:ReadiedAction+1","floor":42.0},{"not_picked":["Clash+1","Flex+1"],"picked":"Inflame","floor":45.0},{"not_picked":["Twin Strike","Combust+1"],"picked":"Sword Boomerang+1","floor":45.0},{"not_picked":["Entrench","Clothesline"],"picked":"Thunderclap+1","floor":46.0},{"not_picked":["Sentinel","Fire Breathing+1"],"picked":"Sword Boomerang","floor":54}],"player_experience":721219,"relics_obtained":[{"floor":6.0,"key":"Lizard Tail"},{"floor":9.0,"key":"Juzu Bracelet"},{"floor":10.0,"key":"hubris:64BitClover"},{"floor":23.0,"key":"Gremlin Horn"},{"floor":27.0,"key":"Strawberry"},{"floor":28.0,"key":"Ancient Tea Set"},{"floor":30.0,"key":"Boot"},{"floor":36.0,"key":"Peace Pipe"},{"floor":38.0,"key":"Prayer Wheel"},{"floor":40.0,"key":"Pen Nib"},{"floor":43.0,"key":"Pear"},{"floor":46.0,"key":"hubris:Spice"},{"floor":50.0,"key":"Red Skull"},{"floor":54,"key":"hubris:DeckOfHolding"}],"event_choices":[{"cards_removed":["Twin Strike"],"damage_healed":0.0,"max_hp_gain":0.0,"max_hp_loss":0.0,"gold_gain":0.0,"event_name":"WeMeetAgain","player_choice":"Gave Card","floor":14.0,"gold_loss":0.0,"damage_taken":0.0,"relics_obtained":["hubris:OldNail"]},{"damage_healed":0.0,"max_hp_gain":0.0,"max_hp_loss":8.0,"gold_gain":0.0,"event_name":"betterThird:BetterWriting","player_choice":"Simplicity","floor":20.0,"gold_loss":0.0,"damage_taken":0.0},{"damage_healed":0.0,"max_hp_gain":0.0,"max_hp_loss":0.0,"gold_gain":0.0,"event_name":"The Mausoleum","player_choice":"Opened","floor":21.0,"gold_loss":0.0,"damage_taken":0.0,"relics_obtained":["hubris:PeanutButter"]},{"damage_healed":0.0,"max_hp_gain":0.0,"max_hp_loss":0.0,"gold_gain":0.0,"event_name":"Mysterious Sphere","player_choice":"Fight","floor":36.0,"gold_loss":0.0,"damage_taken":0.0},{"damage_healed":0.0,"max_hp_gain":0.0,"max_hp_loss":0.0,"gold_gain":0.0,"event_name":"MindBloom","player_choice":"Fight","floor":38.0,"gold_loss":0.0,"damage_taken":0.0},{"damage_healed":26.0,"max_hp_gain":0.0,"max_hp_loss":0.0,"gold_gain":0.0,"event_name":"Winding Halls","player_choice":"Writhe","floor":47.0,"gold_loss":0.0,"damage_taken":0.0,"cards_obtained":["Writhe"]}],"is_beta":false,"boss_relics":[{"not_picked":["Busted Crown","hubris:GrandSneckoEye"],"picked":"Mark of Pain"},{"not_picked":["hubris:VirtuousBlindfold","Pandora\u0027s Box"],"picked":"hubris:Spice"}],"items_purged_floors":[0],"is_endless":false,"potions_floor_spawned":[1,3,8,10,11,16,23,27,30,31,38,40,46],"killed_by":"The Heart","ascension_level":11}}