{"host":"ffqn1azj9urswy62","time":1613571265,"event":{"mods":["BaseMod","Better Third Choice","Conspire","Googly Eyes","Hubris","Minty Spire (QoL Compilation)","Replay The Spire","StSLib","Wandering Minibosses","slay the spire mod where everything is the same but ironclad has a cowboy hat"],"gold_per_floor":[117,117,135,54,67,67,97,114,138,11,38,50,76,106,118,130,130],"floor_reached":16,"language":"ENG","playtime":750,"items_purged":["Strike_B"],"score":129,"play_id":"9b8dc63f-8353-4dbd-abe5-fde3c49f54b9","local_time":"20210217091424","is_ascension_mode":true,"campfire_choices":[{"data":"Loop","floor":6,"key":"SMITH"},{"floor":15,"key":"REST"}],"circlet_count":0,"master_deck":["Strike_B","Strike_B","Defend_B","Defend_B","Defend_B","Defend_B","Zap","Dualcast","Compile Driver","Capacitor","Loop+1","Ball Lightning","ReplayTheSpireMod:Calculation Training+1","Capacitor","Reboot"],"relics":["Cracked Core","NeowsBlessing","Replay:Ringing Soul","Omamori","MawBank"],"acts_visited":["Exordium"],"potions_floor_usage":[7,7,7,16],"damage_taken":[{"damage":0,"enemies":"Jaw Worm","floor":1,"turns":1},{"damage":0,"enemies":"Cultist","floor":3,"turns":1},{"damage":0,"enemies":"2 Louse","floor":5,"turns":1},{"damage":42,"enemies":"3 Sentries","floor":7,"turns":5},{"damage":4,"enemies":"Red Slaver","floor":8,"turns":4},{"damage":26,"enemies":"Gremlin Nob","floor":11,"turns":4},{"damage":13,"enemies":"2 Fungi Beasts","floor":13,"turns":4},{"damage":13,"enemies":"Lots of Slimes","floor":14,"turns":3},{"damage":43,"enemies":"Hexaghost","floor":16,"turns":9}],"seed_played":"-71501202070454315","potions_obtained":[{"floor":2,"key":"SmokeBomb"},{"floor":2,"key":"Death Potion"},{"floor":2,"key":"EntropicBrew"},{"floor":7,"key":"Reflective Coating"},{"floor":13,"key":"Toxic Potion"}],"is_trial":false,"path_per_floor":["M","?","M","$","M","R","E","M","T","$","E","?","M","M","R","B"],"character_chosen":"DEFECT","items_purchased":["Capacitor","ReplayTheSpireMod:Calculation Training+1"],"campfire_rested":1,"item_purchase_floors":[4,10],"current_hp_per_floor":[75,75,75,75,75,75,36,32,32,35,12,12,24,14,40,0,0],"gold":130,"neow_bonus":"THREE_ENEMY_KILL","is_daily":false,"chose_seed":false,"campfire_upgraded":1,"win_rate":0.0,"timestamp":1613571264,"path_taken":["M","?","M","$","?","R","E","M","T","$","E","?","M","M","R","BOSS"],"items_purchased_type":["Card","Card"],"build_version":"2020-12-22","purchased_purges":1,"victory":false,"max_hp_per_floor":[75,75,75,75,75,75,78,78,78,81,84,84,84,87,87,87,87],"card_choices":[{"not_picked":["Melter","Barrage"],"picked":"Compile Driver","floor":1},{"not_picked":["Skim","Ball Lightning","Panic Button"],"picked":"SKIP","floor":3},{"not_picked":["Redo","Barrage"],"picked":"Loop","floor":5},{"not_picked":["Aggregate","Panic Button"],"picked":"Ball Lightning","floor":7},{"not_picked":["Panic Button","Turbo","Go for the Eyes"],"picked":"SKIP","floor":8},{"not_picked":["Compile Driver","Stack"],"picked":"Capacitor","floor":11},{"not_picked":["Sweeping Beam","Streamline","Go for the Eyes"],"picked":"SKIP","floor":13},{"not_picked":["Beam Cell","Hello World"],"picked":"Reboot","floor":14}],"player_experience":680204,"relics_obtained":[{"floor":7,"key":"Replay:Ringing Soul"},{"floor":9,"key":"Omamori"},{"floor":11,"key":"MawBank"}],"event_choices":[{"damage_healed":0,"gold_gain":0,"player_choice":"Got Potions","damage_taken":0,"max_hp_gain":0,"max_hp_loss":0,"event_name":"Lab","floor":2,"gold_loss":0},{"cards_removed":["Strike_B"],"damage_healed":0,"gold_gain":0,"player_choice":"Offered Basic","damage_taken":0,"max_hp_gain":0,"max_hp_loss":0,"event_name":"Bonfire Elementals","floor":12,"gold_loss":0}],"is_beta":false,"boss_relics":[],"items_purged_floors":[10],"is_endless":false,"potions_floor_spawned":[5,7,13,14],"killed_by":"Hexaghost","ascension_level":3}}