{"host":"wq0pzln9h9r005f2","time":1613589796,"event":{"mods":["AchievementEnabler","BaseMod","BetterRewards","Googly Eyes","Highlight Path","Minty Spire (QoL Compilation)","Permanent Neow","Quick Restart","Rare Cards Sparkle","Relic Stats","StSLib","SuperFastMode","The Hierophant","The IronCluck","egg"],"gold_per_floor":[363,363,374,145,160,160,188,204,204,161,161,172,197,48,48,124,124,142,142,142,106,106,137,137,137,137],"floor_reached":25,"language":"ENG","playtime":447,"items_purged":["Decay","Defend_R"],"score":386,"play_id":"a0dc2689-681a-40d0-b060-6a8c3bd850e4","local_time":"20210217122316","is_ascension_mode":true,"campfire_choices":[{"data":"Perfected Strike","floor":6,"key":"SMITH"},{"data":"Perfected Strike","floor":11,"key":"SMITH"},{"floor":15,"key":"REST"},{"data":"Limit Break","floor":24,"key":"SMITH"}],"circlet_count":0,"master_deck":["AscendersBane","Strike_R","Strike_R","Strike_R","Strike_R","Strike_R","Defend_R","Defend_R","Defend_R","Bash","Armaments","Perfected Strike+1","Wild Strike","Perfected Strike+1","Heavy Blade","Limit Break+1","Flame Barrier","Twin Strike"],"relics":["Burning Blood","Brimstone","Oddly Smooth Stone","Boot","Darkstone Periapt","Snecko Eye","Singing Bowl"],"acts_visited":["Exordium","TheCity"],"potions_floor_usage":[13,16,25],"damage_taken":[{"damage":10,"enemies":"2 Louse","floor":1,"turns":3},{"damage":11,"enemies":"Jaw Worm","floor":3,"turns":4},{"damage":0,"enemies":"Small Slimes","floor":5,"turns":2},{"damage":36,"enemies":"Gremlin Nob","floor":7,"turns":4},{"damage":14,"enemies":"Blue Slaver","floor":8,"turns":2},{"damage":8,"enemies":"2 Fungi Beasts","floor":12,"turns":3},{"damage":8,"enemies":"3 Sentries","floor":13,"turns":5},{"damage":13,"enemies":"Slime Boss","floor":16,"turns":5},{"damage":0,"enemies":"Spheric Guardian","floor":18,"turns":1},{"damage":12,"enemies":"Gremlin Leader","floor":23,"turns":4},{"damage":53,"enemies":"Slavers","floor":25,"turns":3}],"seed_played":"-6847520129168880154","potions_obtained":[{"floor":12,"key":"DistilledChaos"},{"floor":16,"key":"SteroidPotion"}],"is_trial":false,"path_per_floor":["M","?","M","$","M","R","E","M","T","?","R","M","E","$","R","B",null,"M","$","?","$","?","E","R","E"],"character_chosen":"IRONCLAD","items_purchased":["Brimstone","PowerPotion","Flame Barrier"],"campfire_rested":1,"item_purchase_floors":[4,14,21],"current_hp_per_floor":[64,64,59,59,65,65,35,27,27,27,27,25,23,23,45,38,66,72,72,58,58,58,52,52,0,0],"gold":137,"neow_bonus":"TWO_FIFTY_GOLD","is_daily":false,"chose_seed":false,"campfire_upgraded":3,"win_rate":0.0,"timestamp":1613589796,"path_taken":["M","?","M","$","M","R","E","M","T","?","R","M","E","$","R","BOSS","M","$","?","$","?","E","R","E"],"items_purchased_type":["Relic","Potion","Card"],"build_version":"2020-12-22","purchased_purges":2,"victory":false,"max_hp_per_floor":[75,75,75,75,75,75,75,75,75,75,75,75,75,75,75,75,75,75,75,80,80,80,80,80,80,80],"relic_stats":{"Darkstone Periapt":0,"Singing Bowl":0,"counters":[11,36],"Snecko Eye":[16,12,12,12],"Boot":[0],"obtain_stats":[{"Darkstone Periapt":13,"Singing Bowl":23,"Brimstone":4,"Oddly Smooth Stone":7,"Snecko Eye":17,"Boot":9,"Burning Blood":0},{"Darkstone Periapt":7,"Singing Bowl":10,"Brimstone":2,"Oddly Smooth Stone":4,"Snecko Eye":8,"Boot":5,"Burning Blood":0},{"Darkstone Periapt":23,"Singing Bowl":33,"Brimstone":7,"Oddly Smooth Stone":13,"Snecko Eye":28,"Boot":15,"Burning Blood":0}],"Burning Blood":60},"card_choices":[{"not_picked":["Reckless Charge","Disarm"],"picked":"Armaments","floor":1},{"not_picked":["Twin Strike","Wild Strike"],"picked":"Perfected Strike","floor":3},{"not_picked":["Clothesline","Clash"],"picked":"Wild Strike","floor":5},{"not_picked":["Combust","Armaments"],"picked":"Perfected Strike","floor":7},{"not_picked":["Heavy Blade","Combust","Anger"],"picked":"SKIP","floor":8},{"not_picked":["Burning Pact","Dual Wield","Flex"],"picked":"SKIP","floor":12},{"not_picked":["Clothesline","Bludgeon"],"picked":"Heavy Blade","floor":13},{"not_picked":["Demon Form","Corruption"],"picked":"Limit Break","floor":16},{"not_picked":["Anger","Armaments","Second Wind"],"picked":"SKIP","floor":18},{"not_picked":["Cleave+1","Intimidate+1"],"picked":"Twin Strike","floor":23}],"player_experience":118204,"relics_obtained":[{"floor":7,"key":"Oddly Smooth Stone"},{"floor":9,"key":"Boot"},{"floor":13,"key":"Darkstone Periapt"},{"floor":23,"key":"Singing Bowl"}],"event_choices":[{"damage_healed":0,"gold_gain":0,"player_choice":"Ignored","damage_taken":0,"max_hp_gain":0,"max_hp_loss":0,"event_name":"Shining Light","floor":2,"gold_loss":0},{"damage_healed":0,"gold_gain":0,"player_choice":"Left Gold","damage_taken":0,"max_hp_gain":0,"max_hp_loss":0,"event_name":"World of Goop","floor":10,"gold_loss":43},{"damage_healed":0,"gold_gain":0,"player_choice":"Shed Blood","damage_taken":19,"max_hp_gain":5,"max_hp_loss":0,"event_name":"Forgotten Altar","floor":20,"gold_loss":0},{"damage_healed":0,"gold_gain":0,"player_choice":"Ignored","damage_taken":0,"max_hp_gain":0,"max_hp_loss":0,"event_name":"Ghosts","floor":22,"gold_loss":0}],"is_beta":false,"boss_relics":[{"not_picked":["SlaversCollar","Calling Bell"],"picked":"Snecko Eye"}],"items_purged_floors":[4,14],"is_endless":false,"potions_floor_spawned":[12,16],"killed_by":"Slavers","ascension_level":14}}