{"host":"mm0v83pkg2fvsdgl","time":1613539513,"event":{"mods":["2.2 Compatiblity","Alarm Clock","AlwaysNeverKeys","BaseMod","Beaked The Cultist","Bestiary","Better Altar","Better Match","Better Note","Better Sensory Stone","Better Silent Start","Better Third Choice","Clawfect","Displayed Cursed Tome","Energized Spire","Friendly Minions","Highlight Path","Ironclad Rager","Keyboard Shortcuts","Lotus Mark","Marisa????????","Marked Mod","Mimic Mod","Minty Spire (QoL Compilation)","Permanent Neow","Railgun Mod","Remove Card Discount Mod","Shade Mod","Somnambulant","Spicy Shops","StSLib","Swap Starting Deck Mod","The Construct","The Disciple","The Dragon Tamer","TheHeartMod","TheVacant","Transform Curses","Unceasing Turn Reminder","Wandering Minibosses"],"gold_per_floor":[114,129,129,129,144,159,174,174,174,14,14,44,119,59,59,159,159,174,189,288,321,81,111,111,126,126,126,126,156,911,871,871,971,971,986,70,85,11,11,11],"floor_reached":41,"language":"ENG","playtime":1965,"items_purged":["Strike_R","Strike_G","Eruption","Strike_B+1","Defend_R","Defend_G"],"score":952,"play_id":"be824b79-3abf-4e80-a4e2-dc666610d6f3","local_time":"20210217002513","daily_mods":["Chimera","Colorless Cards","Terminal"],"is_ascension_mode":false,"campfire_choices":[{"data":"theHeart:ArterialFlow","floor":11,"key":"SMITH"},{"data":"theHeart:ArterialFlow","floor":15,"key":"SMITH"},{"data":"Survivor","floor":24,"key":"SMITH"},{"data":"Zap","floor":27,"key":"SMITH"},{"data":"Bash","floor":32,"key":"SMITH"}],"circlet_count":0,"master_deck":["Bash+1","Survivor+1","Zap+1","Defend_P+1","Madness+1","theHeart:ArterialFlow+1","theHeart:ArterialFlow+1","theHeart:SpireGrowth+1","TheRailgun:Level_6+1","Sadistic Nature+1","Panache+1","theHeart:QuantumEntanglement+1","theHeart:Coagulation+1","theHeart:BloodTransfusion+1","theHeart:FattyMembrane","theHeart:PainfulStabs+1","theHeart:Hemorrhage+1","theHeart:AncientEvil+1","theHeart:Buff","theHeart:SpireGrowth+1","theHeart:PainfulStabs+1","Good Instincts+1","Panacea","Doubt","theHeart:BloodTransfusion+1"],"relics":["theHeart:BeatOfDeath","Du-Vu Doll","Frozen Egg 2","Lantern","MealTicket","The Courier","HandDrill","energizedSpire:MagnifyingGlass","Ornamental Fan","Membership Card","Medical Kit","Happy Flower","War Paint","construct:FoamFinger","Meat on the Bone","theHeart:SpireCore","wanderingMiniBosses:MasterThiefsPresence","theHeart:MarkOfTheSpire","Gremlin Horn","theHeart:RunicPlate","Orrery","Juzu Bracelet","Gambling Chip","beaked:ShinyBauble","Blue Candle","Bronze Scales","Bottled Flame","Bag of Preparation","Bird Faced Urn","Akabeko"],"acts_visited":["Exordium","TheCity","TheBeyond"],"potions_floor_usage":[],"damage_taken":[{"damage":8.0,"enemies":"2 Louse","floor":1.0,"turns":3.0},{"damage":0.0,"enemies":"Small Slimes","floor":2.0,"turns":3.0},{"damage":0,"enemies":"Cultist","floor":5,"turns":2},{"damage":0,"enemies":"Looter","floor":6,"turns":3},{"damage":4,"enemies":"2 Fungi Beasts","floor":7,"turns":3},{"damage":0,"enemies":"3 Sentries","floor":12,"turns":5},{"damage":0,"enemies":"Hexaghost","floor":16,"turns":7},{"damage":0,"enemies":"3 Byrds","floor":18,"turns":3},{"damage":0,"enemies":"Spheric Guardian","floor":19,"turns":2},{"damage":0,"enemies":"Centurion and Healer","floor":21,"turns":3},{"damage":5,"enemies":"Slavers","floor":23,"turns":3},{"damage":0,"enemies":"Centurion and Healer","floor":25,"turns":2},{"damage":0,"enemies":"Book of Stabbing","floor":29,"turns":3},{"damage":0,"enemies":"Snecko","floor":30,"turns":5},{"damage":0,"enemies":"Automaton","floor":33,"turns":4},{"damage":0,"enemies":"3 Shapes","floor":35,"turns":2},{"damage":0,"enemies":"3 Darklings","floor":37,"turns":2},{"damage":1,"enemies":"Donu and Deca","floor":40,"turns":4}],"seed_played":"6706742764168558924","potions_obtained":[{"floor":1.0,"key":"EssenceOfSteel"},{"floor":2.0,"key":"FearPotion"},{"floor":12,"key":"SpeedPotion"},{"floor":19,"key":"Strength Potion"},{"floor":33,"key":"FairyPotion"}],"is_trial":false,"path_per_floor":["M","M","?","?","M","M","M","?","T","$","R","E","T","$","R","B",null,"M","M","?","MIM","$","E","R","M","T","R","?","E","M","?","R","B",null,"M","$","M","$","?","B",null],"character_chosen":"THE_HEART","items_purchased":["Lantern","HandDrill","Membership Card","Medical Kit","Happy Flower","War Paint","Gremlin Horn","theHeart:RunicPlate","Orrery","Juzu Bracelet","Gambling Chip","beaked:ShinyBauble","Blue Candle","Bronze Scales","Bottled Flame","Bag of Preparation","Bird Faced Urn","theHeart:BloodTransfusion+1","Akabeko"],"campfire_rested":0,"item_purchase_floors":[10,14,22,22,22,22,36,36,36,36,36,36,36,36,36,36,36,38,38],"current_hp_per_floor":[66,66,52,52,52,52,48,48,48,48,48,60,60,60,59,58,57,56,55,54,53,52,47,47,49,48,47,46,45,44,43,42,41,40,39,38,37,36,35,34],"gold":11,"neow_bonus":"","is_daily":true,"chose_seed":false,"campfire_upgraded":5,"win_rate":0.0,"timestamp":1613539513,"path_taken":["M","M","?","?","M","M","?","?","T","$","R","E","?","?","R","BOSS","M","M","?","?","$","E","R","M","T","R","?","E","M","?","R","BOSS","M","?","M","$","?","BOSS"],"items_purchased_type":["Relic","Relic","Relic","Relic","Relic","Relic","Relic","Relic","Relic","Relic","Relic","Relic","Relic","Relic","Relic","Relic","Relic","Card","Relic"],"build_version":"2020-12-22","purchased_purges":6,"victory":true,"max_hp_per_floor":[73,72,71,70,69,68,67,66,65,64,63,62,61,60,59,58,57,56,55,54,53,52,51,50,49,48,47,46,45,44,43,42,41,40,39,38,37,36,35,34],"card_choices":[{"not_picked":["Discovery","theHeart:TranquilRhythm"],"picked":"Madness","floor":1.0},{"not_picked":["theHeart:CapillaryExchange","theHeart:PainfulStabs"],"picked":"theHeart:ArterialFlow","floor":2.0},{"not_picked":["theHeart:PainfulStabs","theHeart:Toil","theHeart:TranquilRhythm"],"picked":"SKIP","floor":5},{"not_picked":["theHeart:HeartBurn","theHeart:Arrhythmia"],"picked":"theHeart:ArterialFlow","floor":6},{"not_picked":["theHeart:Betablocker","theHeart:Crush"],"picked":"theHeart:SpireGrowth","floor":7},{"not_picked":["theHeart:Constrict","theHeart:Embolism"],"picked":"Sadistic Nature+1","floor":12},{"not_picked":["Chrysalis","Thinking Ahead"],"picked":"Panache+1","floor":16},{"not_picked":["theHeart:Cleanse","theHeart:BloodClots+1"],"picked":"theHeart:QuantumEntanglement+1","floor":18},{"not_picked":["Mind Blast","theHeart:Cleanse"],"picked":"theHeart:Coagulation","floor":19},{"not_picked":["Enlightenment","theHeart:Betablocker"],"picked":"theHeart:BloodTransfusion+1","floor":21},{"not_picked":["theHeart:PainfulStabs","theHeart:Crush"],"picked":"theHeart:FattyMembrane","floor":23},{"not_picked":["theHeart:TranquilRhythm","theHeart:Tachycardia+1","theHeart:TentacleWhip+1"],"picked":"SKIP","floor":25},{"not_picked":["theHeart:Heartbeat+1","theHeart:Antibiotics"],"picked":"theHeart:Hemorrhage+1","floor":29},{"not_picked":["Bandage Up","theHeart:BloodTransfusion+1"],"picked":"theHeart:AncientEvil+1","floor":30},{"not_picked":["theHeart:TotalHeartFailure","theHeart:BloodRitual"],"picked":"theHeart:Buff","floor":33},{"not_picked":["Forethought","theHeart:Devour+1"],"picked":"theHeart:SpireGrowth+1","floor":35},{"not_picked":["Impatience+1","theHeart:BloodTransfusion+1"],"picked":"theHeart:PainfulStabs+1","floor":36},{"not_picked":["theHeart:Crush","theHeart:Buff"],"picked":"Good Instincts+1","floor":36},{"not_picked":["theHeart:TranquilRhythm","theHeart:ElementalCharge"],"picked":"Panacea","floor":36},{"not_picked":["theHeart:ArterialFlow","theHeart:BloodFlow","theHeart:MindScape"],"picked":"SKIP","floor":37}],"player_experience":665374,"relics_obtained":[{"floor":4.0,"key":"Du-Vu Doll"},{"floor":9,"key":"Frozen Egg 2"},{"floor":12,"key":"MealTicket"},{"floor":13,"key":"The Courier"},{"floor":21,"key":"Ornamental Fan"},{"floor":23,"key":"construct:FoamFinger"},{"floor":26,"key":"Meat on the Bone"},{"floor":29,"key":"theHeart:SpireCore"},{"floor":30,"key":"wanderingMiniBosses:MasterThiefsPresence"}],"event_choices":[{"damage_healed":66.0,"max_hp_gain":0.0,"max_hp_loss":72.0,"gold_gain":0.0,"event_name":"betterThird:BetterShining","player_choice":"Upgrade","floor":3.0,"gold_loss":0.0,"damage_taken":14.0,"cards_upgraded":["Strike_B","Madness"]},{"damage_healed":0.0,"max_hp_gain":0.0,"max_hp_loss":0.0,"gold_gain":0.0,"event_name":"Wheel of Change","player_choice":"Relic","floor":4.0,"gold_loss":0.0,"damage_taken":0.0},{"damage_healed":0,"gold_gain":1,"player_choice":"4","damage_taken":0,"max_hp_gain":0,"max_hp_loss":0,"event_name":"betterStone:BetterStone","floor":8,"gold_loss":0,"cards_obtained":["TheRailgun:Level_6"]},{"damage_healed":0,"gold_gain":99,"player_choice":"Steal","damage_taken":0,"max_hp_gain":0,"max_hp_loss":0,"event_name":"betterThird:BetterNest","floor":20,"gold_loss":0},{"damage_healed":0,"gold_gain":0,"player_choice":"Read","damage_taken":0,"max_hp_gain":0,"max_hp_loss":0,"event_name":"The Library","floor":28,"gold_loss":0,"cards_obtained":["theHeart:PainfulStabs"]},{"damage_healed":0,"gold_gain":0,"player_choice":"Upgraded Two","damage_taken":0,"max_hp_gain":0,"max_hp_loss":0,"event_name":"Designer","floor":31,"gold_loss":40,"cards_upgraded":["theHeart:PainfulStabs","Defend_P"]},{"damage_healed":0,"gold_gain":0,"player_choice":"Portal","damage_taken":0,"max_hp_gain":0,"max_hp_loss":0,"event_name":"betterThird:BetterPortal","floor":39,"gold_loss":0}],"is_beta":false,"boss_relics":[{"not_picked":["energizedSpire:SpiderWeb","Fusion Hammer"],"picked":"energizedSpire:MagnifyingGlass"},{"not_picked":["Runic Pyramid","Runic Dome"],"picked":"theHeart:MarkOfTheSpire"}],"items_purged_floors":[10,10,10,10,10,36],"is_endless":false,"potions_floor_spawned":[1,2,12,19,30,33,37],"ascension_level":0}}