{"host":"vc42n08di9czm3e7","time":1613582596,"event":{"mods":["AchievementEnabler","BaseMod","Downfall","GifTheSpireLib","Minty Spire (QoL Compilation)","StSLib"],"gold_per_floor":[99,117,135,235,245,245,268,294,313,330,330,33,43,56,69,166,166,66,79,96,43,143,143,143,143],"floor_reached":23,"language":"ENG","playtime":7213,"items_purged":["Slimebound:Strike_Slimebound"],"score":255,"play_id":"4d35e8c1-6848-4ff8-a722-a318d3f8eee7","local_time":"20210217122316","is_ascension_mode":true,"campfire_choices":[{"data":"Slimebound:Split","floor":1,"key":"SMITH"},{"data":"Slimebound:GoopSpray","floor":6,"key":"SMITH"},{"floor":11,"key":"RECALL"},{"data":"Slimebound:CheckThePlaybook","floor":18,"key":"SMITH"}],"circlet_count":0,"master_deck":["Slimebound:Tackle","Slimebound:Split+1","Slimebound:CorrosiveSpit","downfall:Icky","Slimebound:Schlurp","Slimebound:DivideAndConquer","Slimebound:GoopSpray+1","Slimebound:MassFeed","Slimebound:Prepare","Slimebound:SplitSpecialist","Slimebound:Replication","Slimebound:MassRepurpose","Slimebound:SplitLeeching","Slimebound:SplitAcid","Slimebound:FormOfPuddle","Slimebound:CheckThePlaybook+1","Slimebound:FirmFortitude","Slimebound:SlimeSpikes","Slimebound:ProtectTheBoss","J.A.X.","Slimebound:Replication","Slimebound:SelfFormingGoo","Slimebound:Replication"],"relics":["Slimebound:AbsorbEndCombat","Pocketwatch","Ancient Tea Set","Happy Flower","Pandora\u0027s Box","downfall:HeartBlessingGreen","MutagenicStrength"],"acts_visited":["Exordium","TheCity"],"potions_floor_usage":[8,16,19,19],"damage_taken":[{"damage":8,"enemies":"Small Slimes","floor":2,"turns":3},{"damage":0,"enemies":"2 Louse","floor":3,"turns":3},{"damage":11,"enemies":"Jaw Worm","floor":5,"turns":2},{"damage":22,"enemies":"Gremlin Nob","floor":8,"turns":5},{"damage":1,"enemies":"Large Slime","floor":9,"turns":4},{"damage":3,"enemies":"Exordium Wildlife","floor":10,"turns":4},{"damage":0,"enemies":"downfall:FleeingMerchant","floor":12,"turns":4},{"damage":23,"enemies":"Gremlin Gang","floor":13,"turns":3},{"damage":5,"enemies":"downfall:LooterAlt","floor":14,"turns":4},{"damage":7,"enemies":"Blue Slaver","floor":15,"turns":4},{"damage":20,"enemies":"DF_ARCHETYPE_STREAMLINE","floor":16,"turns":11},{"damage":18,"enemies":"3 Byrds","floor":19,"turns":5},{"damage":16,"enemies":"Shell Parasite","floor":20,"turns":8},{"damage":9,"enemies":"downfall:FleeingMerchant","floor":21,"turns":4},{"damage":43,"enemies":"downfall:Augmenter","floor":22,"turns":7},{"damage":3,"enemies":"Gremlin Leader","floor":23,"turns":2}],"seed_played":"254150420400437491","potions_obtained":[{"floor":2,"key":"GamblersBrew"},{"floor":5,"key":"Block Potion"},{"floor":9,"key":"Regen Potion"},{"floor":14,"key":"SkillPotion"},{"floor":16,"key":"ColorlessPotion"},{"floor":22,"key":"EssenceOfSteel"}],"is_trial":false,"path_per_floor":["R","M","M","?","M","R","T","E","M","M","R","$","M","M","M","B",null,"R","M","M","$","?","E"],"character_chosen":"SLIMEBOUND","items_purchased":["Happy Flower","Slimebound:LeechEnergy","Slimebound:ProtectTheBoss"],"campfire_rested":0,"item_purchase_floors":[12,12,21],"current_hp_per_floor":[65,59,63,63,56,56,56,40,51,57,57,63,60,60,57,48,92,92,87,80,79,44,41,41,41],"gold":143,"neow_bonus":"ONE_RARE_RELIC","is_daily":false,"chose_seed":false,"campfire_upgraded":3,"win_rate":0.0,"timestamp":1613582596,"path_taken":["R","M","M","?","M","R","T","E","M","M","R","$","M","M","M","BOSS","R","M","M","$","?","E"],"items_purchased_type":["Relic","Card","Card"],"build_version":"2020-12-22","purchased_purges":1,"victory":false,"max_hp_per_floor":[65,65,65,65,65,65,65,65,71,74,74,74,86,89,89,92,92,92,92,95,95,95,95,95,95],"card_choices":[{"not_picked":["Slimebound:SplitMire","Slimebound:Nibble"],"picked":"Slimebound:Schlurp","floor":2},{"not_picked":["Slimebound:PressTheAttack","Slimebound:BestDefense"],"picked":"Slimebound:DivideAndConquer","floor":3},{"not_picked":["Slimebound:SamplingLick","Slimebound:HauntingLick"],"picked":"Slimebound:GoopSpray","floor":5},{"not_picked":["Slimebound:SamplingLick","Slimebound:MassRepurpose"],"picked":"Slimebound:MassFeed","floor":8},{"not_picked":["Slimebound:Schlurp","Slimebound:RainOfGoop","Slimebound:ItLooksTasty"],"picked":"SKIP","floor":9},{"not_picked":["Slimebound:SamplingLick","Slimebound:LeadByExample","Slimebound:GoopTackle"],"picked":"SKIP","floor":10},{"not_picked":["Slimebound:RejuvenatingLick","Slimebound:SplitMire"],"picked":"Slimebound:Prepare","floor":12},{"not_picked":["Slimebound:ItLooksTasty","Slimebound:SelfFormingGoo"],"picked":"Slimebound:SplitSpecialist","floor":13},{"not_picked":["Slimebound:DivideAndConquer","Slimebound:LeechingTouch","Slimebound:FinishingTackle"],"picked":"SKIP","floor":14},{"not_picked":["Slimebound:SlimeSpikes","Slimebound:SplitMire"],"picked":"Slimebound:Replication","floor":15},{"not_picked":["Slimebound:MinionMaster","Slimebound:Recycling"],"picked":"Slimebound:MassRepurpose","floor":16},{"not_picked":["Slimebound:LeechingTouch","Slimebound:LeadByExample+1","Slimebound:RejuvenatingLick+1"],"picked":"SKIP","floor":19},{"not_picked":["Slimebound:Grow","Slimebound:LeadByExample"],"picked":"Slimebound:SlimeSpikes","floor":20},{"not_picked":["Slimebound:SamplingLick","Slimebound:LeechEnergy+1","Slimebound:SplitBruiser"],"picked":"SKIP","floor":21},{"not_picked":[],"picked":"J.A.X.","floor":22},{"not_picked":["Slimebound:SplitMire","Slimebound:DouseInSlime"],"picked":"Slimebound:Replication","floor":22}],"player_experience":324488,"relics_obtained":[{"floor":8,"key":"Ancient Tea Set"},{"floor":22,"key":"MutagenicStrength"}],"event_choices":[],"is_beta":false,"boss_relics":[{"not_picked":["Runic Dome","bronze:MakeshiftBattery"],"picked":"Pandora\u0027s Box"}],"items_purged_floors":[12],"is_endless":false,"potions_floor_spawned":[2,5,9,14,15,16,22],"killed_by":"Gremlin Leader","ascension_level":1}}