{"host":"a3wpq7kyokchzawk","time":1613558173,"event":{"mods":["BaseMod","Colored Map","Highlight Path","Minty Spire (QoL Compilation)","Permanent Neow","Potion Indicator Mod","Relic Stats","Weighted Paths"],"gold_per_floor":[114,126,145,220,220,220,232,263,286,561,35,48,48,73,73,144,144,163,180,191,203,0,0,33,48,48,48,60,60,76,108,108,182,182,195,212,212,212,232,261,261,290,290,323,341,7,41,0,12,24,24],"floor_reached":50,"language":"ENG","playtime":6523,"items_purged":["Regret"],"score":1399,"play_id":"3a61bcdb-81f0-4094-8aff-cc1e14707dc2","local_time":"20210217083613","is_ascension_mode":true,"campfire_choices":[{"data":"Bash","floor":6.0,"key":"SMITH"},{"data":"Heavy Blade","floor":13.0,"key":"SMITH"},{"data":"Power Through","floor":15.0,"key":"SMITH"},{"floor":23.0,"key":"REST"},{"floor":27.0,"key":"REST"},{"data":"Limit Break","floor":29.0,"key":"SMITH"},{"floor":32.0,"key":"REST"},{"floor":41.0,"key":"REST"},{"floor":49.0,"key":"RECALL"}],"circlet_count":0,"master_deck":["AscendersBane","Strike_R","Strike_R","Defend_R","Defend_R","Defend_R","Bash+1","Heavy Blade+1","Headbutt","Power Through+1","Iron Wave","Shrug It Off","Evolve","Shrug It Off","Disarm","Limit Break+1","Cleave","Iron Wave+1","Disarm","True Grit","Heavy Blade+1","Warcry+1","Reaper","Shrug It Off+1","Corruption","Armaments+1","Decay","Intimidate+1","Reaper","Warcry+1","Writhe","Intimidate+1","Feel No Pain"],"relics":["Burning Blood","Art of War","Tiny Chest","Brimstone","Pen Nib","Bag of Marbles","Cursed Key","Toxic Egg 2","Strawberry","Empty Cage","Pantograph","Nunchaku","Lantern","Blue Candle","Thread and Needle","MawBank","Red Mask"],"acts_visited":["Exordium","TheCity","TheBeyond"],"potions_floor_usage":[],"damage_taken":[{"damage":4.0,"enemies":"2 Louse","floor":1.0,"turns":5.0},{"damage":5.0,"enemies":"Small Slimes","floor":2.0,"turns":3.0},{"damage":6.0,"enemies":"Cultist","floor":3.0,"turns":3.0},{"damage":5.0,"enemies":"2 Fungi Beasts","floor":7.0,"turns":4.0},{"damage":20.0,"enemies":"Lagavulin","floor":8.0,"turns":5.0},{"damage":0.0,"enemies":"Looter","floor":12.0,"turns":3.0},{"damage":15.0,"enemies":"3 Sentries","floor":14.0,"turns":5.0},{"damage":0.0,"enemies":"Slime Boss","floor":16.0,"turns":5.0},{"damage":51.0,"enemies":"3 Byrds","floor":18.0,"turns":6.0},{"damage":3.0,"enemies":"Spheric Guardian","floor":19.0,"turns":3.0},{"damage":1.0,"enemies":"Snake Plant","floor":20.0,"turns":3.0},{"damage":15.0,"enemies":"Chosen and Byrds","floor":21.0,"turns":4.0},{"damage":34.0,"enemies":"Gremlin Leader","floor":24.0,"turns":4.0},{"damage":0.0,"enemies":"Snecko","floor":25.0,"turns":2.0},{"damage":1.0,"enemies":"3 Cultists","floor":28.0,"turns":4.0},{"damage":0.0,"enemies":"Snake Plant","floor":30.0,"turns":2.0},{"damage":27.0,"enemies":"Book of Stabbing","floor":31.0,"turns":4.0},{"damage":11.0,"enemies":"Collector","floor":33.0,"turns":6.0},{"damage":6.0,"enemies":"3 Shapes","floor":35.0,"turns":3.0},{"damage":36.0,"enemies":"3 Darklings","floor":36.0,"turns":7.0},{"damage":36.0,"enemies":"Maw","floor":39.0,"turns":8.0},{"damage":37.0,"enemies":"Nemesis","floor":40.0,"turns":7.0},{"damage":38.0,"enemies":"Reptomancer","floor":42.0,"turns":4.0},{"damage":12.0,"enemies":"Nemesis","floor":44.0,"turns":5.0},{"damage":17.0,"enemies":"Spire Growth","floor":45.0,"turns":5.0},{"damage":67.0,"enemies":"Reptomancer","floor":47.0,"turns":6.0},{"damage":107,"enemies":"Awakened One","floor":50,"turns":8}],"seed_played":"5729959840229704200","potions_obtained":[{"floor":3.0,"key":"Explosive Potion"},{"floor":7.0,"key":"ElixirPotion"},{"floor":12.0,"key":"BlessingOfTheForge"},{"floor":14.0,"key":"HeartOfIron"},{"floor":18.0,"key":"Swift Potion"},{"floor":28.0,"key":"FearPotion"},{"floor":30.0,"key":"BlessingOfTheForge"},{"floor":31.0,"key":"Dexterity Potion"},{"floor":35.0,"key":"Weak Potion"},{"floor":40.0,"key":"FearPotion"},{"floor":44.0,"key":"FearPotion"},{"floor":45.0,"key":"DuplicationPotion"}],"is_trial":false,"path_per_floor":["M","M","M","?","?","R","M","E","T","?","$","M","R","E","R","B",null,"M","M","M","M","?","R","E","M","T","R","M","R","M","E","R","B",null,"M","M","T","?","M","E","R","E","T","E","M","$","E","?","R","B"],"character_chosen":"IRONCLAD","items_purchased":["Brimstone","Pen Nib","Evolve","Shrug It Off","Thread and Needle"],"campfire_rested":4,"item_purchase_floors":[11,11,11,11,46],"current_hp_per_floor":[68,68,68,57,57,57,58,44,44,44,44,50,50,41,41,47,63,18,21,26,17,17,37,9,15,15,35,40,40,46,32,54,49,69,69,75,75,75,57,26,48,52,52,46,68,68,53,53,53,0,0],"gold":24,"neow_bonus":"REMOVE_TWO","is_daily":false,"chose_seed":false,"campfire_upgraded":4,"win_rate":0.0,"timestamp":1613558173,"path_taken":["M","M","M","?","?","R","M","E","T","?","$","M","R","E","R","BOSS","M","?","M","M","?","R","E","M","T","R","M","R","M","E","R","BOSS","M","M","?","?","M","E","R","E","T","E","?","$","E","?","R","BOSS"],"items_purchased_type":["Relic","Relic","Card","Card","Relic"],"build_version":"2020-12-22","purchased_purges":1,"victory":false,"max_hp_per_floor":[68,68,68,68,68,68,68,68,68,68,68,68,68,68,68,68,68,68,68,68,68,68,68,68,68,68,68,68,68,68,75,75,75,75,75,75,75,75,75,75,75,75,75,75,75,75,75,75,75,75,75],"relic_stats":{"Nunchaku":[3],"counters":[27,124],"Pantograph":22,"Blue Candle":[4],"Tiny Chest":1,"Pen Nib":[15],"Art of War":[8],"Cursed Key":3,"MawBank":36,"obtain_stats":[{"Lantern":42,"Blue Candle":44,"Thread and Needle":46,"Pen Nib":11,"Cursed Key":17,"Empty Cage":34,"MawBank":47,"Burning Blood":0,"Nunchaku":40,"Brimstone":11,"Strawberry":31,"Pantograph":37,"Tiny Chest":9,"Art of War":8,"Bag of Marbles":14,"Red Mask":48,"Toxic Egg 2":26},{"Lantern":23,"Blue Candle":24,"Thread and Needle":25,"Pen Nib":5,"Cursed Key":8,"Empty Cage":18,"MawBank":26,"Burning Blood":0,"Nunchaku":22,"Brimstone":5,"Strawberry":17,"Pantograph":20,"Tiny Chest":5,"Art of War":5,"Bag of Marbles":7,"Red Mask":26,"Toxic Egg 2":14},{"Lantern":100,"Blue Candle":105,"Thread and Needle":110,"Pen Nib":20,"Cursed Key":33,"Empty Cage":71,"MawBank":116,"Burning Blood":0,"Nunchaku":96,"Brimstone":20,"Strawberry":65,"Pantograph":81,"Tiny Chest":20,"Art of War":20,"Bag of Marbles":28,"Red Mask":116,"Toxic Egg 2":55}],"Burning Blood":150},"card_choices":[{"not_picked":["Thunderclap","Intimidate"],"picked":"Heavy Blade","floor":1.0},{"not_picked":["Dropkick","Intimidate"],"picked":"Headbutt","floor":2.0},{"not_picked":["Dropkick","Dark Embrace"],"picked":"Power Through","floor":3.0},{"not_picked":["Rage","Barricade"],"picked":"Shrug It Off","floor":7.0},{"not_picked":["Heavy Blade","Rupture","Headbutt"],"picked":"SKIP","floor":8.0},{"not_picked":["Pommel Strike","Havoc","Carnage"],"picked":"SKIP","floor":12.0},{"not_picked":["Second Wind","Warcry"],"picked":"Disarm","floor":14.0},{"not_picked":["Barricade","Exhume"],"picked":"Limit Break","floor":16.0},{"not_picked":["Blood for Blood","Seeing Red"],"picked":"Cleave","floor":18.0},{"not_picked":["Sword Boomerang","Clash"],"picked":"Iron Wave+1","floor":19.0},{"not_picked":["Wild Strike","Heavy Blade","Sentinel"],"picked":"SKIP","floor":20.0},{"not_picked":["Dropkick","Rampage"],"picked":"Disarm","floor":21.0},{"not_picked":["Clash","Twin Strike"],"picked":"True Grit","floor":24.0},{"not_picked":["Burning Pact","Twin Strike"],"picked":"Heavy Blade+1","floor":25.0},{"not_picked":["Whirlwind","Iron Wave"],"picked":"Warcry+1","floor":28.0},{"not_picked":["Flex+1","Entrench+1"],"picked":"Reaper","floor":30.0},{"not_picked":["Infernal Blade+1","Seeing Red+1"],"picked":"Shrug It Off+1","floor":31.0},{"not_picked":["Bludgeon","Barricade"],"picked":"Corruption","floor":33.0},{"not_picked":["Body Slam","Cleave+1"],"picked":"Armaments+1","floor":35.0},{"not_picked":["Thunderclap","Anger","Iron Wave"],"picked":"SKIP","floor":36.0},{"not_picked":["Wild Strike","Brutality","Clothesline"],"picked":"SKIP","floor":39.0},{"not_picked":["True Grit+1","Fire Breathing+1"],"picked":"Reaper","floor":40.0},{"not_picked":["Twin Strike","Clash"],"picked":"Warcry+1","floor":42.0},{"not_picked":["Sever Soul","Wild Strike","Anger+1"],"picked":"SKIP","floor":44.0},{"not_picked":["Spot Weakness+1","Metallicize"],"picked":"Intimidate+1","floor":45.0},{"not_picked":["Clash","Pommel Strike+1"],"picked":"Feel No Pain","floor":47.0}],"player_experience":2748374,"relics_obtained":[{"floor":8.0,"key":"Art of War"},{"floor":9.0,"key":"Tiny Chest"},{"floor":14.0,"key":"Bag of Marbles"},{"floor":26.0,"key":"Toxic Egg 2"},{"floor":31.0,"key":"Strawberry"},{"floor":37.0,"key":"Pantograph"},{"floor":40.0,"key":"Nunchaku"},{"floor":42.0,"key":"Lantern"},{"floor":44.0,"key":"Blue Candle"},{"floor":47.0,"key":"MawBank"}],"event_choices":[{"damage_healed":0.0,"max_hp_gain":0.0,"max_hp_loss":0.0,"gold_gain":75.0,"event_name":"World of Goop","player_choice":"Gather Gold","floor":4.0,"gold_loss":0.0,"damage_taken":11.0},{"damage_healed":0.0,"max_hp_gain":0.0,"max_hp_loss":0.0,"gold_gain":0.0,"cards_transformed":["Defend_R"],"event_name":"Living Wall","player_choice":"Change","floor":5.0,"gold_loss":0.0,"damage_taken":0.0,"cards_obtained":["Iron Wave"]},{"damage_healed":0.0,"max_hp_gain":0.0,"max_hp_loss":0.0,"gold_gain":275.0,"event_name":"Golden Shrine","player_choice":"Desecrate","floor":10.0,"gold_loss":0.0,"damage_taken":0.0,"cards_obtained":["Regret"]},{"damage_healed":0.0,"max_hp_gain":0.0,"max_hp_loss":0.0,"gold_gain":0.0,"event_name":"Masked Bandits","player_choice":"Paid Fearfully","floor":22.0,"gold_loss":203.0,"damage_taken":0.0},{"damage_healed":0.0,"max_hp_gain":0.0,"max_hp_loss":0.0,"gold_gain":0.0,"event_name":"Match and Keep!","player_choice":"1 cards matched","floor":38.0,"gold_loss":0.0,"damage_taken":0.0,"cards_obtained":["Intimidate"]},{"damage_healed":0.0,"max_hp_gain":0.0,"max_hp_loss":0.0,"gold_gain":0.0,"event_name":"Tomb of Lord Red Mask","player_choice":"Paid","floor":48.0,"gold_loss":53.0,"damage_taken":0.0,"relics_obtained":["Red Mask"]}],"is_beta":false,"boss_relics":[{"not_picked":["Busted Crown","Astrolabe"],"picked":"Cursed Key"},{"not_picked":["Coffee Dripper","Mark of Pain"],"picked":"Empty Cage"}],"items_purged_floors":[11],"is_endless":false,"potions_floor_spawned":[3,7,12,14,18,19,28,30,31,35,40,44,45],"killed_by":"Awakened One","ascension_level":20}}