{"host":"23qk1co0p3p8qz56","time":1613602186,"event":{"mods":["100% Spire Juice","AchievementEnabler","Act Like it!","Arknights","BaseMod","Better Note","Better Third Choice","BetterRewards","CapriCore","Chen","Colored Map","DNKmod","Downfall","Friendly Minions","Gensokyo","Gold Saver","Halation","KinomotoSakuraMod(木之本?)","Koishi","KomeijiMod","Lobotomy","LobotomyExtend","Mari Mod (Legacy)","Mari\u0027s V1 Patch","Marisa（霧雨　魔理沙）","Minty Spire (QoL Compilation)","MostiFishMod","Prisma Mod","Railgun Mod","Reimu（博??梦）","Remilia（蕾米莉?）","RumiaBox-露米?的神秘盒子","StSLib","The Administrix","The Alterego","The Animator","The Immortal","The Senshi","Waifu the Spire","WarShipGirlsR/??少女R mod","Yakumo Yukari mod","Yohane!","Yuyuko"],"gold_per_floor":[10120,10120,10133,10133,10150,10178,10194,10194,10244,10244,10274,10282,10282,10292,10292,10404,10404,10422,10422,10445,10445,10445,10484,10484,10484,10484,10484,10499,10499,10535,10561,10561,10675,10675,10691,10745,10745,10763,9363,9400,9419,9419,9446,9446,9446,9451,9451,9472,9472,9481,9481,9481,9481,9520,9569],"floor_reached":56,"language":"ENG","playtime":2939,"items_purged":[],"score":1497,"play_id":"7dc61db1-93d1-4d7f-a58c-28c89e567829","local_time":"20210217154946","is_ascension_mode":true,"campfire_choices":[{"floor":8,"key":"RECALL"},{"data":"PrismaMod:MiyuOrbIncreasePerm","floor":15,"key":"SMITH"},{"data":"PrismaMod:MiyuCheapChannelDefend","floor":25,"key":"SMITH"},{"data":"PrismaMod:MiyuUncommonStrBuff","floor":27,"key":"SMITH"},{"data":"PrismaMod:MiyuCheapChannelRandom","floor":29,"key":"SMITH"},{"data":"PrismaMod:MiyuCheapDexBuff","floor":32,"key":"SMITH"},{"data":"PrismaMod:MiyuUncommonDexBuff","floor":42,"key":"SMITH"},{"data":"PrismaMod:MiyuCheapChannelWeak","floor":44,"key":"SMITH"},{"data":"PrismaMod:MiyuCheapPlate","floor":49,"key":"SMITH"},{"data":"MostiFishMod:TheEndOfMoonlight","floor":52,"key":"SMITH"}],"circlet_count":0,"master_deck":["PrismaMod:MiyuCommonDefend","PrismaMod:MiyuCommonDefend","PrismaMod:MiyuCommonDefend","PrismaMod:MiyuCommonDefend","PrismaMod:MiyuCommonDefend","PrismaMod:MiyuCommonAttack","PrismaMod:MiyuCommonAttack","PrismaMod:MiyuCommonAttack","PrismaMod:MiyuCommonAttack","PrismaMod:MiyuCheapChannelAttack+1","PrismaMod:MiyuCheapChannelDefend+1","PrismaMod:MiyuUncommonStrBuff+1","PrismaMod:MiyuCheapDefend1+1","PrismaMod:MiyuUncommonDexBuff+1","PrismaMod:MiyuUberAOEAttack","PrismaMod:MiyuEvokeAll+1","PrismaMod:MiyuCheapPlate+1","PrismaMod:MiyuCheapStrBuff","PrismaMod:MiyuCheapChannelWeak+1","PrismaMod:MiyuUncommonAOEAttack","PrismaMod:MiyuCheapDexBuff+1","PrismaMod:MiyuOrbIncreasePerm+1","PrismaMod:MiyuDefendChannelDefend+1","MostiFishMod:Neptune","MostiFishMod:TheEndOfMoonlight+1","MostiFishMod:SparklingWater+1","MostiFishMod:FantasySummer","MostiFishMod:NightSea","PrismaMod:MiyuAttackChannelAttack+1","PrismaMod:MiyuCheapChannelRandom+1","PrismaMod:MiyuDefenseAbsorbMinor+1","PrismaMod:MiyuUncommonDexBuff+1","PrismaMod:MiyuChristmas+1","PrismaMod:MiyuOrbIncreasePerm+1","PrismaMod:MiyuCheapEvoke+1","PrismaMod:MiyuBride+1","PrismaMod:MiyuCheapDefend2+1","PrismaMod:MiyuOrbIncreasePerm+1","PrismaMod:MiyuOrbIncreasePerm+1","PrismaMod:MiyuCheapDefend1+1","PrismaMod:MiyuUncommonDexBuff+1","PrismaMod:MiyuUberAttack","PrismaMod:MiyuDevil+1","PrismaMod:MiyuUberAOEAttack","PrismaMod:MiyuCheapChannelHeal+1","PrismaMod:MiyuCheapDefend1+1","PrismaMod:MiyuEvokeCheapAttack"],"relics":["PrismaMod:PrismaSapphire","MostiFishMod:Haymaker","Mango","StoneCalendar","DaveBox","DiscerningMonocle","SynthV:TestCard","LetterFromLob","Boot","Mastiff:ReiMu","halation:IllGainedPizza","ImprovedEquipment","HonorFeather","Moonlight_r","CrazyTorch:ReiMu","MoonlightInvasionPlan","Toxic Egg 2","Regal Pillow","DollysMirror","Pen Nib","EasyGame_NEW","CaptainsWheel","theSenshi:FeatherClipsRelic","Bronze Scales","SynthV:MejaisSoulstealer","halation:TwoAmDonut","halation:Trompette","Bag of Preparation","halation:PinkSoulGem","Gaze_r","Moonlight_r","LaetitiaHeart","GodSword3","PureWhite:ReiMu","Mercury Hourglass"],"acts_visited":["Exordium","TheCity","TheBeyond","TheEnding"],"potions_floor_usage":[12,16,36,36,38,50,55,55],"damage_taken":[{"damage":1,"enemies":"ats:Genji","floor":1,"turns":2},{"damage":0,"enemies":"Small Slimes","floor":3,"turns":3},{"damage":4,"enemies":"Jaw Worm","floor":5,"turns":2},{"damage":0,"enemies":"Lagavulin","floor":6,"turns":6},{"damage":6,"enemies":"Blue Slaver","floor":7,"turns":2},{"damage":0,"enemies":"3 Sentries","floor":11,"turns":4},{"damage":220,"enemies":"3 Louse","floor":12,"turns":6},{"damage":0,"enemies":"3 Louse","floor":14,"turns":1},{"damage":6,"enemies":"The Guardian","floor":16,"turns":6},{"damage":0,"enemies":"2 Thieves","floor":18,"turns":3},{"damage":5,"enemies":"3 Byrds","floor":20,"turns":3},{"damage":31,"enemies":"Slavers","floor":23,"turns":5},{"damage":5,"enemies":"Snecko","floor":28,"turns":2},{"damage":29,"enemies":"Gremlin Leader","floor":30,"turns":4},{"damage":34,"enemies":"Centurion and Healer","floor":31,"turns":5},{"damage":38,"enemies":"Collector","floor":33,"turns":6},{"damage":0,"enemies":"Orb Walker","floor":35,"turns":1},{"damage":156,"enemies":"Mind Bloom Boss Battle","floor":36,"turns":2},{"damage":0,"enemies":"3 Darklings","floor":38,"turns":2},{"damage":5,"enemies":"Giant Head","floor":40,"turns":6},{"damage":5,"enemies":"4 Shapes","floor":41,"turns":2},{"damage":0,"enemies":"4 Shapes","floor":46,"turns":2},{"damage":0,"enemies":"4 Shapes","floor":46,"turns":1},{"damage":6,"enemies":"Jaw Worm Horde","floor":48,"turns":2},{"damage":19,"enemies":"Time Eater","floor":50,"turns":8},{"damage":5,"enemies":"Shield and Spear","floor":54,"turns":5},{"damage":2,"enemies":"The Heart","floor":55,"turns":6}],"seed_played":"6168227382309046506","potions_obtained":[{"floor":6,"key":"CalmPotion"},{"floor":7,"key":"hexamod:SoulburnPotion"},{"floor":14,"key":"bronze:BurnAndBuffPotion"},{"floor":18,"key":"SpeedPotion"},{"floor":30,"key":"Block Potion"},{"floor":33,"key":"sneckomod:MuddlingPotion"},{"floor":36,"key":"DistilledChaos"},{"floor":38,"key":"CalmPotion"},{"floor":41,"key":"Swift Potion"},{"floor":48,"key":"PowerPotion"},{"floor":54,"key":"hexamod:SoulburnPotion"}],"is_trial":false,"path_per_floor":["M","?","M","$","M","E","M","R","T","$","E","M","?","M","R","B",null,"M","?","M","$","?","E","$","R","T","R","M","R","E","M","R","B",null,"M","?","$","M","$","E","M","R","T","R","?","?","T","M","R","B",null,"R","$","E","B",null],"character_chosen":"MIYU","items_purchased":["PrismaMod:MiyuUncommonDexBuff","PrismaMod:MiyuCheapStrBuff","halation:IllGainedPizza","PrismaMod:MiyuCheapChannelWeak","PrismaMod:MiyuUncommonAOEAttack","Toxic Egg 2","DollysMirror","PrismaMod:MiyuChristmas+1","PrismaMod:MiyuCheapDefend1+1","theSenshi:FeatherClipsRelic","Bronze Scales","SynthV:MejaisSoulstealer","halation:TwoAmDonut","PrismaMod:MiyuUberAttack","PrismaMod:MiyuCheapDefend1+1","PureWhite:ReiMu"],"campfire_rested":0,"item_purchase_floors":[4,10,10,10,10,21,24,24,37,37,37,39,39,39,53,53],"current_hp_per_floor":[499,499,499,499,495,495,489,489,489,489,489,200,197,197,500,494,500,500,500,495,495,495,464,464,500,500,500,495,500,471,437,500,462,500,500,344,344,350,350,355,356,500,500,500,500,210,210,214,500,487,500,500,500,500,500],"gold":9569,"neow_bonus":"HUNDRED_GOLD","is_daily":false,"chose_seed":false,"campfire_upgraded":9,"win_rate":0.0,"timestamp":1613602186,"path_taken":["M","?","M","$","M","E","M","R","T","$","E","M","?","M","R","BOSS","M","?","M","$","?","E","$","R","T","R","M","R","E","M","R","BOSS","M","?","$","M","$","E","M","R","T","R","?","?","?","M","R","BOSS","R","$","E","BOSS"],"items_purchased_type":["Card","Card","Relic","Card","Card","Relic","Relic","Card","Card","Relic","Relic","Relic","Relic","Card","Card","Relic"],"build_version":"2020-12-22","purchased_purges":0,"victory":true,"max_hp_per_floor":[500,500,500,500,500,500,500,500,500,500,500,500,500,500,500,500,500,500,500,500,500,500,500,500,500,500,500,500,500,500,500,500,500,500,500,500,500,500,500,500,500,500,500,500,500,500,500,500,500,500,500,500,500,500,500],"card_choices":[{"not_picked":["PrismaMod:MiyuMaid","PrismaMod:MiyuUncommonAttack"],"picked":"PrismaMod:MiyuUncommonStrBuff","floor":1},{"not_picked":["PrismaMod:MiyuUberAOEAttack","PrismaMod:MiyuDevil","PrismaMod:MiyuMaid","PrismaMod:MiyuCheapChannelRandom"],"picked":"PrismaMod:MiyuCheapDefend1","floor":3},{"not_picked":["PrismaMod:MiyuUncommonDefend","PrismaMod:MiyuEvokeBuffStr","PrismaMod:MiyuCheapChannelVul","PrismaMod:MiyuDefenseExplosion"],"picked":"PrismaMod:MiyuUberAOEAttack","floor":5},{"not_picked":["PrismaMod:MiyuCommonAOEAttack","PrismaMod:MiyuAttackChannelVul","PrismaMod:MiyuEvokeCheapAttack","PrismaMod:MiyuAttackChannelWeak"],"picked":"PrismaMod:MiyuEvokeAll","floor":6},{"not_picked":["PrismaMod:MiyuAttackChannelAttack","PrismaMod:MiyuEvokeCheapDefend","PrismaMod:MiyuCheapChannelHeal","PrismaMod:MiyuEvokeBuffDex"],"picked":"PrismaMod:MiyuCheapPlate","floor":7},{"not_picked":["PrismaMod:MiyuEvokeBuffDex","PrismaMod:MiyuEvokeAllAttack","PrismaMod:MiyuMaid","PrismaMod:MiyuCheapPlate"],"picked":"PrismaMod:MiyuCheapDexBuff","floor":11},{"not_picked":["PrismaMod:MiyuCheapDefend1","PrismaMod:MiyuUncommonAttack","PrismaMod:MiyuChristmas","PrismaMod:MiyuUncommonDexBuff"],"picked":"PrismaMod:MiyuOrbIncreasePerm","floor":14},{"not_picked":["PrismaMod:MiyuEvokeAllAttack","PrismaMod:MiyuDefenseAbsorbMinor","PrismaMod:MiyuUberDefend","PrismaMod:MiyuChannelAttackEvoke"],"picked":"PrismaMod:MiyuDefendChannelDefend","floor":16},{"not_picked":["PrismaMod:MiyuCheapChannelWeak","PrismaMod:MiyuCheapChannelVul","PrismaMod:MiyuAttackChannelWeak","PrismaMod:MiyuUncommonDefend"],"picked":"PrismaMod:MiyuAttackChannelAttack+1","floor":18},{"not_picked":["PrismaMod:MiyuDefenseExplosion+1","PrismaMod:MiyuOrbIncreasePerm","PrismaMod:MiyuUncommonStrBuff+1","PrismaMod:MiyuEvokeCheapAttack"],"picked":"PrismaMod:MiyuCheapChannelRandom","floor":20},{"not_picked":["PrismaMod:MiyuAttackChannelWeak","PrismaMod:MiyuEvokeBuffStr+1","PrismaMod:MiyuCheapChannelWeak+1","PrismaMod:MiyuCheapStrBuff"],"picked":"PrismaMod:MiyuDefenseAbsorbMinor+1","floor":23},{"not_picked":["PrismaMod:MiyuUncommonAOEAttack+1","PrismaMod:MiyuUncommonPlate+1","PrismaMod:MiyuEvokeBuffDex+1","PrismaMod:MiyuCheapAttack2"],"picked":"PrismaMod:MiyuOrbIncreasePerm+1","floor":28},{"not_picked":["PrismaMod:MiyuCheapAttack1","PrismaMod:MiyuCheapChannelHeal+1","PrismaMod:MiyuCheapAttack2","PrismaMod:MiyuAttackChannelWeak+1"],"picked":"PrismaMod:MiyuCheapEvoke+1","floor":30},{"not_picked":["PrismaMod:MiyuUncommonDexBuff+1","PrismaMod:MiyuMaid+1","PrismaMod:MiyuEvokeBuffStr+1","PrismaMod:MiyuUncommonAOEAttack"],"picked":"PrismaMod:MiyuBride+1","floor":31},{"not_picked":["PrismaMod:MiyuBride+1","PrismaMod:MiyuEvokeAllDefend+1","PrismaMod:MiyuChannelDefendEvoke+1","PrismaMod:MiyuUberDefend+1"],"picked":"PrismaMod:MiyuCheapDefend2+1","floor":33},{"not_picked":["PrismaMod:MiyuCheapAttack1","PrismaMod:MiyuEvokeCheapAttack","PrismaMod:MiyuDefenseRemoval+1","PrismaMod:MiyuUncommonAOEAttack"],"picked":"PrismaMod:MiyuOrbIncreasePerm+1","floor":35},{"not_picked":["PrismaMod:MiyuDefenseExplosion","PrismaMod:MiyuMaid+1","PrismaMod:MiyuCheapChannelDefend+1","PrismaMod:MiyuCheapChannelHeal+1"],"picked":"PrismaMod:MiyuOrbIncreasePerm+1","floor":36},{"not_picked":["PrismaMod:MiyuCheapChannelRandom+1","PrismaMod:MiyuCheapChannelAttack+1","PrismaMod:MiyuAttackChannelVul+1","PrismaMod:MiyuCheapDexBuff+1"],"picked":"PrismaMod:MiyuUncommonDexBuff","floor":38},{"not_picked":["PrismaMod:MiyuAttackChannelWeak+1","PrismaMod:MiyuCheapChannelWeak+1","PrismaMod:MiyuAttackChannelAttack+1","PrismaMod:MiyuUncommonAOEAttack+1"],"picked":"PrismaMod:MiyuDevil+1","floor":40},{"not_picked":["PrismaMod:MiyuCheapAttack2+1","PrismaMod:MiyuUncommonAttack+1","PrismaMod:MiyuEvokeBuffStr+1","PrismaMod:MiyuUncommonStrBuff+1"],"picked":"PrismaMod:MiyuUberAOEAttack","floor":41},{"not_picked":["PrismaMod:MiyuEvokeCheapDefend+1","PrismaMod:MiyuCheapChannelAttack+1","PrismaMod:MiyuEvokeAllAttack","PrismaMod:MiyuEvokeBuffDex+1"],"picked":"PrismaMod:MiyuCheapChannelHeal+1","floor":48},{"not_picked":["PrismaMod:MiyuCheapStrBuff","PrismaMod:MiyuCheapChannelDefend+1","PrismaMod:MiyuCheapAttack1+1","PrismaMod:MiyuCheapAttack2"],"picked":"PrismaMod:MiyuEvokeCheapAttack","floor":54}],"player_experience":209676,"relics_obtained":[{"floor":1,"key":"SynthV:TestCard"},{"floor":1,"key":"LetterFromLob"},{"floor":6,"key":"Boot"},{"floor":9,"key":"Mastiff:ReiMu"},{"floor":11,"key":"ImprovedEquipment"},{"floor":23,"key":"Regal Pillow"},{"floor":30,"key":"Pen Nib"},{"floor":36,"key":"CaptainsWheel"},{"floor":40,"key":"halation:Trompette"},{"floor":43,"key":"Bag of Preparation"},{"floor":47,"key":"GodSword3"},{"floor":54,"key":"Mercury Hourglass"}],"event_choices":[{"damage_healed":0,"gold_gain":0,"player_choice":"Grow","damage_taken":0,"max_hp_gain":0,"max_hp_loss":0,"event_name":"Living Wall","floor":2,"gold_loss":0,"cards_upgraded":["PrismaMod:MiyuCheapChannelAttack"]},{"damage_healed":0,"gold_gain":0,"player_choice":"Relic ","damage_taken":3,"max_hp_gain":0,"max_hp_loss":0,"event_name":"betterThird:BetterScrap","floor":13,"gold_loss":0,"cards_obtained":["MostiFishMod:BrandingRite"]},{"cards_removed":["PrismaMod:MiyuCommonAttack"],"damage_healed":0,"gold_gain":0,"player_choice":"Card Removal","damage_taken":0,"max_hp_gain":0,"max_hp_loss":0,"event_name":"Wheel of Change","floor":19,"gold_loss":0},{"damage_healed":0,"gold_gain":0,"player_choice":"Upgraded","damage_taken":0,"max_hp_gain":0,"max_hp_loss":0,"event_name":"Upgrade Shrine","floor":22,"gold_loss":0,"cards_upgraded":["PrismaMod:MiyuDefendChannelDefend"]},{"damage_healed":0,"gold_gain":0,"player_choice":"Fight","damage_taken":0,"max_hp_gain":0,"max_hp_loss":0,"event_name":"MindBloom","floor":36,"gold_loss":0}],"is_beta":false,"boss_relics":[{"not_picked":["halation:SmartPhone","halation:PlatinumPhoenix"],"picked":"MoonlightInvasionPlan"},{"not_picked":["SacredBark","NightmareShop"],"picked":"EasyGame_NEW"}],"items_purged_floors":[],"is_endless":false,"potions_floor_spawned":[6,7,12,14,18,30,33,36,38,41,46,48,54],"ascension_level":1}}