{"host":"a1eatafr7pisesky","time":1613572787,"event":{"mods":["AchievementEnabler","BaseMod","Colored Map","Keyboard Shortcuts","Minty Spire (QoL Compilation)","Say the Spire","StSLib","SuperFastMode","everything is the same but u backflip on backflip"],"gold_per_floor":[115,115,135,150,166,166,185,185,210,227,255,255,270,286,286,360,360,379,379,392,362,237,237,263,276,276,305,325,340,359,387,387,466,466,479,506,155,155,168,202,202,229,229,244,263,291,303,315,327,339,351,363,65,96,96],"floor_reached":56,"language":"KOR","playtime":2179,"items_purged":["Strike_R","Shrug It Off","Dual Wield"],"score":2593,"play_id":"6d6f52eb-49a8-4d31-a94d-8fc9d20fbb5f","local_time":"20210217233947","is_ascension_mode":true,"campfire_choices":[{"floor":6.0,"key":"REST"},{"floor":15.0,"key":"REST"},{"floor":23.0,"key":"REST"},{"data":"Offering","floor":32.0,"key":"SMITH"},{"floor":41.0,"key":"REST"},{"floor":47.0,"key":"REST"},{"floor":49.0,"key":"RECALL"},{"data":"Purity","floor":52.0,"key":"SMITH"}],"circlet_count":0,"master_deck":["AscendersBane","Bash+1","Dropkick","Dropkick","Offering+1","True Grit","Battle Trance","Barricade","Rage","Intimidate","Purity+1","Shockwave","Warcry+1"],"relics":["Burning Blood","Lantern","Orichalcum","Runic Pyramid","Ancient Tea Set","Darkstone Periapt","Toy Ornithopter","Mango","Empty Cage","Bag of Marbles","HandDrill","Champion Belt","HornCleat","MawBank","Anchor"],"acts_visited":["Exordium","TheCity","TheBeyond","TheEnding"],"potions_floor_usage":[54,55,55,55],"damage_taken":[{"damage":18.0,"enemies":"2 Louse","floor":1.0,"turns":3.0},{"damage":12.0,"enemies":"Cultist","floor":3.0,"turns":4.0},{"damage":10.0,"enemies":"Small Slimes","floor":4.0,"turns":3.0},{"damage":11.0,"enemies":"Looter","floor":5.0,"turns":2.0},{"damage":26.0,"enemies":"Exordium Thugs","floor":7.0,"turns":5.0},{"damage":49.0,"enemies":"Exordium Wildlife","floor":10.0,"turns":7.0},{"damage":0.0,"enemies":"Gremlin Nob","floor":11.0,"turns":2.0},{"damage":3.0,"enemies":"Blue Slaver","floor":13.0,"turns":2.0},{"damage":4.0,"enemies":"Lots of Slimes","floor":14.0,"turns":4.0},{"damage":36.0,"enemies":"The Guardian","floor":16.0,"turns":7.0},{"damage":28.0,"enemies":"Shell Parasite","floor":18.0,"turns":3.0},{"damage":8.0,"enemies":"3 Byrds","floor":20.0,"turns":4.0},{"damage":40.0,"enemies":"Book of Stabbing","floor":24.0,"turns":4.0},{"damage":0.0,"enemies":"Snecko","floor":25.0,"turns":1.0},{"damage":0.0,"enemies":"Gremlin Leader","floor":27.0,"turns":1.0},{"damage":17.0,"enemies":"Cultist and Chosen","floor":28.0,"turns":4.0},{"damage":0.0,"enemies":"Snake Plant","floor":29.0,"turns":1.0},{"damage":25.0,"enemies":"Shelled Parasite and Fungi","floor":30.0,"turns":3.0},{"damage":6.0,"enemies":"Slavers","floor":31.0,"turns":1.0},{"damage":16.0,"enemies":"Champ","floor":33.0,"turns":2.0},{"damage":40.0,"enemies":"3 Darklings","floor":35.0,"turns":4.0},{"damage":35.0,"enemies":"3 Shapes","floor":39.0,"turns":5.0},{"damage":6.0,"enemies":"Nemesis","floor":40.0,"turns":1.0},{"damage":0.0,"enemies":"Giant Head","floor":42.0,"turns":2.0},{"damage":8.0,"enemies":"Transient","floor":44.0,"turns":2.0},{"damage":11.0,"enemies":"Jaw Worm Horde","floor":45.0,"turns":3.0},{"damage":6.0,"enemies":"Nemesis","floor":46.0,"turns":3.0},{"damage":34.0,"enemies":"Donu and Deca","floor":50.0,"turns":4.0},{"damage":33,"enemies":"Shield and Spear","floor":54,"turns":2},{"damage":7,"enemies":"The Heart","floor":55,"turns":7}],"seed_played":"-6482362074264307023","potions_obtained":[{"floor":1.0,"key":"SpeedPotion"},{"floor":4.0,"key":"Fire Potion"},{"floor":10.0,"key":"AttackPotion"},{"floor":11.0,"key":"ColorlessPotion"},{"floor":14.0,"key":"DistilledChaos"},{"floor":16.0,"key":"Block Potion"},{"floor":21.0,"key":"SkillPotion"},{"floor":21.0,"key":"FearPotion"},{"floor":35.0,"key":"SkillPotion"},{"floor":46.0,"key":"Weak Potion"}],"is_trial":false,"path_per_floor":["M","?","M","M","M","R","M","?","T","M","E","?","M","M","R","B",null,"M","?","M","?","$","R","E","M","T","E","M","M","M","E","R","B",null,"M","T","$","?","M","E","R","E","T","M","M","E","R","?","R","B",null,"R","$","E","B",null],"character_chosen":"IRONCLAD","items_purchased":["Shrug It Off","Rage","HandDrill","EntropicBrew","Shockwave"],"campfire_rested":5,"item_purchase_floors":[22,37,37,53,53],"current_hp_per_floor":[38,38,32,28,23,45,25,50,50,7,13,13,16,18,40,10,59,37,37,35,35,35,57,23,29,29,35,24,30,11,30,30,20,72,38,38,38,38,14,14,40,46,46,44,39,39,65,55,55,27,74,74,74,52,81],"gold":96,"neow_bonus":"REMOVE_TWO","is_daily":false,"chose_seed":false,"campfire_upgraded":2,"win_rate":0.0,"timestamp":1613572787,"path_taken":["M","?","M","?","M","R","?","?","T","M","E","?","?","M","R","BOSS","M","?","M","?","$","R","E","?","T","E","M","M","M","E","R","BOSS","M","?","$","?","?","E","R","E","T","M","M","E","R","?","R","BOSS","R","$","E","BOSS"],"items_purchased_type":["Card","Card","Relic","Potion","Card"],"build_version":"2020-12-22","purchased_purges":3,"victory":true,"max_hp_per_floor":[75,75,75,75,75,75,75,75,75,75,75,75,75,75,75,75,75,75,75,75,75,75,75,75,75,75,75,75,75,75,89,89,89,89,89,89,89,89,89,89,89,89,89,89,89,89,89,89,89,89,89,89,89,89,89],"card_choices":[{"not_picked":["Rupture","Blood for Blood"],"picked":"Cleave","floor":1.0},{"not_picked":["Pommel Strike","Cleave","Flame Barrier"],"picked":"SKIP","floor":3.0},{"not_picked":["Cleave","Infernal Blade","Pommel Strike"],"picked":"SKIP","floor":4.0},{"not_picked":["Armaments","Perfected Strike","Body Slam"],"picked":"SKIP","floor":5.0},{"not_picked":["Reckless Charge","Armaments"],"picked":"Dual Wield","floor":7.0},{"not_picked":["Iron Wave","Perfected Strike","Headbutt"],"picked":"SKIP","floor":10.0},{"not_picked":["Iron Wave","Perfected Strike","Headbutt"],"picked":"SKIP","floor":10.0},{"not_picked":["Dark Embrace","Reaper","Warcry"],"picked":"SKIP","floor":11.0},{"not_picked":["Inflame","Warcry","Entrench"],"picked":"SKIP","floor":13.0},{"not_picked":["Twin Strike","Havoc","Intimidate"],"picked":"SKIP","floor":14.0},{"not_picked":["Corruption","Demon Form"],"picked":"Offering","floor":16.0},{"not_picked":["Twin Strike","Warcry"],"picked":"True Grit","floor":18.0},{"not_picked":["Warcry","Entrench","Inflame"],"picked":"SKIP","floor":20.0},{"not_picked":["Sword Boomerang","Ghostly Armor","Blood for Blood+1"],"picked":"SKIP","floor":24.0},{"not_picked":["Shrug It Off","Pommel Strike","Combust+1"],"picked":"SKIP","floor":25.0},{"not_picked":["Power Through","Fire Breathing+1","Metallicize"],"picked":"SKIP","floor":27.0},{"not_picked":["Power Through","Fire Breathing+1","Metallicize"],"picked":"SKIP","floor":27.0},{"not_picked":["Wild Strike","Whirlwind"],"picked":"Battle Trance","floor":28.0},{"not_picked":["Wild Strike+1","Heavy Blade+1","Barricade"],"picked":"SKIP","floor":29.0},{"not_picked":["Wild Strike+1","Heavy Blade+1"],"picked":"Barricade","floor":29.0},{"not_picked":["Anger","Infernal Blade+1","Spot Weakness"],"picked":"SKIP","floor":30.0},{"not_picked":["Anger","Dual Wield+1","Searing Blow"],"picked":"SKIP","floor":31.0},{"not_picked":["Iron Wave","Heavy Blade","Shrug It Off"],"picked":"SKIP","floor":35.0},{"not_picked":["Twin Strike","Dual Wield","Anger+1"],"picked":"SKIP","floor":39.0},{"not_picked":["Bloodletting","Twin Strike+1","Ghostly Armor+1"],"picked":"SKIP","floor":40.0},{"not_picked":["Berserk","Pommel Strike"],"picked":"Intimidate","floor":42.0},{"not_picked":["Havoc","Uppercut","Body Slam"],"picked":"SKIP","floor":44.0},{"not_picked":["Heavy Blade+1","Sword Boomerang+1","Perfected Strike"],"picked":"SKIP","floor":45.0},{"not_picked":["Headbutt+1","Warcry+1","Perfected Strike"],"picked":"SKIP","floor":46.0},{"not_picked":["Magnetism","Secret Weapon"],"picked":"Purity","floor":48.0},{"not_picked":["Body Slam","Armaments+1","Warcry+1"],"picked":"SKIP","floor":54},{"not_picked":["Body Slam","Armaments+1"],"picked":"Warcry+1","floor":54}],"player_experience":466352,"relics_obtained":[{"floor":9.0,"key":"Lantern"},{"floor":11.0,"key":"Orichalcum"},{"floor":24.0,"key":"Ancient Tea Set"},{"floor":26.0,"key":"Darkstone Periapt"},{"floor":27.0,"key":"Toy Ornithopter"},{"floor":31.0,"key":"Mango"},{"floor":36.0,"key":"Bag of Marbles"},{"floor":40.0,"key":"Champion Belt"},{"floor":42.0,"key":"HornCleat"},{"floor":46.0,"key":"MawBank"},{"floor":54,"key":"Anchor"}],"event_choices":[{"cards_removed":["Strike_R"],"damage_healed":0.0,"max_hp_gain":0.0,"max_hp_loss":0.0,"gold_gain":0.0,"event_name":"Purifier","player_choice":"Purged","floor":2.0,"gold_loss":0.0,"damage_taken":0.0},{"damage_healed":25.0,"max_hp_gain":0.0,"max_hp_loss":0.0,"gold_gain":0.0,"event_name":"Big Fish","player_choice":"Banana","floor":8.0,"gold_loss":0.0,"damage_taken":0.0},{"damage_healed":0.0,"max_hp_gain":0.0,"max_hp_loss":0.0,"gold_gain":0.0,"event_name":"Upgrade Shrine","player_choice":"Upgraded","floor":12.0,"gold_loss":0.0,"damage_taken":0.0,"cards_upgraded":["Bash"]},{"cards_removed":["Strike_R"],"damage_healed":0.0,"max_hp_gain":0.0,"max_hp_loss":0.0,"gold_gain":0.0,"event_name":"Back to Basics","player_choice":"Elegance","floor":19.0,"gold_loss":0.0,"damage_taken":0.0},{"damage_healed":0.0,"max_hp_gain":0.0,"max_hp_loss":0.0,"gold_gain":0.0,"event_name":"The Woman in Blue","player_choice":"Bought 2 Potions","floor":21.0,"gold_loss":0.0,"damage_taken":0.0},{"damage_healed":0.0,"max_hp_gain":0.0,"max_hp_loss":0.0,"gold_gain":0.0,"event_name":"Transmorgrifier","player_choice":"Ignored","floor":38.0,"gold_loss":0.0,"damage_taken":0.0},{"damage_healed":0.0,"max_hp_gain":0.0,"max_hp_loss":0.0,"gold_gain":0.0,"event_name":"SensoryStone","player_choice":"Memory 3","floor":48.0,"gold_loss":0.0,"damage_taken":10.0}],"is_beta":false,"boss_relics":[{"not_picked":["Fusion Hammer","Philosopher\u0027s Stone"],"picked":"Runic Pyramid"},{"not_picked":["Snecko Eye","SlaversCollar"],"picked":"Empty Cage"}],"items_purged_floors":[22,37,53],"is_endless":false,"potions_floor_spawned":[1,4,10,11,14,16,24,27,28,29,35,46],"ascension_level":19}}