{"host":"00olc56ucl6mk3pv","time":1613572451,"event":{"mods":["AchievementEnabler","BaseMod","Keyboard Shortcuts","Minty Spire (QoL Compilation)","Quick Restart","SuperFastMode"],"gold_per_floor":[111,186,111,126,142,142,173,183,254,1,1,29,29,49,49,122,122,135,146,161,11,61,61,61,81,106,106,141,141,141,169,169,247,247,260,39,59,79,79,79,79,89,89,89,106,137,137,137],"floor_reached":47,"language":"KOR","playtime":3819,"items_purged":["Strike_B"],"score":1056,"play_id":"ec589edd-b763-4b7e-9bf3-ed7c3fc6bfbb","local_time":"20210217233411","is_ascension_mode":true,"campfire_choices":[{"data":"Zap","floor":6.0,"key":"SMITH"},{"floor":11.0,"key":"REST"},{"floor":15.0,"key":"DIG"},{"data":"Biased Cognition","floor":23.0,"key":"SMITH"},{"data":"Capacitor","floor":27.0,"key":"SMITH"},{"data":"Fission","floor":30.0,"key":"SMITH"},{"floor":32.0,"key":"REST"},{"data":"Buffer","floor":40.0,"key":"SMITH"},{"data":"Coolheaded","floor":44.0,"key":"SMITH"}],"circlet_count":0,"master_deck":["AscendersBane","Defend_B","Defend_B","Zap+1","Dualcast+1","Conserve Battery","Compile Driver","Ball Lightning+1","Beam Cell+1","Fusion","All For One","Meteor Strike","Go for the Eyes","Biased Cognition+1","Cold Snap","Double Energy","BootSequence","Panacea","Sunder","Capacitor+1","Defragment+1","Fission+1","Biased Cognition+1","Echo Form","Buffer+1","Coolheaded+1","Defragment","Stack","Consume","Hologram+1","Loop","Seek"],"relics":["Cracked Core","Shovel","Question Card","Happy Flower","Eternal Feather","Mercury Hourglass","Empty Cage","Whetstone","Bag of Marbles","Kunai","Cursed Key","The Courier"],"acts_visited":["Exordium","TheCity","TheBeyond"],"potions_floor_usage":[],"damage_taken":[{"damage":7.0,"enemies":"Jaw Worm","floor":1.0,"turns":3.0},{"damage":7.0,"enemies":"Small Slimes","floor":4.0,"turns":4.0},{"damage":0.0,"enemies":"2 Louse","floor":5.0,"turns":2.0},{"damage":11.0,"enemies":"Lagavulin","floor":7.0,"turns":7.0},{"damage":0.0,"enemies":"Exordium Wildlife","floor":8.0,"turns":3.0},{"damage":11.0,"enemies":"Gremlin Nob","floor":12.0,"turns":3.0},{"damage":2.0,"enemies":"Large Slime","floor":14.0,"turns":3.0},{"damage":15.0,"enemies":"Hexaghost","floor":16.0,"turns":9.0},{"damage":0.0,"enemies":"Chosen","floor":18.0,"turns":3.0},{"damage":3.0,"enemies":"2 Thieves","floor":19.0,"turns":3.0},{"damage":11.0,"enemies":"Sentry and Sphere","floor":20.0,"turns":4.0},{"damage":19.0,"enemies":"Centurion and Healer","floor":25.0,"turns":6.0},{"damage":33.0,"enemies":"Gremlin Leader","floor":28.0,"turns":5.0},{"damage":14.0,"enemies":"Book of Stabbing","floor":31.0,"turns":3.0},{"damage":42.0,"enemies":"Collector","floor":33.0,"turns":7.0},{"damage":18.0,"enemies":"3 Darklings","floor":35.0,"turns":4.0},{"damage":16.0,"enemies":"3 Shapes","floor":37.0,"turns":6.0},{"damage":8.0,"enemies":"Sphere and 2 Shapes","floor":38.0,"turns":6.0},{"damage":0.0,"enemies":"4 Shapes","floor":42.0,"turns":6.0},{"damage":10.0,"enemies":"Maw","floor":45.0,"turns":8.0},{"damage":0.0,"enemies":"Giant Head","floor":46.0,"turns":10.0},{"damage":53,"enemies":"Jaw Worm Horde","floor":47,"turns":2}],"seed_played":"6553341214060272017","potions_obtained":[{"floor":5.0,"key":"GamblersBrew"},{"floor":8.0,"key":"DistilledChaos"},{"floor":14.0,"key":"Block Potion"},{"floor":20.0,"key":"Fire Potion"},{"floor":25.0,"key":"GamblersBrew"},{"floor":28.0,"key":"Explosive Potion"},{"floor":31.0,"key":"Regen Potion"},{"floor":38.0,"key":"CultistPotion"},{"floor":42.0,"key":"FocusPotion"}],"is_trial":false,"path_per_floor":["M","?","?","M","M","R","E","M","T","$","R","E","?","M","R","B",null,"M","M","M","$","?","R","?","M","T","R","E","?","R","E","R","B",null,"M","$","M","M","?","R","?","M","T","R","M","E","M"],"character_chosen":"DEFECT","items_purchased":["All For One","Panacea","Energy Potion","Defragment","Regen Potion","PowerPotion"],"campfire_rested":2,"item_purchase_floors":[10,21,21,36,36,36],"current_hp_per_floor":[57,46,46,39,39,39,28,28,28,28,49,38,12,10,19,4,54,54,51,40,40,40,52,52,33,33,45,12,12,24,10,43,16,57,39,39,23,27,27,42,42,42,42,60,50,50,0,0],"gold":137,"neow_bonus":"UPGRADE_CARD","is_daily":false,"chose_seed":false,"campfire_upgraded":6,"win_rate":0.0,"timestamp":1613572451,"path_taken":["M","?","?","M","M","R","E","M","T","?","R","E","?","M","R","BOSS","M","M","M","$","?","R","?","M","T","R","E","?","R","E","R","BOSS","M","$","M","M","?","R","?","?","T","R","M","E","M"],"items_purchased_type":["Card","Card","Potion","Card","Potion","Potion"],"build_version":"2020-12-22","purchased_purges":1,"victory":false,"max_hp_per_floor":[71,71,71,71,71,71,71,71,71,71,71,71,71,71,71,71,71,71,71,71,71,71,71,71,71,71,71,71,71,71,71,71,71,71,71,71,71,71,67,67,67,67,67,67,67,67,67,67],"card_choices":[{"not_picked":["Leap","Reinforced Body"],"picked":"Conserve Battery","floor":1.0},{"not_picked":["Aggregate","Leap"],"picked":"Compile Driver","floor":4.0},{"not_picked":["Go for the Eyes","Hologram"],"picked":"Ball Lightning","floor":5.0},{"not_picked":["Recycle","Reinforced Body"],"picked":"Beam Cell","floor":7.0},{"not_picked":["Redo","Multi-Cast"],"picked":"Fusion","floor":8.0},{"not_picked":["Coolheaded","Static Discharge","Conserve Battery"],"picked":"Meteor Strike","floor":12.0},{"not_picked":["Coolheaded","BootSequence","Ball Lightning"],"picked":"Go for the Eyes","floor":14.0},{"not_picked":["Buffer","Core Surge","Amplify"],"picked":"Biased Cognition","floor":16.0},{"not_picked":["Hologram","Steam","Rebound+1"],"picked":"Cold Snap","floor":18.0},{"not_picked":["Leap","Streamline","Redo"],"picked":"Double Energy","floor":19.0},{"not_picked":["Beam Cell","Static Discharge","Conserve Battery+1"],"picked":"BootSequence","floor":20.0},{"not_picked":["Barrage","Beam Cell","Redo"],"picked":"Defragment","floor":25.0},{"not_picked":["Genetic Algorithm+1","Cold Snap","White Noise"],"picked":"Fission","floor":28.0},{"not_picked":["Steam","Cold Snap","Blizzard"],"picked":"Echo Form","floor":31.0},{"not_picked":["Echo Form","Fission","Meteor Strike"],"picked":"Buffer","floor":33.0},{"not_picked":["Lockon","Auto Shields","Redo"],"picked":"Coolheaded","floor":35.0},{"not_picked":["Leap","Streamline","Redo+1"],"picked":"Stack","floor":37.0},{"not_picked":["Undo","Conserve Battery+1","Go for the Eyes"],"picked":"Consume","floor":38.0},{"not_picked":["Stack+1","Meteor Strike","Streamline"],"picked":"Hologram+1","floor":42.0},{"not_picked":["Stack","Leap+1","Sunder"],"picked":"Loop","floor":45.0},{"not_picked":["Sweeping Beam","White Noise","Core Surge"],"picked":"Seek","floor":46.0}],"player_experience":590580,"relics_obtained":[{"floor":7.0,"key":"Shovel"},{"floor":9.0,"key":"Question Card"},{"floor":12.0,"key":"Happy Flower"},{"floor":15.0,"key":"Mercury Hourglass"},{"floor":26.0,"key":"Whetstone"},{"floor":28.0,"key":"Bag of Marbles"},{"floor":31.0,"key":"Kunai"},{"floor":46.0,"key":"The Courier"}],"event_choices":[{"damage_healed":0.0,"max_hp_gain":0.0,"max_hp_loss":0.0,"gold_gain":75.0,"event_name":"World of Goop","player_choice":"Gather Gold","floor":2.0,"gold_loss":0.0,"damage_taken":11.0},{"cards_removed":["Strike_B"],"damage_healed":0.0,"max_hp_gain":0.0,"max_hp_loss":0.0,"gold_gain":0.0,"event_name":"The Cleric","player_choice":"Card Removal","floor":3.0,"gold_loss":75.0,"damage_taken":0.0},{"damage_healed":0.0,"max_hp_gain":0.0,"max_hp_loss":0.0,"gold_gain":0.0,"event_name":"Scrap Ooze","player_choice":"Success","floor":13.0,"gold_loss":0.0,"damage_taken":26.0,"relics_obtained":["Eternal Feather"]},{"damage_healed":0.0,"max_hp_gain":0.0,"max_hp_loss":0.0,"gold_gain":50.0,"event_name":"Nest","player_choice":"Stole From Cult","floor":22.0,"gold_loss":0.0,"damage_taken":0.0},{"damage_healed":0.0,"max_hp_gain":0.0,"max_hp_loss":0.0,"gold_gain":0.0,"cards_transformed":["Defend_B","Defend_B"],"event_name":"Drug Dealer","player_choice":"Became Test Subject","floor":24.0,"gold_loss":0.0,"damage_taken":0.0,"cards_obtained":["Sunder","Capacitor"]},{"damage_healed":0.0,"max_hp_gain":0.0,"max_hp_loss":0.0,"gold_gain":0.0,"event_name":"Duplicator","player_choice":"Copied","floor":29.0,"gold_loss":0.0,"damage_taken":0.0,"cards_obtained":["Biased Cognition"]},{"damage_healed":0.0,"max_hp_gain":0.0,"max_hp_loss":4.0,"gold_gain":0.0,"event_name":"Winding Halls","player_choice":"Max HP","floor":39.0,"gold_loss":0.0,"damage_taken":0.0},{"damage_healed":0.0,"max_hp_gain":0.0,"max_hp_loss":0.0,"gold_gain":0.0,"event_name":"Accursed Blacksmith","player_choice":"Forge","floor":41.0,"gold_loss":0.0,"damage_taken":0.0,"cards_upgraded":["Defragment"]}],"is_beta":false,"boss_relics":[{"not_picked":["Busted Crown","Ectoplasm"],"picked":"Empty Cage"},{"not_picked":["Coffee Dripper","SlaversCollar"],"picked":"Cursed Key"}],"items_purged_floors":[10],"is_endless":false,"potions_floor_spawned":[5,8,14,20,25,28,31,37,38,42],"killed_by":"Jaw Worm Horde","ascension_level":20}}