{"host":"utqe55yv0jihe4d6","time":1613529265,"event":{"mods":["2.2 Compatiblity","AchievementEnabler","BaseMod","Block Reminder","Colored Map","Colored Powertips","Minty Spire (QoL Compilation)","Quick Restart","Rare Cards Sparkle","Relic Stats","SuperFastMode"],"gold_per_floor":[110,124,138,148,148,148,198,198,198,198,198],"floor_reached":10,"language":"ENG","playtime":242,"items_purged":[],"score":116,"play_id":"ae16ae84-0df0-4fad-ab52-05890b66cc94","local_time":"20210216213425","is_ascension_mode":true,"campfire_choices":[{"data":"Bash","floor":6,"key":"SMITH"},{"data":"Clothesline","floor":8,"key":"SMITH"}],"circlet_count":0,"master_deck":["AscendersBane","Strike_R","Strike_R","Strike_R","Strike_R","Strike_R","Defend_R","Defend_R","Defend_R","Defend_R","Bash+1","Pommel Strike","Shrug It Off","Clothesline+1","Uppercut+1"],"relics":["Burning Blood","Unceasing Top","Ginger"],"acts_visited":["Exordium"],"potions_floor_usage":[10],"damage_taken":[{"damage":1,"enemies":"Small Slimes","floor":1,"turns":5},{"damage":6,"enemies":"Cultist","floor":2,"turns":3},{"damage":6,"enemies":"2 Louse","floor":3,"turns":3},{"damage":20,"enemies":"Exordium Wildlife","floor":4,"turns":5},{"damage":46,"enemies":"3 Sentries","floor":10,"turns":8}],"seed_played":"327951270561394281","potions_obtained":[{"floor":2,"key":"CultistPotion"},{"floor":4,"key":"Weak Potion"}],"is_trial":false,"path_per_floor":["M","M","M","M","?","R","?","R","T","E"],"character_chosen":"IRONCLAD","items_purchased":[],"campfire_rested":0,"item_purchase_floors":[],"current_hp_per_floor":[55,55,55,41,41,41,41,41,41,0,0],"gold":198,"neow_bonus":"ONE_RARE_RELIC","is_daily":false,"chose_seed":false,"campfire_upgraded":2,"win_rate":0.0,"timestamp":1613529265,"path_taken":["M","M","M","M","?","R","?","R","T","E"],"items_purchased_type":[],"build_version":"2020-12-22","purchased_purges":0,"victory":false,"max_hp_per_floor":[75,75,75,75,75,75,75,75,75,75,75],"relic_stats":{"counters":[5,24],"Ginger":[0],"obtain_stats":[{"Ginger":9,"Burning Blood":0,"Unceasing Top":0},{"Ginger":4,"Burning Blood":0,"Unceasing Top":0},{"Ginger":16,"Burning Blood":0,"Unceasing Top":0}],"Burning Blood":24,"Unceasing Top":[0]},"card_choices":[{"not_picked":["Cleave","Clash"],"picked":"Pommel Strike","floor":1},{"not_picked":["Anger","Cleave"],"picked":"Shrug It Off","floor":2},{"not_picked":["Berserk","Rage"],"picked":"Clothesline","floor":3},{"not_picked":["Twin Strike","Cleave"],"picked":"Uppercut","floor":4}],"player_experience":3077742,"relics_obtained":[{"floor":9,"key":"Ginger"}],"event_choices":[{"damage_healed":0,"gold_gain":0,"player_choice":"Grow","damage_taken":0,"max_hp_gain":0,"max_hp_loss":0,"event_name":"Living Wall","floor":5,"gold_loss":0,"cards_upgraded":["Uppercut"]},{"damage_healed":0,"gold_gain":50,"player_choice":"Pray","damage_taken":0,"max_hp_gain":0,"max_hp_loss":0,"event_name":"Golden Shrine","floor":7,"gold_loss":0}],"is_beta":false,"boss_relics":[],"items_purged_floors":[],"is_endless":false,"potions_floor_spawned":[2,4],"killed_by":"3 Sentries","ascension_level":20}}