{"host":"uv5ws9rdk87e8i5k","time":1613595887,"event":{"mods":["AchievementEnabler","BaseMod","Colored Map","Minty Spire (QoL Compilation)","Permanent Neow","Quick Restart","StSLib","SuperFastMode","The Necromancer"],"gold_per_floor":[366,68,81,92,92,118,136,136,136,136,169,189,219,294,294,394,394,404,99,99],"floor_reached":19,"language":"ENG","playtime":5704,"items_purged":["Normality"],"score":299,"play_id":"539171e9-82da-4eac-95d0-37a2e654cfd5","local_time":"20210217150447","is_ascension_mode":true,"campfire_choices":[{"data":"Uppercut","floor":8,"key":"SMITH"},{"data":"Clothesline","floor":10,"key":"SMITH"},{"data":"Impervious","floor":15,"key":"SMITH"}],"circlet_count":0,"master_deck":["AscendersBane","Strike_R","Strike_R","Strike_R","Strike_R","Strike_R","Defend_R","Defend_R","Defend_R","Defend_R","Bash","Uppercut+1","Heavy Blade","Cleave","Shrug It Off","Clothesline+1","Impervious+1","Rage","Whirlwind","Demon Form","Shockwave"],"relics":["Burning Blood","Omamori","Art of War","StrikeDummy","Incense Burner","Meat on the Bone","Calling Bell","MealTicket","Pantograph","Pocketwatch","Dead Branch"],"acts_visited":["Exordium","TheCity"],"potions_floor_usage":[4,11,13,18],"damage_taken":[{"damage":8,"enemies":"2 Louse","floor":1,"turns":3},{"damage":4,"enemies":"Jaw Worm","floor":3,"turns":4},{"damage":0,"enemies":"Cultist","floor":4,"turns":2},{"damage":47,"enemies":"Lagavulin","floor":6,"turns":10},{"damage":2,"enemies":"Exordium Wildlife","floor":7,"turns":4},{"damage":12,"enemies":"Gremlin Nob","floor":11,"turns":3},{"damage":6,"enemies":"Exordium Thugs","floor":12,"turns":4},{"damage":1,"enemies":"Lagavulin","floor":13,"turns":5},{"damage":28,"enemies":"The Guardian","floor":16,"turns":13},{"damage":23,"enemies":"2 Thieves","floor":18,"turns":5}],"seed_played":"-7050033637890311535","potions_obtained":[{"floor":1,"key":"AttackPotion"},{"floor":3,"key":"Strength Potion"},{"floor":6,"key":"Block Potion"},{"floor":12,"key":"SneckoOil"},{"floor":18,"key":"FairyPotion"}],"is_trial":false,"path_per_floor":["M","$","M","M","?","E","M","R","T","R","E","M","E","?","R","B",null,"M","$"],"character_chosen":"IRONCLAD","items_purchased":["Uppercut","Omamori","Dead Branch"],"campfire_rested":0,"item_purchase_floors":[2,2,19],"current_hp_per_floor":[70,70,72,78,78,37,41,41,41,41,35,35,40,29,29,19,65,48,63,63],"gold":99,"neow_bonus":"TWO_FIFTY_GOLD","is_daily":false,"chose_seed":false,"campfire_upgraded":3,"win_rate":0.0,"timestamp":1613595887,"path_taken":["M","$","M","M","?","E","M","R","T","R","E","M","E","?","R","BOSS","M","$"],"items_purchased_type":["Card","Relic","Relic"],"build_version":"2020-12-22","purchased_purges":1,"victory":false,"max_hp_per_floor":[80,80,80,80,80,80,80,80,80,80,80,80,80,80,80,80,80,80,80,80],"card_choices":[{"not_picked":["Warcry","True Grit","Intimidate"],"picked":"SKIP","floor":1},{"not_picked":["Flex","Armaments"],"picked":"Heavy Blade","floor":3},{"not_picked":["Anger","Intimidate"],"picked":"Cleave","floor":4},{"not_picked":["Corruption","Combust"],"picked":"Shrug It Off","floor":6},{"not_picked":["Sword Boomerang","Reckless Charge"],"picked":"Clothesline","floor":7},{"not_picked":["Spot Weakness","Anger"],"picked":"Impervious","floor":11},{"not_picked":["Sword Boomerang","Inflame"],"picked":"Rage","floor":12},{"not_picked":["Cleave","True Grit"],"picked":"Whirlwind","floor":13},{"not_picked":["Corruption","Berserk"],"picked":"Demon Form","floor":16},{"not_picked":["Sword Boomerang","Armaments"],"picked":"Shockwave","floor":18}],"player_experience":213238,"relics_obtained":[{"floor":6,"key":"Art of War"},{"floor":9,"key":"StrikeDummy"},{"floor":11,"key":"Incense Burner"},{"floor":13,"key":"Meat on the Bone"},{"floor":17,"key":"MealTicket"},{"floor":17,"key":"Pantograph"},{"floor":17,"key":"Pocketwatch"}],"event_choices":[{"damage_healed":0,"gold_gain":0,"player_choice":"Ignored","damage_taken":0,"max_hp_gain":0,"max_hp_loss":0,"event_name":"Liars Game","floor":5,"gold_loss":0},{"damage_healed":0,"gold_gain":75,"player_choice":"Gather Gold","damage_taken":11,"max_hp_gain":0,"max_hp_loss":0,"event_name":"World of Goop","floor":14,"gold_loss":0}],"is_beta":false,"boss_relics":[{"not_picked":["Empty Cage","Tiny House"],"picked":"Calling Bell"}],"items_purged_floors":[2],"is_endless":false,"potions_floor_spawned":[1,3,6,12,18],"ascension_level":12}}