{"host":"7gewg82ormp6yt4e","time":1613569816,"event":{"mods":["BaseMod","Block Reminder","Colored Map","DeckTracker","Highlight Path","Minty Spire (QoL Compilation)","Relic Stats","StSLib","ojb\u0027s Info Mod"],"gold_per_floor":[40,77,116,169,201,201,267,350,396,396,396,396,427,477,477,573,573,611,657,657,11,11,11],"floor_reached":22,"language":"JPN","playtime":951,"items_purged":[],"score":446,"play_id":"af968116-0d48-494b-b635-ac99bfb72249","local_time":"20210217225016","is_ascension_mode":true,"campfire_choices":[{"data":"HandOfGreed","floor":6.0,"key":"SMITH"},{"data":"Eruption","floor":10.0,"key":"SMITH"},{"floor":12.0,"key":"REST"},{"data":"Devotion","floor":15.0,"key":"SMITH"}],"circlet_count":0,"master_deck":["AscendersBane","Strike_P","Strike_P+1","Strike_P","Strike_P","Defend_P","Defend_P","Defend_P","Defend_P","Eruption+1","Vigilance","HandOfGreed+1","ClearTheMind","CarveReality","BowlingBash","Protect","Tantrum","Devotion+1","Conclude","CutThroughFate","LessonLearned","InnerPeace","EmptyBody","Adaptation","Panacea"],"relics":["PureWater","Boot","Akabeko","Bloody Idol","Vajra","Runic Pyramid","Strange Spoon","Blood Vial"],"acts_visited":["Exordium","TheCity"],"potions_floor_usage":[],"damage_taken":[{"damage":0.0,"enemies":"Cultist","floor":1.0,"turns":2.0},{"damage":7.0,"enemies":"Small Slimes","floor":2.0,"turns":3.0},{"damage":2.0,"enemies":"Jaw Worm","floor":3.0,"turns":3.0},{"damage":13.0,"enemies":"3 Louse","floor":4.0,"turns":4.0},{"damage":10.0,"enemies":"Red Slaver","floor":5.0,"turns":3.0},{"damage":11.0,"enemies":"Exordium Thugs","floor":7.0,"turns":6.0},{"damage":0.0,"enemies":"3 Sentries","floor":8.0,"turns":6.0},{"damage":16.0,"enemies":"Gremlin Nob","floor":13.0,"turns":3.0},{"damage":4.0,"enemies":"Blue Slaver","floor":14.0,"turns":3.0},{"damage":14.0,"enemies":"Hexaghost","floor":16.0,"turns":7.0},{"damage":26.0,"enemies":"Chosen","floor":18.0,"turns":5.0},{"damage":2.0,"enemies":"3 Byrds","floor":19.0,"turns":4.0}],"seed_played":"1766755508113268502","potions_obtained":[{"floor":2.0,"key":"Ambrosia"},{"floor":4.0,"key":"SteroidPotion"},{"floor":5.0,"key":"Fire Potion"},{"floor":16.0,"key":"AttackPotion"},{"floor":18.0,"key":"EntropicBrew"}],"is_trial":false,"path_per_floor":["M","M","M","M","M","R","M","E","T","R","?","R","E","M","R","B",null,"M","M","?","$","?"],"character_chosen":"WATCHER","items_purchased":["Strange Spoon","Blood Vial","EmptyBody","Adaptation","Regen Potion","Panacea"],"campfire_rested":1,"item_purchase_floors":[21,21,21,21,21,21],"current_hp_per_floor":[61,54,52,39,29,29,18,18,18,18,18,36,20,16,16,2,47,21,19,19,19,0,0],"gold":11,"neow_bonus":"RANDOM_COLORLESS_2","is_daily":false,"chose_seed":false,"campfire_upgraded":3,"win_rate":0.0,"timestamp":1613569816,"path_taken":["M","M","?","M","M","R","M","E","T","R","?","R","E","M","R","BOSS","M","M","?","$","?"],"items_purchased_type":["Relic","Relic","Card","Card","Potion","Card"],"build_version":"2020-12-22","purchased_purges":0,"victory":false,"max_hp_per_floor":[68,68,68,68,68,68,68,68,68,68,62,62,62,62,62,62,62,62,62,62,62,62,62],"relic_stats":{"Blood Vial":0,"Strange Spoon":[0],"counters":[12,49],"Bloody Idol":0,"Boot":[1],"obtain_stats":[{"Blood Vial":21,"Strange Spoon":21,"Golden Idol":11,"Bloody Idol":20,"Vajra":13,"PureWater":0,"Boot":8,"Akabeko":9,"Runic Pyramid":17},{"Blood Vial":12,"Strange Spoon":12,"Golden Idol":7,"Bloody Idol":12,"Vajra":8,"PureWater":0,"Boot":7,"Akabeko":7,"Runic Pyramid":10},{"Blood Vial":49,"Strange Spoon":49,"Golden Idol":27,"Bloody Idol":49,"Vajra":30,"PureWater":0,"Boot":27,"Akabeko":27,"Runic Pyramid":40}]},"card_choices":[{"not_picked":["Secret Technique","The Bomb"],"picked":"HandOfGreed","floor":0.0},{"not_picked":["FlurryOfBlows","JustLucky"],"picked":"ClearTheMind","floor":1.0},{"not_picked":["ThirdEye","SashWhip"],"picked":"CarveReality","floor":2.0},{"not_picked":["Collect","Protect"],"picked":"BowlingBash","floor":3.0},{"not_picked":["Collect","FlyingSleeves","PathToVictory"],"picked":"SKIP","floor":4.0},{"not_picked":["Evaluate","Halt"],"picked":"Protect","floor":5.0},{"not_picked":["BowlingBash","SashWhip"],"picked":"Tantrum","floor":7.0},{"not_picked":["WheelKick","Halt"],"picked":"Devotion","floor":8.0},{"not_picked":["Protect","FlyingSleeves"],"picked":"Conclude","floor":13.0},{"not_picked":["CrushJoints","JustLucky"],"picked":"CutThroughFate","floor":14.0},{"not_picked":["Blasphemy","Judgement"],"picked":"LessonLearned","floor":16.0},{"not_picked":["SashWhip","FlurryOfBlows","CrushJoints"],"picked":"SKIP","floor":18.0},{"not_picked":["Protect","EmptyBody"],"picked":"InnerPeace","floor":19.0}],"player_experience":2866852,"relics_obtained":[{"floor":8.0,"key":"Boot"},{"floor":9.0,"key":"Akabeko"},{"floor":13.0,"key":"Vajra"}],"event_choices":[{"damage_healed":0.0,"max_hp_gain":0.0,"max_hp_loss":6.0,"gold_gain":0.0,"event_name":"Golden Idol","player_choice":"Lose Max HP","floor":11.0,"gold_loss":0.0,"damage_taken":0.0,"relics_obtained":["Golden Idol"]},{"damage_healed":0.0,"max_hp_gain":0.0,"max_hp_loss":0.0,"gold_gain":0.0,"event_name":"Forgotten Altar","player_choice":"Gave Idol","floor":20.0,"relics_lost":["Golden Idol"],"gold_loss":0.0,"damage_taken":0.0,"relics_obtained":["Bloody Idol"]}],"is_beta":false,"boss_relics":[{"not_picked":["HolyWater","Black Star"],"picked":"Runic Pyramid"}],"items_purged_floors":[],"is_endless":false,"potions_floor_spawned":[2,4,5,16,18],"ascension_level":20}}