{"host":"k61mm3c5x52iumad","time":1613571028,"event":{"mods":["BaseMod","Better Note","Block Reminder","Downfall","GifTheSpireLib","Minty Spire (QoL Compilation)","Quick Restart","Rare Cards Sparkle","StSLib","Stuff the Spire","The Hayseed"],"gold_per_floor":[114,129,129,129,129,129,162,178,178,178,192,192,211,229,229,229,229],"floor_reached":16,"language":"ENG","playtime":597,"items_purged":[],"score":133,"play_id":"15dbb1dc-75e0-4243-a8ca-794f677ff1be","local_time":"20210217151028","is_ascension_mode":true,"campfire_choices":[{"floor":6,"key":"RECALL"},{"data":"Zap","floor":10,"key":"SMITH"},{"data":"StuffTheSpire:EventHorizon","floor":12,"key":"SMITH"},{"floor":15,"key":"REST"}],"circlet_count":0,"master_deck":["Strike_B","Strike_B","Strike_B","Strike_B+1","Defend_B","Defend_B","Defend_B","Defend_B","Zap+1","Dualcast","Ball Lightning+1","Go for the Eyes","Redo","Rebound","StuffTheSpire:EventHorizon+1","Darkness","Beam Cell"],"relics":["Cracked Core","NeowsBlessing","StuffTheSpire:RubySignet"],"acts_visited":["Exordium"],"potions_floor_usage":[16],"damage_taken":[{"damage":0,"enemies":"Small Slimes","floor":1,"turns":1},{"damage":0,"enemies":"Jaw Worm","floor":2,"turns":1},{"damage":0,"enemies":"Gremlin Nob","floor":7,"turns":1},{"damage":0,"enemies":"2 Louse","floor":8,"turns":2},{"damage":17,"enemies":"Exordium Thugs","floor":11,"turns":3},{"damage":15,"enemies":"Gremlin Gang","floor":13,"turns":4},{"damage":1,"enemies":"2 Fungi Beasts","floor":14,"turns":3},{"damage":51,"enemies":"Hexaghost","floor":16,"turns":10}],"seed_played":"-2931979526010482400","potions_obtained":[{"floor":8,"key":"Block Potion"},{"floor":11,"key":"GamblersBrew"},{"floor":14,"key":"Guardian:BlockOnCardUsePotion"}],"is_trial":false,"path_per_floor":["M","M","?","?","?","R","E","M","T","R","M","R","M","M","R","B"],"character_chosen":"DEFECT","items_purchased":[],"campfire_rested":1,"item_purchase_floors":[],"current_hp_per_floor":[75,75,60,60,60,60,60,60,60,60,43,43,28,29,51,0,0],"gold":229,"neow_bonus":"THREE_ENEMY_KILL","is_daily":false,"chose_seed":false,"campfire_upgraded":2,"win_rate":0.0,"timestamp":1613571028,"path_taken":["M","M","?","?","?","R","E","M","T","R","M","R","M","M","R","BOSS"],"items_purchased_type":[],"build_version":"2020-12-22","purchased_purges":0,"victory":false,"max_hp_per_floor":[75,75,75,75,75,75,75,75,75,75,75,75,75,75,75,75,75],"card_choices":[{"not_picked":["Cold Snap","Leap"],"picked":"Ball Lightning","floor":1},{"not_picked":["Gash","Reinforced Body"],"picked":"Ball Lightning","floor":2},{"not_picked":["Force Field","Go for the Eyes"],"picked":"Redo","floor":7},{"not_picked":["Redo","Compile Driver"],"picked":"Rebound","floor":8},{"not_picked":["Static Discharge","Rebound"],"picked":"StuffTheSpire:EventHorizon","floor":11},{"not_picked":["Tempest","Glacier"],"picked":"Darkness","floor":13},{"not_picked":["Cold Snap","StuffTheSpire:CleanHardDrive"],"picked":"Beam Cell","floor":14}],"player_experience":244817,"relics_obtained":[{"floor":7,"key":"StuffTheSpire:RubySignet"}],"event_choices":[{"damage_healed":0,"gold_gain":0,"player_choice":"Entered Light","damage_taken":15,"max_hp_gain":0,"max_hp_loss":0,"event_name":"Shining Light","floor":3,"gold_loss":0,"cards_upgraded":["Strike_B","Ball Lightning"]},{"damage_healed":0,"gold_gain":0,"cards_transformed":["Ball Lightning"],"player_choice":"Change","damage_taken":0,"max_hp_gain":0,"max_hp_loss":0,"event_name":"Living Wall","floor":4,"gold_loss":0,"cards_obtained":["Go for the Eyes"]},{"damage_healed":0,"gold_gain":0,"player_choice":"Ignored","damage_taken":0,"max_hp_gain":0,"max_hp_loss":0,"event_name":"Liars Game","floor":5,"gold_loss":0}],"is_beta":false,"boss_relics":[],"items_purged_floors":[],"is_endless":false,"potions_floor_spawned":[8,11,14],"killed_by":"Hexaghost","ascension_level":1}}