{"host":"njcl8kinlkfw245p","time":1613584523,"event":{"mods":["BaseMod","Block Reminder","Colored Map","Googly Eyes","KinomotoSakuraMod(????)","Minty Spire (QoL Compilation)","StSLib","The Senshi","Unceasing Turn Reminder","everything is the same but u backflip on backflip"],"gold_per_floor":[369,444,454,61,11,38,38,38,63,63,63,63,97,30,30,30,30],"floor_reached":16,"language":"ENG","playtime":608,"items_purged":[],"score":120,"play_id":"9e573c33-39eb-4890-b527-4660460e1cd9","local_time":"20210217095523","is_ascension_mode":true,"campfire_choices":[{"floor":8.0,"key":"REST"},{"data":"Bash","floor":10.0,"key":"SMITH"},{"data":"Cleave","floor":12.0,"key":"SMITH"},{"floor":15,"key":"REST"}],"circlet_count":0,"master_deck":["Strike_R","Strike_R","Strike_R","Strike_R","Defend_R","Defend_R","Defend_R","Defend_R","Bash+1","Cleave+1","Body Slam","Metallicize","Feed","Impervious","Hemokinesis","Spot Weakness"],"relics":["Burning Blood","Blood Vial","Bottled Flame","InkBottle","Art of War"],"acts_visited":["Exordium"],"potions_floor_usage":[13],"damage_taken":[{"damage":0.0,"enemies":"Small Slimes","floor":1.0,"turns":3.0},{"damage":4.0,"enemies":"Jaw Worm","floor":3.0,"turns":4.0},{"damage":50.0,"enemies":"Lagavulin","floor":6.0,"turns":9.0},{"damage":32,"enemies":"3 Sentries","floor":13,"turns":7},{"damage":43,"enemies":"Slime Boss","floor":16,"turns":7}],"seed_played":"6364910941903856431","potions_obtained":[{"floor":1.0,"key":"SmokeBomb"},{"floor":6.0,"key":"BlessingOfTheForge"}],"is_trial":false,"path_per_floor":["M","?","M","$","?","E","?","R","T","R","?","R","E","$","R","B"],"character_chosen":"IRONCLAD","items_purchased":["Blood Vial","Metallicize","Feed","Spot Weakness"],"campfire_rested":2,"item_purchase_floors":[4,4,4,14],"current_hp_per_floor":[62,51,53,53,53,11,11,35,35,35,35,35,11,11,35,0,0],"gold":30,"neow_bonus":"TWO_FIFTY_GOLD","is_daily":false,"chose_seed":false,"campfire_upgraded":2,"win_rate":0.0,"timestamp":1613584523,"path_taken":["M","?","M","$","?","E","?","R","T","R","?","R","E","?","R","BOSS"],"items_purchased_type":["Relic","Card","Card","Card"],"build_version":"2020-12-22","purchased_purges":0,"victory":false,"max_hp_per_floor":[80,80,80,80,80,80,80,80,80,80,80,80,80,80,80,80,80],"card_choices":[{"not_picked":["Seeing Red","Burning Pact"],"picked":"Cleave","floor":1.0},{"not_picked":["Searing Blow","Clash"],"picked":"Body Slam","floor":3.0},{"not_picked":["Anger","Clash"],"picked":"Impervious","floor":6.0},{"not_picked":["Perfected Strike","Warcry"],"picked":"Hemokinesis","floor":13}],"player_experience":955741,"relics_obtained":[{"floor":6.0,"key":"Bottled Flame"},{"floor":13,"key":"Art of War"}],"event_choices":[{"damage_healed":0.0,"max_hp_gain":0.0,"max_hp_loss":0.0,"gold_gain":75.0,"event_name":"World of Goop","player_choice":"Gather Gold","floor":2.0,"gold_loss":0.0,"damage_taken":11.0},{"cards_removed":["Strike_R"],"damage_healed":0.0,"max_hp_gain":0.0,"max_hp_loss":0.0,"gold_gain":0.0,"event_name":"The Cleric","player_choice":"Card Removal","floor":5.0,"gold_loss":50.0,"damage_taken":0.0},{"damage_healed":0.0,"max_hp_gain":0.0,"max_hp_loss":0.0,"gold_gain":0.0,"event_name":"Scrap Ooze","player_choice":"Fled","floor":7.0,"gold_loss":0.0,"damage_taken":0.0},{"damage_healed":0.0,"max_hp_gain":0.0,"max_hp_loss":0.0,"gold_gain":0.0,"event_name":"Dead Adventurer","player_choice":"Searched \u00272\u0027 times","floor":11.0,"gold_loss":0.0,"damage_taken":0.0,"relics_obtained":["InkBottle"]}],"is_beta":false,"boss_relics":[],"items_purged_floors":[],"is_endless":false,"potions_floor_spawned":[1,6],"killed_by":"Slime Boss","ascension_level":3}}