{"host":"8eqe2o2g03nh9rfw","time":1613531035,"event":{"mods":["AchievementEnabler","AlwaysNeverKeys","BaseMod","Better Third Choice","Block Reminder","Colored Map","Colored Powertips","GifTheSpireLib","Minty Spire (QoL Compilation)","Permanent Neow","Quick Restart","StSLib","Weighted Paths"],"gold_per_floor":[115,129,79,41,1,1,30,30,30,60,80,97,109,284,284,379,379,396,321,7,21,21,21,37,37,37,37,51,68,167,187,187,187,187],"floor_reached":33,"language":"ENG","playtime":2116,"items_purged":[],"score":247,"play_id":"bec56392-9980-4164-9121-2bca8705931d","local_time":"20210216220355","is_ascension_mode":false,"campfire_choices":[{"floor":6,"key":"RECALL"},{"floor":8,"key":"REST"},{"floor":15,"key":"REST"},{"floor":23,"key":"REST"},{"floor":25,"key":"REST"},{"floor":27,"key":"REST"},{"floor":32,"key":"REST"}],"circlet_count":0,"master_deck":["Strike_G","Strike_G","Strike_G","Strike_G","Strike_G","Defend_G","Defend_G","Defend_G","Defend_G","Survivor","Neutralize","Backflip","Caltrops","Noxious Fumes","Crippling Poison","Deflect","Leg Sweep","Leg Sweep","Distraction","Doubt","Night Terror","Endless Agony","Choke","Prepared","Dash+1","Concentrate+1","Catalyst+1","Underhanded Strike"],"relics":["Ring of the Snake","betterThird:SlimedRelic","Bird Faced Urn","Odd Mushroom","Black Star","The Specimen","Gambling Chip"],"acts_visited":["Exordium","TheCity"],"potions_floor_usage":[16,16,29,33,33],"damage_taken":[{"damage":0,"enemies":"Jaw Worm","floor":1,"turns":6},{"damage":0,"enemies":"Small Slimes","floor":2,"turns":6},{"damage":43,"enemies":"3 Sentries","floor":7,"turns":9},{"damage":20,"enemies":"The Mushroom Lair","floor":10,"turns":5},{"damage":6,"enemies":"2 Louse","floor":11,"turns":4},{"damage":0,"enemies":"Blue Slaver","floor":12,"turns":6},{"damage":13,"enemies":"Large Slime","floor":13,"turns":8},{"damage":24,"enemies":"Hexaghost","floor":16,"turns":16},{"damage":13,"enemies":"Shell Parasite","floor":18,"turns":8},{"damage":9,"enemies":"2 Thieves","floor":19,"turns":5},{"damage":48,"enemies":"Centurion and Healer","floor":21,"turns":17},{"damage":5,"enemies":"Chosen and Byrds","floor":24,"turns":7},{"damage":11,"enemies":"Snake Plant","floor":28,"turns":7},{"damage":12,"enemies":"Centurion and Healer","floor":29,"turns":11},{"damage":30,"enemies":"Snecko","floor":31,"turns":10},{"damage":63,"enemies":"Collector","floor":33,"turns":9}],"seed_played":"5929598937230426888","potions_obtained":[{"floor":7,"key":"CunningPotion"},{"floor":13,"key":"SkillPotion"},{"floor":21,"key":"Strength Potion"},{"floor":28,"key":"SkillPotion"},{"floor":31,"key":"Strength Potion"}],"is_trial":false,"path_per_floor":["M","M","?","?","$","R","E","R","T","?","M","M","M","?","R","B",null,"M","M","$","M","?","R","M","R","T","R","M","M","?","M","R","B"],"character_chosen":"THE_SILENT","items_purchased":["Noxious Fumes","The Specimen"],"campfire_rested":6,"item_purchase_floors":[5,20],"current_hp_per_floor":[77,77,77,66,66,66,23,46,46,30,28,32,23,23,46,26,77,64,57,57,13,4,27,26,49,49,72,65,57,57,31,54,0,0],"gold":187,"neow_bonus":"TEN_PERCENT_HP_BONUS","is_daily":false,"chose_seed":false,"campfire_upgraded":0,"win_rate":0.0,"timestamp":1613531035,"path_taken":["M","M","?","?","$","R","E","R","T","?","?","M","M","?","R","BOSS","M","M","$","M","?","R","M","R","T","R","M","M","?","M","R","BOSS"],"items_purchased_type":["Card","Relic"],"build_version":"2020-12-22","purchased_purges":0,"victory":false,"max_hp_per_floor":[77,77,77,77,77,77,77,77,77,77,77,77,77,77,77,77,77,77,77,77,77,77,77,77,77,77,77,77,77,77,77,77,77,77],"card_choices":[{"not_picked":["Blade Dance","Prepared"],"picked":"Backflip","floor":1},{"not_picked":["Deflect","Footwork"],"picked":"Caltrops","floor":2},{"not_picked":["Cloak And Dagger","Grand Finale"],"picked":"Crippling Poison","floor":7},{"not_picked":["Poisoned Stab","Slice"],"picked":"Deflect","floor":10},{"not_picked":["Sucker Punch","Predator"],"picked":"Leg Sweep","floor":11},{"not_picked":["Predator","Backflip"],"picked":"Leg Sweep","floor":12},{"not_picked":["Dodge and Roll","Slice"],"picked":"Distraction","floor":13},{"not_picked":["Bullet Time","Unload"],"picked":"Night Terror","floor":16},{"not_picked":["Prepared","Caltrops"],"picked":"Endless Agony","floor":18},{"not_picked":["Acrobatics","Dagger Throw+1"],"picked":"Choke","floor":19},{"not_picked":["Caltrops","PiercingWail"],"picked":"Prepared","floor":21},{"not_picked":["Backstab","Expertise"],"picked":"Dash+1","floor":24},{"not_picked":["Eviscerate","Sucker Punch"],"picked":"Concentrate+1","floor":28},{"not_picked":["Eviscerate+1","PiercingWail"],"picked":"Catalyst+1","floor":29},{"not_picked":["PiercingWail+1","Burst"],"picked":"Underhanded Strike","floor":31}],"player_experience":134789,"relics_obtained":[{"floor":7,"key":"Bird Faced Urn"},{"floor":10,"key":"Odd Mushroom"},{"floor":26,"key":"Gambling Chip"}],"event_choices":[{"cards_removed":["Defend_G"],"damage_healed":0,"gold_gain":0,"player_choice":"Card Removal","damage_taken":0,"max_hp_gain":0,"max_hp_loss":0,"event_name":"The Cleric","floor":3,"gold_loss":50},{"damage_healed":0,"gold_gain":0,"player_choice":"Slimed","damage_taken":11,"max_hp_gain":0,"max_hp_loss":0,"event_name":"betterThird:BetterGoop","floor":4,"gold_loss":38},{"damage_healed":0,"gold_gain":0,"player_choice":"Fought Mushrooms","damage_taken":0,"max_hp_gain":0,"max_hp_loss":0,"event_name":"Mushrooms","floor":10,"gold_loss":0},{"damage_healed":0,"gold_gain":175,"player_choice":"AGREE","damage_taken":109,"max_hp_gain":0,"max_hp_loss":0,"event_name":"betterThird:BetterSerpent","floor":14,"gold_loss":0},{"damage_healed":0,"gold_gain":0,"player_choice":"Stopped","damage_taken":9,"max_hp_gain":0,"max_hp_loss":0,"event_name":"Cursed Tome","floor":22,"gold_loss":0},{"damage_healed":0,"gold_gain":99,"player_choice":"Steal","damage_taken":0,"max_hp_gain":0,"max_hp_loss":0,"event_name":"betterThird:BetterNest","floor":30,"gold_loss":0}],"is_beta":false,"boss_relics":[{"not_picked":["Snecko Eye","Pandora\u0027s Box"],"picked":"Black Star"}],"items_purged_floors":[],"is_endless":false,"potions_floor_spawned":[7,13,21,28,31],"killed_by":"Collector","ascension_level":0}}