{"host":"a1eatafr7pisesky","time":1613564728,"event":{"mods":["AchievementEnabler","BaseMod","Colored Map","Keyboard Shortcuts","Minty Spire (QoL Compilation)","Say the Spire","StSLib","SuperFastMode","everything is the same but u backflip on backflip"],"gold_per_floor":[113,131,41,61,61,61,75,75,75,88,106,181,191,204,204,204,204],"floor_reached":16,"language":"KOR","playtime":237,"items_purged":[],"score":187,"play_id":"ee03f3eb-a274-4cfd-ae2e-c71d4204b67c","local_time":"20210217212528","is_ascension_mode":true,"campfire_choices":[{"data":"Rampage","floor":6.0,"key":"SMITH"},{"data":"Bash","floor":8.0,"key":"SMITH"},{"floor":15.0,"key":"REST"}],"circlet_count":0,"master_deck":["AscendersBane","Strike_R","Strike_R","Strike_R","Strike_R","Defend_R","Defend_R","Defend_R","Defend_R","Bash+1","Second Wind","Fire Breathing","Feel No Pain","Rampage+1","Second Wind","Power Through","Uppercut","Burning Pact","Armaments"],"relics":["Burning Blood","NeowsBlessing","Regal Pillow"],"acts_visited":["Exordium"],"potions_floor_usage":[16],"damage_taken":[{"damage":0.0,"enemies":"Jaw Worm","floor":1.0,"turns":1.0},{"damage":0.0,"enemies":"2 Louse","floor":2.0,"turns":1.0},{"damage":0.0,"enemies":"Small Slimes","floor":4.0,"turns":1.0},{"damage":11.0,"enemies":"Looter","floor":7.0,"turns":4.0},{"damage":43.0,"enemies":"Exordium Thugs","floor":10.0,"turns":5.0},{"damage":6.0,"enemies":"2 Fungi Beasts","floor":11.0,"turns":5.0},{"damage":15.0,"enemies":"3 Louse","floor":13.0,"turns":5.0},{"damage":14.0,"enemies":"Exordium Wildlife","floor":14.0,"turns":4.0},{"damage":56,"enemies":"Slime Boss","floor":16,"turns":7}],"seed_played":"8763782570112268862","potions_obtained":[{"floor":1.0,"key":"BloodPotion"},{"floor":2.0,"key":"Ancient Potion"},{"floor":7.0,"key":"LiquidMemories"}],"is_trial":false,"path_per_floor":["M","M","$","M","?","R","M","R","T","M","M","?","M","M","R","B"],"character_chosen":"IRONCLAD","items_purchased":["Feel No Pain"],"campfire_rested":1,"item_purchase_floors":[3],"current_hp_per_floor":[74,75,75,75,75,75,75,75,75,38,38,27,18,10,47,0,0],"gold":204,"neow_bonus":"THREE_ENEMY_KILL","is_daily":false,"chose_seed":false,"campfire_upgraded":2,"win_rate":0.0,"timestamp":1613564728,"path_taken":["M","M","$","M","?","R","M","R","T","M","M","?","M","M","R","BOSS"],"items_purchased_type":["Card"],"build_version":"2020-12-22","purchased_purges":0,"victory":false,"max_hp_per_floor":[75,75,75,75,75,75,75,75,75,75,75,75,75,75,75,75,75],"card_choices":[{"not_picked":["Body Slam","Dark Embrace"],"picked":"Second Wind","floor":1.0},{"not_picked":["Armaments","Cleave"],"picked":"Fire Breathing","floor":2.0},{"not_picked":["Havoc","Intimidate"],"picked":"Rampage","floor":4.0},{"not_picked":["Combust","Armaments","Rage"],"picked":"SKIP","floor":7.0},{"not_picked":["Shockwave","Body Slam"],"picked":"Power Through","floor":10.0},{"not_picked":["Cleave","Heavy Blade"],"picked":"Uppercut","floor":11.0},{"not_picked":["Inflame","Headbutt"],"picked":"Burning Pact","floor":13.0},{"not_picked":["Pommel Strike","Anger"],"picked":"Armaments","floor":14.0}],"player_experience":461807,"relics_obtained":[{"floor":9.0,"key":"Regal Pillow"}],"event_choices":[{"damage_healed":0.0,"max_hp_gain":0.0,"max_hp_loss":0.0,"gold_gain":0.0,"cards_transformed":["Strike_R"],"event_name":"Living Wall","player_choice":"Change","floor":5.0,"gold_loss":0.0,"damage_taken":0.0,"cards_obtained":["Second Wind"]},{"damage_healed":0.0,"max_hp_gain":0.0,"max_hp_loss":0.0,"gold_gain":75.0,"event_name":"World of Goop","player_choice":"Gather Gold","floor":12.0,"gold_loss":0.0,"damage_taken":11.0}],"is_beta":false,"boss_relics":[],"items_purged_floors":[],"is_endless":false,"potions_floor_spawned":[1,2,7,10],"killed_by":"Slime Boss","ascension_level":19}}