{"host":"6p0attdrtjqaih7v","time":1613583547,"event":{"mods":["2.2 Compatiblity","AchievementEnabler","Bard","BaseMod","Better Skull","Better Third Choice","Card Filter","Colored Powertips","Hermit","Highlight Path","Hubris","Key Reminder","Minty Spire (QoL Compilation)","Permanent Neow","Quick Restart","Random Character Button","Relic Filter","Relic Stats","Reliquary","Replay The Spire","Robot Space Explorer","StSLib","The Hayseed","The Witch"],"gold_per_floor":[114,114,139,64,83,117,117,151,151,151,172,215,235,22,22,117,117,137,137,137,37,50,50,66,106,106,106,106],"floor_reached":27,"language":"ENG","playtime":1246,"items_purged":["Strike_G","Strike_G"],"score":602,"play_id":"b5991194-a7ec-4d69-b3bb-059e4fb47fb8","local_time":"20210217123907","is_ascension_mode":true,"campfire_choices":[{"data":"Deadly Poison","floor":7,"key":"SMITH"},{"floor":10,"key":"REST"},{"data":"Magnetism","floor":15,"key":"SMITH"},{"data":"Noxious Fumes","floor":23,"key":"SMITH"}],"circlet_count":0,"master_deck":["AscendersBane","Strike_G","Strike_G","Strike_G","Defend_G","Defend_G","Defend_G","Defend_G","Survivor","Neutralize+1","Backflip","Poisoned Stab","Dagger Throw","Deadly Poison+1","Cloak And Dagger","Bane","Dodge and Roll+1","Deflect+1","Trip+1","Magnetism+1","Replay:Bag of Tricks+1","Dodge and Roll+1","Noxious Fumes+1","Deadly Poison+1","Finisher"],"relics":["Ring of the Snake","Golden Idol","ReplayTheSpireMod:Lightbulb","WingedGreaves","hubris:MysteriousPyramids","Toxic Egg 2","ReplayTheSpireMod:ShopPack","reliquary:WritOfMandamus","hubris:DeckOfHolding","Paper Crane"],"acts_visited":["Exordium","TheCity"],"potions_floor_usage":[8,12,16,24,24,24,25],"damage_taken":[{"damage":2,"enemies":"Jaw Worm","floor":1,"turns":4},{"damage":3,"enemies":"Small Slimes","floor":3,"turns":7},{"damage":0,"enemies":"2 Louse","floor":5,"turns":2},{"damage":20,"enemies":"Replay:BlueRogue","floor":6,"turns":15},{"damage":24,"enemies":"Gremlin Nob","floor":8,"turns":4},{"damage":1,"enemies":"Large Slime","floor":11,"turns":5},{"damage":8,"enemies":"Lagavulin","floor":12,"turns":6},{"damage":2,"enemies":"Exordium Wildlife","floor":13,"turns":4},{"damage":0,"enemies":"Hexaghost","floor":16,"turns":8},{"damage":6,"enemies":"3 Byrds","floor":18,"turns":4},{"damage":0,"enemies":"Chosen","floor":22,"turns":3},{"damage":1,"enemies":"3 Cultists","floor":24,"turns":5},{"damage":32,"enemies":"Gremlin Leader","floor":25,"turns":7},{"damage":11,"enemies":"Sentry and Sphere","floor":27,"turns":2}],"seed_played":"-4351102543796784733","potions_obtained":[{"floor":6,"key":"Weak Potion"},{"floor":8,"key":"SkillPotion"},{"floor":12,"key":"Block Potion"},{"floor":13,"key":"Poison Potion"},{"floor":22,"key":"EntropicBrew"}],"is_trial":false,"path_per_floor":["M","?","M","?","M","E","R","E","T","R","M","E","M","$","R","B",null,"M","?","?","$","M","R","M","E","T","M"],"character_chosen":"THE_SILENT","items_purchased":["ReplayTheSpireMod:ShopPack"],"campfire_rested":1,"item_purchase_floors":[14],"current_hp_per_floor":[57,57,54,54,54,34,34,10,10,28,27,19,17,17,17,17,49,43,43,43,43,43,43,42,10,10,0,0],"gold":106,"neow_bonus":"UPGRADE_CARD","is_daily":false,"chose_seed":false,"campfire_upgraded":3,"win_rate":0.0,"timestamp":1613583547,"path_taken":["M","?","M","?","M","E","R","E","T","R","M","E","M","$","R","BOSS","M","?","?","$","M","R","M","E","T","M"],"items_purchased_type":["Relic"],"build_version":"2020-12-22","purchased_purges":2,"victory":false,"max_hp_per_floor":[66,60,60,60,60,60,60,60,60,60,60,60,60,60,60,60,60,60,60,60,60,60,60,60,60,60,60,60],"relic_stats":{"counters":[14,76],"Golden Idol":77,"obtain_stats":[{"Golden Idol":2,"hubris:DeckOfHolding":25,"WingedGreaves":8,"hubris:MysteriousPyramids":9,"Toxic Egg 2":12,"reliquary:WritOfMandamus":17,"Paper Crane":26,"ReplayTheSpireMod:Lightbulb":6,"Ring of the Snake":0,"ReplayTheSpireMod:ShopPack":14},{"Golden Idol":1,"hubris:DeckOfHolding":13,"WingedGreaves":5,"hubris:MysteriousPyramids":5,"Toxic Egg 2":7,"reliquary:WritOfMandamus":9,"Paper Crane":13,"ReplayTheSpireMod:Lightbulb":4,"Ring of the Snake":0,"ReplayTheSpireMod:ShopPack":8},{"Golden Idol":4,"hubris:DeckOfHolding":74,"WingedGreaves":32,"hubris:MysteriousPyramids":32,"Toxic Egg 2":43,"reliquary:WritOfMandamus":55,"Paper Crane":74,"ReplayTheSpireMod:Lightbulb":28,"Ring of the Snake":0,"ReplayTheSpireMod:ShopPack":47}],"Ring of the Snake":[29]},"card_choices":[{"not_picked":["Deflect","Prepared"],"picked":"Backflip","floor":1},{"not_picked":["Deflect","Well Laid Plans"],"picked":"Poisoned Stab","floor":3},{"not_picked":["Acrobatics","Catalyst"],"picked":"Dagger Throw","floor":5},{"not_picked":["Choke","All Out Attack"],"picked":"Deadly Poison","floor":6},{"not_picked":["Accuracy","Replay:Poison Smokescreen"],"picked":"Cloak And Dagger","floor":8},{"not_picked":["Skewer","Outmaneuver"],"picked":"Bane","floor":11},{"not_picked":["Acrobatics+1","Bane"],"picked":"Dodge and Roll+1","floor":12},{"not_picked":["Prepared+1","Backflip+1"],"picked":"Deflect+1","floor":13},{"not_picked":["Forethought","PanicButton"],"picked":"Trip","floor":14},{"not_picked":["Panache","Crow Ritual"],"picked":"Magnetism","floor":14},{"not_picked":["Poison Darts+1","Grand Finale"],"picked":"Replay:Bag of Tricks+1","floor":16},{"not_picked":["Infinite Blades+1","Flying Knee+1"],"picked":"Dodge and Roll+1","floor":18},{"not_picked":["Acrobatics+1","Deflect+1"],"picked":"Noxious Fumes","floor":22},{"not_picked":["Poisoned Stab","Blur+1"],"picked":"Deadly Poison+1","floor":24},{"not_picked":["Flechettes","Outmaneuver+1"],"picked":"Finisher","floor":25}],"player_experience":1133522,"relics_obtained":[{"floor":6,"key":"ReplayTheSpireMod:Lightbulb"},{"floor":8,"key":"WingedGreaves"},{"floor":9,"key":"hubris:MysteriousPyramids"},{"floor":12,"key":"Toxic Egg 2"},{"floor":25,"key":"hubris:DeckOfHolding"},{"floor":26,"key":"Paper Crane"}],"event_choices":[{"damage_healed":0,"gold_gain":0,"player_choice":"Lose Max HP","damage_taken":0,"relics_obtained":["Golden Idol"],"max_hp_gain":0,"max_hp_loss":6,"event_name":"Golden Idol","floor":2,"gold_loss":0},{"cards_removed":["Defend_G"],"damage_healed":0,"gold_gain":0,"player_choice":"Card Removal","damage_taken":0,"max_hp_gain":0,"max_hp_loss":0,"event_name":"The Cleric","floor":4,"gold_loss":75}],"is_beta":false,"boss_relics":[{"not_picked":["HoveringKite","Velvet Choker"],"picked":"reliquary:WritOfMandamus"}],"items_purged_floors":[14,21],"is_endless":false,"potions_floor_spawned":[6,8,12,13,22],"killed_by":"Sentry and Sphere","ascension_level":20}}