{"host":"af4pzp5tm7cfibaw","time":1613532127,"event":{"mods":["AchievementEnabler","BaseMod","BetterRewards","Downfall","Highlight Path","Minty Spire (QoL Compilation)","StSLib","SuperFastMode"],"gold_per_floor":[119,139,214,214,234,234,262,262,315,325,360,373,15,31,31,130,130,140,140,157,177,177,177,192,205,205,218,218,143,143,159,159,159,159],"floor_reached":33,"language":"ENG","playtime":1016,"items_purged":[],"score":378,"play_id":"8367b5c0-c217-484b-924f-3fd7917706bb","local_time":"20210217162207","is_ascension_mode":true,"campfire_choices":[{"data":"Shockwave","floor":6.0,"key":"SMITH"},{"floor":8.0,"key":"REST"},{"floor":15.0,"key":"REST"},{"floor":23.0,"key":"REST"},{"floor":28.0,"key":"REST"},{"data":"Berserk","floor":30.0,"key":"SMITH"},{"data":"Seeing Red","floor":32.0,"key":"SMITH"}],"circlet_count":0,"master_deck":["Strike_R","Strike_R","Strike_R","Strike_R+1","Defend_R","Defend_R","Defend_R","Defend_R","Bash+1","Burning Pact","Perfected Strike+1","Shockwave+1","Heavy Blade","Twin Strike","Hemokinesis","Heavy Blade","Flash of Steel","Thunderclap","Armaments","Immolate","Perfected Strike","Pommel Strike","Burning Pact","Heavy Blade","Pommel Strike","Berserk+1","Seeing Red+1","Perfected Strike","Whirlwind"],"relics":["Burning Blood","Whetstone","Toy Ornithopter","Boot","Blood Vial","Question Card","sneckomod:SneckoTalon","Slimebound:PreparedRelic","Art of War","Prayer Wheel"],"acts_visited":["Exordium","TheCity"],"potions_floor_usage":[],"damage_taken":[{"damage":10.0,"enemies":"2 Louse","floor":1.0,"turns":2.0},{"damage":9.0,"enemies":"Jaw Worm","floor":2.0,"turns":4.0},{"damage":0.0,"enemies":"Cultist","floor":5.0,"turns":2.0},{"damage":35.0,"enemies":"3 Sentries","floor":7.0,"turns":7.0},{"damage":18.0,"enemies":"Gremlin Gang","floor":10.0,"turns":4.0},{"damage":20.0,"enemies":"Lagavulin","floor":11.0,"turns":5.0},{"damage":8.0,"enemies":"Red Slaver","floor":12.0,"turns":3.0},{"damage":3.0,"enemies":"Exordium Thugs","floor":14.0,"turns":3.0},{"damage":58.0,"enemies":"The Guardian","floor":16.0,"turns":8.0},{"damage":35.0,"enemies":"2 Thieves","floor":18.0,"turns":3.0},{"damage":24.0,"enemies":"3 Byrds","floor":20.0,"turns":4.0},{"damage":33.0,"enemies":"Shelled Parasite and Fungi","floor":21.0,"turns":4.0},{"damage":5.0,"enemies":"Centurion and Healer","floor":24.0,"turns":4.0},{"damage":23.0,"enemies":"Snecko","floor":25.0,"turns":4.0},{"damage":10.0,"enemies":"3 Cultists","floor":27.0,"turns":4.0},{"damage":15.0,"enemies":"Shelled Parasite and Fungi","floor":31.0,"turns":3.0},{"damage":59,"enemies":"Collector","floor":33,"turns":5}],"seed_played":"2224586974076795536","potions_obtained":[{"floor":1.0,"key":"Swift Potion"},{"floor":7.0,"key":"SteroidPotion"},{"floor":10.0,"key":"ColorlessPotion"},{"floor":12.0,"key":"ElixirPotion"},{"floor":14.0,"key":"FearPotion"},{"floor":20.0,"key":"Regen Potion"},{"floor":21.0,"key":"EssenceOfSteel"},{"floor":31.0,"key":"ElixirPotion"}],"is_trial":false,"path_per_floor":["M","M","?","?","M","R","E","R","T","M","E","M","$","M","R","B",null,"M","T","M","M","T","R","M","M","T","M","R","?","R","M","R","B"],"character_chosen":"IRONCLAD","items_purchased":["Question Card","Flash of Steel","Thunderclap"],"campfire_rested":4,"item_purchase_floors":[13,13,13],"current_hp_per_floor":[68,65,65,65,71,71,42,66,66,54,45,45,45,50,74,33,68,41,41,25,22,22,46,54,39,39,37,61,61,61,54,54,0,0],"gold":159,"neow_bonus":"RANDOM_COMMON_RELIC","is_daily":false,"chose_seed":false,"campfire_upgraded":3,"win_rate":0.0,"timestamp":1613532127,"path_taken":["M","M","?","?","?","R","E","R","T","M","E","M","$","?","R","BOSS","M","?","M","M","?","R","M","M","T","M","R","?","R","M","R","BOSS"],"items_purchased_type":["Relic","Card","Card"],"build_version":"2020-12-22","purchased_purges":0,"victory":false,"max_hp_per_floor":[80,80,80,80,80,80,80,80,80,80,80,80,80,80,80,80,80,80,80,80,80,80,80,80,80,80,80,80,80,80,80,80,80,80],"card_choices":[{"not_picked":["Wild Strike","Twin Strike"],"picked":"Burning Pact","floor":1.0},{"not_picked":["Twin Strike","Spot Weakness"],"picked":"Perfected Strike","floor":2.0},{"not_picked":["Body Slam","Second Wind"],"picked":"Shockwave","floor":5.0},{"not_picked":["Rupture","Juggernaut"],"picked":"Heavy Blade","floor":7.0},{"not_picked":["Second Wind","Thunderclap"],"picked":"Twin Strike","floor":10.0},{"not_picked":["Entrench","Anger"],"picked":"Hemokinesis","floor":11.0},{"not_picked":["Havoc","Impervious"],"picked":"Heavy Blade","floor":12.0},{"not_picked":["Sword Boomerang","Flex","Clash"],"picked":"Armaments","floor":14.0},{"not_picked":["Fiend Fire","Bludgeon","Impervious"],"picked":"Immolate","floor":16.0},{"not_picked":["Feel No Pain","Infernal Blade","Blood for Blood"],"picked":"Perfected Strike","floor":18.0},{"not_picked":["Rage+1","Entrench","Wild Strike+1"],"picked":"Pommel Strike","floor":20.0},{"not_picked":["Rupture","Carnage","Body Slam"],"picked":"Burning Pact","floor":21.0},{"not_picked":["Iron Wave","Clothesline","Ghostly Armor"],"picked":"Heavy Blade","floor":24.0},{"not_picked":["Body Slam","True Grit+1","Whirlwind"],"picked":"Pommel Strike","floor":25.0},{"not_picked":["Clothesline","Spot Weakness","Carnage"],"picked":"Berserk","floor":27.0},{"not_picked":["Wild Strike","Searing Blow+1","Clothesline"],"picked":"Seeing Red","floor":27.0},{"not_picked":["Wild Strike","Rampage","Shrug It Off"],"picked":"Perfected Strike","floor":31.0},{"not_picked":["Wild Strike","Searing Blow+1","Clothesline"],"picked":"Whirlwind","floor":31.0}],"player_experience":332900,"relics_obtained":[{"floor":7.0,"key":"Toy Ornithopter"},{"floor":9.0,"key":"Boot"},{"floor":11.0,"key":"Blood Vial"},{"floor":19.0,"key":"Slimebound:PreparedRelic"},{"floor":22.0,"key":"Art of War"},{"floor":26.0,"key":"Prayer Wheel"}],"event_choices":[{"damage_healed":0.0,"max_hp_gain":0.0,"max_hp_loss":0.0,"gold_gain":75.0,"event_name":"Golden Wing","player_choice":"Gained Gold","floor":3.0,"gold_loss":0.0,"damage_taken":0.0},{"damage_healed":0.0,"max_hp_gain":0.0,"max_hp_loss":0.0,"gold_gain":0.0,"event_name":"Accursed Blacksmith","player_choice":"Forge","floor":4.0,"gold_loss":0.0,"damage_taken":0.0,"cards_upgraded":["Perfected Strike"]},{"cards_removed":["Strike_R"],"damage_healed":0.0,"max_hp_gain":0.0,"max_hp_loss":0.0,"gold_gain":0.0,"event_name":"Beggar","player_choice":"Gave Gold","floor":29.0,"gold_loss":75.0,"damage_taken":0.0}],"is_beta":false,"boss_relics":[{"not_picked":["Sozu","Velvet Choker"],"picked":"sneckomod:SneckoTalon"}],"items_purged_floors":[],"is_endless":false,"potions_floor_spawned":[1,7,10,12,14,20,21,31],"killed_by":"Collector","ascension_level":9}}