{"host":"h2gxemxa99wv6yfu","time":1613545142,"event":{"mods":["AchievementEnabler","BaseMod","Better Note","Better Skull","BetterRewards","Block Reminder","Colored Powertips","Friendly Minions","Googly Eyes","Highlight Path","Infinite Spire","Minty Spire (QoL Compilation)","Permanent Neow","Quick Restart","Relic Sorter","Relic Stats","Reliquary","Replay The Spire","Shop Mod","StSLib","The Wild Card","Uncapped"],"gold_per_floor":[111,111,111,130,130,158,158,172,195,206,206,225,239,267,267,267,267],"floor_reached":16,"language":"ENG","playtime":498,"items_purged":[],"score":118,"play_id":"4a99f4e7-f95a-4a5f-a43c-2829a8015fed","local_time":"20210217005902","is_ascension_mode":true,"campfire_choices":[{"data":"Dualcast","floor":7,"key":"SMITH"},{"floor":11,"key":"REST"},{"data":"FIFO Queue","floor":15,"key":"SMITH"}],"circlet_count":0,"master_deck":["Strike_B","Strike_B","Strike_B","Defend_B","Defend_B","Defend_B","Defend_B","Zap","Dualcast+1","Genetic Algorithm","Tempest","Self Repair","Ball Lightning","FIFO Queue+1"],"relics":["theWildCard:VelvetContract","Prayer Wheel","infinitespire:Cubic Diamond","Anchor","Sundial"],"acts_visited":["Exordium"],"potions_floor_usage":[6,14,16,16],"damage_taken":[{"damage":9,"enemies":"Small Slimes","floor":1,"turns":4},{"damage":4,"enemies":"Jaw Worm","floor":4,"turns":6},{"damage":26,"enemies":"Gremlin Nob","floor":6,"turns":4},{"damage":1,"enemies":"Cultist","floor":8,"turns":3},{"damage":9,"enemies":"3 Louse","floor":10,"turns":4},{"damage":13,"enemies":"Red Slaver","floor":12,"turns":4},{"damage":6,"enemies":"Gremlin Gang","floor":13,"turns":4},{"damage":20,"enemies":"Lagavulin","floor":14,"turns":6},{"damage":31,"enemies":"Hexaghost","floor":16,"turns":7}],"seed_played":"2873106499042428616","potions_obtained":[{"floor":1,"key":"AttackPotion"},{"floor":4,"key":"SteroidPotion"},{"floor":10,"key":"PowerPotion"},{"floor":14,"key":"infinitespire:BlackPotion"}],"is_trial":false,"path_per_floor":["M","?","?","M","$","E","R","M","T","M","R","M","M","E","R","B"],"character_chosen":"DEFECT","items_purchased":[],"campfire_rested":1,"item_purchase_floors":[],"current_hp_per_floor":[66,66,66,62,62,36,36,35,35,26,48,42,43,30,30,0,0],"gold":267,"neow_bonus":"ONE_RANDOM_RARE_CARD","is_daily":false,"chose_seed":false,"campfire_upgraded":2,"win_rate":0.0,"timestamp":1613545142,"path_taken":["M","?","?","M","$","E","R","M","T","?","R","M","M","E","R","BOSS"],"items_purchased_type":[],"build_version":"2020-12-22","purchased_purges":0,"victory":false,"max_hp_per_floor":[75,75,75,75,75,75,75,75,75,75,75,75,75,75,75,75,75],"relic_stats":{"counters":[9,42],"Sundial":[2],"Prayer Wheel":6,"obtain_stats":[{"theWildCard:VelvetContract":2,"Anchor":6,"Sundial":14,"Prayer Wheel":1,"infinitespire:Cubic Diamond":2,"Cracked Core":0},{"theWildCard:VelvetContract":1,"Anchor":3,"Sundial":8,"Prayer Wheel":1,"infinitespire:Cubic Diamond":1,"Cracked Core":0},{"theWildCard:VelvetContract":4,"Anchor":14,"Sundial":35,"Prayer Wheel":2,"infinitespire:Cubic Diamond":4,"Cracked Core":0}]},"card_choices":[{"not_picked":["BasicCrystalCard","Gash"],"picked":"Genetic Algorithm","floor":1},{"not_picked":["Panic Button","Hologram","Darkness"],"picked":"SKIP","floor":1},{"not_picked":["Thunder Strike","FTL"],"picked":"Tempest","floor":4},{"not_picked":["ReplayTheSpireMod:System Scan","Conserve Battery","Stack"],"picked":"SKIP","floor":4},{"not_picked":["Redo","Rebound","ReplayGash"],"picked":"SKIP","floor":6},{"not_picked":["Leap","Turbo","Sweeping Beam"],"picked":"SKIP","floor":8},{"not_picked":["Hello World","Gash","Conserve Battery"],"picked":"SKIP","floor":8},{"not_picked":["Reinforced Body","Beam Cell"],"picked":"Self Repair","floor":10},{"not_picked":["Panic Button","ReplaySort","Gash"],"picked":"SKIP","floor":10},{"not_picked":["Stack","Recycle"],"picked":"Ball Lightning","floor":12},{"not_picked":["Rainbow","ReplaySolidLightProjector","Barrage"],"picked":"SKIP","floor":12},{"not_picked":["Doom and Gloom","Go for the Eyes","Sweeping Beam"],"picked":"SKIP","floor":13},{"not_picked":["ReplayTheSpireMod:Repulse","Redo","Beam Cell"],"picked":"SKIP","floor":13},{"not_picked":["Panic Button","Ball Lightning"],"picked":"FIFO Queue","floor":14}],"player_experience":37128,"relics_obtained":[{"floor":6,"key":"Anchor"},{"floor":14,"key":"Sundial"}],"event_choices":[{"cards_removed":["Strike_B"],"damage_healed":0,"gold_gain":0,"player_choice":"Offered Basic","damage_taken":0,"max_hp_gain":0,"max_hp_loss":0,"event_name":"Bonfire Elementals","floor":3,"gold_loss":0}],"is_beta":false,"boss_relics":[],"items_purged_floors":[],"is_endless":false,"potions_floor_spawned":[1,4,10,14],"killed_by":"Hexaghost","ascension_level":1}}