{"host":"dlyy4wv9zatha4f7","time":1613586351,"event":{"mods":["BaseMod","Better Third Choice","Colored Map","GifTheSpireLib","Minty Spire (QoL Compilation)","Spicy Shops","StSLib","Stuff the Spire","SuperFastMode","Unceasing Turn Reminder"],"gold_per_floor":[114,189,206,12,25,25,25,39,39,63,114,154,166,208,220,327,339,367,478,503,515,309,309,309,336,336,351,251,279,293,21,21,124,124,139,139,151,167,177,207,207,242,295,325,11,11,11,43,43,43],"floor_reached":51,"language":"ENG","playtime":3050,"items_purged":["Strike_G","Strike_G","Defend_G","Regret"],"score":1449,"play_id":"6c33b077-3b49-4986-a2df-d49159624e45","local_time":"20210217202551","is_ascension_mode":true,"campfire_choices":[{"data":"Deadly Poison","floor":6.0,"key":"SMITH"},{"data":"Noxious Fumes","floor":15.0,"key":"SMITH"},{"data":"Burst","floor":23.0,"key":"SMITH"},{"data":"StuffTheSpire:MirrorStance","floor":32.0,"key":"SMITH"},{"data":"Catalyst","floor":41.0,"key":"SMITH"},{"data":"StuffTheSpire:Fury","floor":46.0,"key":"SMITH"},{"data":"StuffTheSpire:BrimstoneBlast","floor":49,"key":"SMITH"}],"circlet_count":0,"master_deck":["Strike_G","Strike_G+1","Defend_G+1","Defend_G","Defend_G","Defend_G","Survivor","Neutralize","Deadly Poison+1","Masterful Stab","Poisoned Stab","Venomology","Prepared","All Out Attack","StuffTheSpire:BrimstoneBlast+1","StuffTheSpire:MirrorStance+1","Wraith Form v2","Noxious Fumes+1","Burst+1","Deadly Poison+1","Predator","StuffTheSpire:Fury+1","Wraith Form v2","Terror","Deadly Poison","Trip","Backflip+1","Cloak And Dagger+1","Catalyst+1","Wraith Form v2","Quick Slash+1"],"relics":["Ring of the Snake","PreservedInsect","Bag of Marbles","MawBank","Eternal Feather","FossilizedHelix","Coffee Dripper","Toy Ornithopter","MealTicket","Ornamental Fan","Dream Catcher","StuffTheSpire:Nightcore","Cursed Key","Blood Vial","Du-Vu Doll","Smiling Mask","Gremlin Horn","Membership Card","InkBottle","Omamori"],"acts_visited":["Exordium","TheCity","TheBeyond"],"potions_floor_usage":[47,48,50,50,50],"damage_taken":[{"damage":6.0,"enemies":"Jaw Worm","floor":1.0,"turns":5.0},{"damage":0.0,"enemies":"Cultist","floor":3.0,"turns":3.0},{"damage":0.0,"enemies":"2 Louse","floor":5.0,"turns":1.0},{"damage":4.0,"enemies":"Blue Slaver","floor":8.0,"turns":5.0},{"damage":0.0,"enemies":"2 Fungi Beasts","floor":10.0,"turns":2.0},{"damage":0.0,"enemies":"Exordium Wildlife","floor":11.0,"turns":1.0},{"damage":0.0,"enemies":"3 Sentries","floor":12.0,"turns":2.0},{"damage":0.0,"enemies":"Lagavulin","floor":14.0,"turns":3.0},{"damage":0.0,"enemies":"Hexaghost","floor":16.0,"turns":8.0},{"damage":0.0,"enemies":"Spheric Guardian","floor":18.0,"turns":2.0},{"damage":0.0,"enemies":"Shell Parasite","floor":20.0,"turns":4.0},{"damage":0.0,"enemies":"Slavers","floor":25.0,"turns":2.0},{"damage":0.0,"enemies":"Snecko","floor":27.0,"turns":3.0},{"damage":0.0,"enemies":"Book of Stabbing","floor":29.0,"turns":4.0},{"damage":0.0,"enemies":"Snake Plant","floor":30.0,"turns":4.0},{"damage":27.0,"enemies":"Champ","floor":33.0,"turns":9.0},{"damage":1.0,"enemies":"Orb Walker","floor":35.0,"turns":3.0},{"damage":3.0,"enemies":"3 Darklings","floor":37.0,"turns":4.0},{"damage":0.0,"enemies":"Spire Growth","floor":38.0,"turns":3.0},{"damage":1.0,"enemies":"Sphere and 2 Shapes","floor":39.0,"turns":5.0},{"damage":0.0,"enemies":"Nemesis","floor":40.0,"turns":7.0},{"damage":9.0,"enemies":"Reptomancer","floor":42.0,"turns":3.0},{"damage":28.0,"enemies":"Giant Head","floor":44.0,"turns":6.0},{"damage":0,"enemies":"Writhing Mass","floor":47,"turns":5},{"damage":13,"enemies":"Nemesis","floor":48,"turns":7},{"damage":51,"enemies":"Awakened One","floor":50,"turns":12}],"seed_played":"-3875439563869277047","potions_obtained":[{"floor":3.0,"key":"LiquidMemories"},{"floor":8.0,"key":"Strength Potion"},{"floor":10.0,"key":"ColorlessPotion"},{"floor":11.0,"key":"Explosive Potion"},{"floor":14.0,"key":"PowerPotion"},{"floor":18.0,"key":"Poison Potion"},{"floor":20.0,"key":"Dexterity Potion"},{"floor":27.0,"key":"DuplicationPotion"},{"floor":30.0,"key":"SpeedPotion"},{"floor":33.0,"key":"SkillPotion"},{"floor":39.0,"key":"DistilledChaos"}],"is_trial":false,"path_per_floor":["M","?","M","$","M","R","?","M","T","M","M","E","?","E","R","B",null,"M","?","M","?","$","R","?","E","T","M","$","E","M","$","R","B",null,"M","?","M","M","M","E","R","E","T","E","$","R","M","E","R","B",null],"character_chosen":"THE_SILENT","items_purchased":["Bag of Marbles","Poisoned Stab","Toy Ornithopter","StuffTheSpire:Nightcore","Membership Card","InkBottle"],"campfire_rested":0,"item_purchase_floors":[4,4,22,31,45,45],"current_hp_per_floor":[57,50,50,50,50,50,50,46,46,46,46,46,32,32,44,44,64,64,64,64,64,64,70,70,70,70,70,70,70,70,70,70,43,63,62,62,59,70,69,70,70,66,66,52,67,70,70,57,70,44],"gold":43,"neow_bonus":"RANDOM_COMMON_RELIC","is_daily":false,"chose_seed":false,"campfire_upgraded":7,"win_rate":0.0,"timestamp":1613586351,"path_taken":["M","?","?","$","M","R","?","M","T","?","M","E","?","E","R","BOSS","M","?","M","?","?","R","?","E","T","M","$","E","?","$","R","BOSS","M","?","?","?","M","E","R","E","T","E","$","R","M","E","R","BOSS"],"items_purchased_type":["Relic","Card","Relic","Relic","Relic","Relic"],"build_version":"2020-12-22","purchased_purges":4,"victory":true,"max_hp_per_floor":[70,70,70,70,70,70,70,70,70,70,70,70,70,70,70,70,70,70,70,70,70,70,70,70,70,70,70,70,70,70,70,70,70,70,70,70,70,70,70,70,70,70,70,70,70,70,70,70,70,70],"card_choices":[{"not_picked":["Blade Dance","Sucker Punch"],"picked":"Deadly Poison","floor":1.0},{"not_picked":["Terror","Flying Knee"],"picked":"Masterful Stab","floor":3.0},{"not_picked":["StuffTheSpire:BumpUp","Crippling Poison"],"picked":"Venomology","floor":5.0},{"not_picked":["Underhanded Strike","Distraction"],"picked":"All Out Attack","floor":8.0},{"not_picked":["StuffTheSpire:ClusterCrunch","Deadly Poison"],"picked":"StuffTheSpire:BrimstoneBlast","floor":10.0},{"not_picked":["Sucker Punch","Blur"],"picked":"StuffTheSpire:MirrorStance","floor":11.0},{"not_picked":["Dagger Spray","Setup"],"picked":"Wraith Form v2","floor":12.0},{"not_picked":["StuffTheSpire:Python","Underhanded Strike"],"picked":"Noxious Fumes","floor":14.0},{"not_picked":["Venomology","Glass Knife"],"picked":"Burst","floor":16.0},{"not_picked":["Acrobatics","Backflip"],"picked":"Deadly Poison+1","floor":18.0},{"not_picked":["Poisoned Stab","Backflip","Dodge and Roll"],"picked":"SKIP","floor":20.0},{"not_picked":["Poisoned Stab","Backflip","Dodge and Roll"],"picked":"SKIP","floor":20.0},{"not_picked":["StuffTheSpire:ReptileScales","Underhanded Strike","StuffTheSpire:Fury"],"picked":"SKIP","floor":25.0},{"not_picked":["Flechettes","Dodge and Roll"],"picked":"StuffTheSpire:Fury","floor":27.0},{"not_picked":["Outmaneuver","Acrobatics"],"picked":"Wraith Form v2","floor":29.0},{"not_picked":["Heel Hook+1","Acrobatics+1"],"picked":"Terror","floor":30.0},{"not_picked":["Eviscerate+1","StuffTheSpire:MirrorStance+1","Blade Dance"],"picked":"SKIP","floor":35.0},{"not_picked":["Bane+1","Well Laid Plans"],"picked":"Backflip+1","floor":37.0},{"not_picked":["Deadly Poison+1","Quick Slash","Skewer"],"picked":"SKIP","floor":38.0},{"not_picked":["Escape Plan+1","Prepared+1"],"picked":"Cloak And Dagger+1","floor":39.0},{"not_picked":["Flying Knee","Acrobatics"],"picked":"Catalyst","floor":40.0},{"not_picked":["Blade Dance","Distraction+1","StuffTheSpire:Python+1"],"picked":"SKIP","floor":42.0},{"not_picked":["Underhanded Strike","StuffTheSpire:Shiver+1"],"picked":"Wraith Form v2","floor":44.0},{"not_picked":["Bane","Flying Knee"],"picked":"Quick Slash+1","floor":48}],"player_experience":2291037,"relics_obtained":[{"floor":9.0,"key":"MawBank"},{"floor":12.0,"key":"Eternal Feather"},{"floor":14.0,"key":"FossilizedHelix"},{"floor":25.0,"key":"MealTicket"},{"floor":26.0,"key":"Ornamental Fan"},{"floor":29.0,"key":"Dream Catcher"},{"floor":40.0,"key":"Blood Vial"},{"floor":42.0,"key":"Du-Vu Doll"},{"floor":43.0,"key":"Smiling Mask"},{"floor":44.0,"key":"Gremlin Horn"},{"floor":48,"key":"Omamori"}],"event_choices":[{"damage_healed":0.0,"max_hp_gain":0.0,"max_hp_loss":0.0,"gold_gain":75.0,"event_name":"FaceTrader","player_choice":"Touch","floor":2.0,"gold_loss":0.0,"damage_taken":7.0},{"damage_healed":0.0,"max_hp_gain":0.0,"max_hp_loss":0.0,"gold_gain":0.0,"cards_transformed":["Strike_G"],"event_name":"Transmorgrifier","player_choice":"Transformed","floor":7.0,"gold_loss":0.0,"damage_taken":0.0,"cards_obtained":["Prepared"]},{"damage_healed":46.0,"max_hp_gain":0.0,"max_hp_loss":70.0,"gold_gain":0.0,"event_name":"betterThird:BetterShining","player_choice":"Upgrade","floor":13.0,"gold_loss":0.0,"damage_taken":14.0,"cards_upgraded":["Strike_G","Defend_G"]},{"damage_healed":0.0,"max_hp_gain":0.0,"max_hp_loss":0.0,"gold_gain":99.0,"event_name":"betterThird:BetterNest","player_choice":"Steal","floor":19.0,"gold_loss":0.0,"damage_taken":0.0},{"damage_healed":0.0,"max_hp_gain":0.0,"max_hp_loss":0.0,"gold_gain":0.0,"event_name":"The Library","player_choice":"Read","floor":21.0,"gold_loss":0.0,"damage_taken":0.0,"cards_obtained":["Predator"]},{"damage_healed":0.0,"max_hp_gain":0.0,"max_hp_loss":0.0,"gold_gain":0.0,"event_name":"N\u0027loth","player_choice":"Ignored","floor":24.0,"gold_loss":0.0,"damage_taken":0.0},{"damage_healed":0.0,"max_hp_gain":0.0,"max_hp_loss":0.0,"gold_gain":0.0,"event_name":"Match and Keep!","player_choice":"2 cards matched","floor":36.0,"gold_loss":0.0,"damage_taken":0.0,"cards_obtained":["Deadly Poison","Trip"]},{"damage_healed":0.0,"max_hp_gain":0.0,"max_hp_loss":0.0,"gold_gain":0.0,"event_name":"Match and Keep!","player_choice":"2 cards matched","floor":36.0,"gold_loss":0.0,"damage_taken":0.0,"cards_obtained":["Deadly Poison","Trip"]}],"is_beta":false,"boss_relics":[{"not_picked":["Ring of the Serpent","SlaversCollar"],"picked":"Coffee Dripper"},{"not_picked":["StuffTheSpire:RunicHypercube","Fusion Hammer"],"picked":"Cursed Key"}],"items_purged_floors":[22,28,31,45],"is_endless":false,"potions_floor_spawned":[3,8,10,11,14,18,20,27,30,33,37,39,47],"ascension_level":9}}