{"host":"s41rn2jhghpwfrvz","time":1613602345,"event":{"mods":["BaseMod","Minty Spire (QoL Compilation)","Quick Restart","Relic Stats","SuperFastMode"],"gold_per_floor":[114,132,148,165,176,211,228,259,330,330,358,111,144,160,160,237,237,254,254,279,179,197,229,229,248,248,248,261,291,320,340,340,414,414,433,446,321,336,356,383,233,233,260,279,279,305,305,305,305,305,305,305,305,27,55,55],"floor_reached":57,"language":"ENG","playtime":1638,"items_purged":["All Out Attack","Dagger Throw","Prepared","Conserve Battery"],"score":3648,"play_id":"50fa096b-3c3a-42f8-86db-7f3bd7cfc72c","local_time":"20210218005225","daily_mods":["SealedDeck","Diverse","DeadlyEvents"],"is_ascension_mode":true,"campfire_choices":[{"data":"Acrobatics","floor":15,"key":"SMITH"},{"data":"Prostrate","floor":24,"key":"SMITH"},{"data":"Backflip","floor":27,"key":"SMITH"},{"data":"Body Slam","floor":32,"key":"SMITH"},{"data":"Madness","floor":45,"key":"SMITH"},{"floor":47,"key":"RECALL"},{"data":"Panacea","floor":49,"key":"SMITH"},{"data":"Offering","floor":53,"key":"SMITH"}],"circlet_count":0,"master_deck":["AscendersBane","Body Slam+1","Hologram","Prostrate+1","Rage","Backflip","Acrobatics+1","TalkToTheHand","Reboot","Backflip+1","Body Slam+1","Evolve","Offering+1","Madness+1","Madness","Panacea+1"],"relics":["Burning Blood","Nunchaku","Red Skull","Matryoshka","Lantern","TheAbacus","Calipers","Philosopher\u0027s Stone","Art of War","Akabeko","Darkstone Periapt","Gremlin Horn","Tiny Chest","Coffee Dripper","Regal Pillow","Bag of Preparation","Potion Belt","Meat on the Bone","Mummified Hand","Pocketwatch"],"acts_visited":["Exordium","TheCity","TheBeyond","TheEnding"],"potions_floor_usage":[56,56,56],"damage_taken":[{"damage":0.0,"enemies":"Jaw Worm","floor":1.0,"turns":3.0},{"damage":0.0,"enemies":"Cultist","floor":2.0,"turns":3.0},{"damage":1.0,"enemies":"Small Slimes","floor":3.0,"turns":3.0},{"damage":7.0,"enemies":"3 Louse","floor":4.0,"turns":3.0},{"damage":2.0,"enemies":"Exordium Thugs","floor":5.0,"turns":4.0},{"damage":32,"enemies":"3 Sentries","floor":6,"turns":9},{"damage":0,"enemies":"2 Fungi Beasts","floor":7,"turns":3},{"damage":0,"enemies":"Lagavulin","floor":8,"turns":5},{"damage":33,"enemies":"3 Sentries","floor":11,"turns":7},{"damage":0,"enemies":"Lagavulin","floor":13,"turns":3},{"damage":6,"enemies":"Gremlin Gang","floor":14,"turns":4},{"damage":0,"enemies":"Hexaghost","floor":16,"turns":3},{"damage":0,"enemies":"2 Thieves","floor":18,"turns":2},{"damage":0,"enemies":"Gremlin Leader","floor":20,"turns":2},{"damage":0,"enemies":"Spheric Guardian","floor":22,"turns":3},{"damage":3,"enemies":"Slavers","floor":23,"turns":3},{"damage":0,"enemies":"Centurion and Healer","floor":25,"turns":2},{"damage":0,"enemies":"Sentry and Sphere","floor":28,"turns":2},{"damage":0,"enemies":"Gremlin Leader","floor":29,"turns":2},{"damage":6,"enemies":"Slavers","floor":30,"turns":2},{"damage":0,"enemies":"3 Cultists","floor":31,"turns":2},{"damage":0,"enemies":"Champ","floor":33,"turns":3},{"damage":6,"enemies":"3 Darklings","floor":35,"turns":1},{"damage":6,"enemies":"Orb Walker","floor":36,"turns":1},{"damage":6,"enemies":"Writhing Mass","floor":38,"turns":1},{"damage":6,"enemies":"Transient","floor":39,"turns":2},{"damage":6,"enemies":"Reptomancer","floor":40,"turns":1},{"damage":0,"enemies":"Spire Growth","floor":44,"turns":1},{"damage":6,"enemies":"Giant Head","floor":46,"turns":1},{"damage":6,"enemies":"Awakened One","floor":50,"turns":3},{"damage":6,"enemies":"Time Eater","floor":51,"turns":2},{"damage":6,"enemies":"Shield and Spear","floor":55,"turns":1},{"damage":0,"enemies":"The Heart","floor":56,"turns":5}],"seed_played":"-6735481964421179415","potions_obtained":[{"floor":2.0,"key":"EssenceOfSteel"},{"floor":4.0,"key":"PowerPotion"},{"floor":5.0,"key":"Strength Potion"},{"floor":38,"key":"Dexterity Potion"},{"floor":46,"key":"Energy Potion"}],"is_trial":true,"path_per_floor":["M","M","M","M","M","E","M","E","T","?","E","$","E","M","R","B",null,"M","?","E","$","M","E","R","M","T","R","M","E","E","M","R","B",null,"M","M","$","M","M","E","$","?","T","M","R","E","R","?","R","B","B",null,"R","$","E","B",null],"character_chosen":"IRONCLAD","items_purchased":["TheAbacus","Mummified Hand"],"campfire_rested":0,"item_purchase_floors":[12,54],"current_hp_per_floor":[74,75,75,74,75,49,55,61,61,61,34,34,40,40,40,46,68,74,75,75,75,75,75,75,75,75,75,75,75,75,75,75,75,75,75,75,75,75,75,75,75,61,61,67,67,67,67,67,67,67,67,73,73,73,73,75],"gold":55,"neow_bonus":"","is_daily":false,"chose_seed":false,"campfire_upgraded":7,"win_rate":0.0,"timestamp":1613602345,"path_taken":["M","M","M","M","M","E","M","E","T","?","E","$","E","?","R","BOSS","M","?","?","$","M","E","R","M","T","R","?","?","E","M","R","BOSS","M","M","$","M","M","E","$","?","T","M","R","E","R","?","R","BOSS","BOSS","R","$","E","BOSS"],"items_purchased_type":["Relic","Relic"],"build_version":"2020-12-22","purchased_purges":4,"victory":true,"max_hp_per_floor":[75,75,75,75,75,75,75,75,75,75,75,75,75,75,75,75,75,75,75,75,75,75,75,75,75,75,75,75,75,75,75,75,75,75,75,75,75,75,75,75,75,75,75,75,75,75,75,75,75,75,75,75,75,75,75,75],"relic_stats":{"Darkstone Periapt":0,"Regal Pillow":0,"Gremlin Horn":[12,12],"counters":[33,92],"Bag of Preparation":[12],"Burning Blood":136,"Nunchaku":[16],"TheAbacus":[834],"Mummified Hand":[2],"Tiny Chest":0,"Art of War":[0],"obtain_stats":[{"Darkstone Periapt":26,"Potion Belt":43,"Lantern":11,"Regal Pillow":40,"Calipers":13,"Gremlin Horn":29,"Bag of Preparation":43,"Burning Blood":0,"Akabeko":23,"Nunchaku":6,"Matryoshka":9,"TheAbacus":12,"Mummified Hand":54,"Philosopher\u0027s Stone":17,"Tiny Chest":30,"Art of War":20,"Coffee Dripper":34,"Red Skull":8,"Meat on the Bone":46,"Pocketwatch":55},{"Darkstone Periapt":17,"Potion Belt":27,"Lantern":9,"Regal Pillow":27,"Calipers":10,"Gremlin Horn":19,"Bag of Preparation":27,"Burning Blood":0,"Akabeko":16,"Nunchaku":6,"Matryoshka":8,"TheAbacus":9,"Mummified Hand":31,"Philosopher\u0027s Stone":12,"Tiny Chest":20,"Art of War":14,"Coffee Dripper":22,"Red Skull":8,"Meat on the Bone":29,"Pocketwatch":32},{"Darkstone Periapt":62,"Potion Belt":79,"Lantern":40,"Regal Pillow":79,"Calipers":43,"Gremlin Horn":66,"Bag of Preparation":79,"Burning Blood":0,"Akabeko":60,"Nunchaku":25,"Matryoshka":33,"TheAbacus":40,"Mummified Hand":86,"Philosopher\u0027s Stone":50,"Tiny Chest":68,"Art of War":54,"Coffee Dripper":73,"Red Skull":33,"Meat on the Bone":81,"Pocketwatch":87}],"Meat on the Bone":0,"Pocketwatch":[0]},"card_choices":[{"not_picked":["Twin Strike","Turbo","Endless Agony"],"picked":"SKIP","floor":1.0},{"not_picked":["Lockon","Thunderclap"],"picked":"Acrobatics","floor":2.0},{"not_picked":["Backflip","Rupture"],"picked":"TalkToTheHand","floor":3.0},{"not_picked":["Finisher","Sword Boomerang","Thunderclap"],"picked":"SKIP","floor":4.0},{"not_picked":["Deflect","Armaments","Deadly Poison"],"picked":"SKIP","floor":5.0},{"not_picked":["ClearTheMind","Dual Wield","Study"],"picked":"SKIP","floor":6},{"not_picked":["Poisoned Stab","Protect","Force Field"],"picked":"SKIP","floor":7},{"not_picked":["Compile Driver","Perfected Strike","Blade Dance"],"picked":"SKIP","floor":8},{"not_picked":["Spot Weakness","EmptyBody","BattleHymn"],"picked":"SKIP","floor":11},{"not_picked":["Cold Snap","Flying Knee","Hemokinesis"],"picked":"SKIP","floor":13},{"not_picked":["Pommel Strike","EmptyFist","Gash"],"picked":"SKIP","floor":14},{"not_picked":["Doppelganger","Ragnarok"],"picked":"Reboot","floor":16},{"not_picked":["Leg Sweep","Doom and Gloom"],"picked":"Backflip","floor":18},{"not_picked":["Uppercut","Gash","Metallicize"],"picked":"SKIP","floor":20},{"not_picked":["Choke","Iron Wave","Carnage"],"picked":"SKIP","floor":22},{"not_picked":["Deflect","ThirdEye+1","Wish"],"picked":"SKIP","floor":23},{"not_picked":["Deflect","ThirdEye+1","Wish"],"picked":"SKIP","floor":23},{"not_picked":["Flex","CutThroughFate","Warcry+1"],"picked":"SKIP","floor":25},{"not_picked":["Fire Breathing","Anger","Cleave+1"],"picked":"SKIP","floor":28},{"not_picked":["Thunderclap","Dagger Throw","Chaos"],"picked":"SKIP","floor":29},{"not_picked":["Second Wind","WindmillStrike"],"picked":"Body Slam","floor":30},{"not_picked":["Dodge and Roll","Prepared"],"picked":"Evolve","floor":31},{"not_picked":["Die Die Die","Establishment"],"picked":"Offering","floor":33},{"not_picked":["Blade Dance","ReachHeaven+1","Infinite Blades"],"picked":"SKIP","floor":35},{"not_picked":["FlurryOfBlows","Melter","Flechettes"],"picked":"SKIP","floor":36},{"not_picked":["Slice","Dash","Sunder"],"picked":"SKIP","floor":38},{"not_picked":["BowlingBash","Anger","Acrobatics"],"picked":"SKIP","floor":39},{"not_picked":["Genetic Algorithm","Blade Dance","Sword Boomerang+1"],"picked":"SKIP","floor":40},{"not_picked":["Protect","Twin Strike+1","BowlingBash"],"picked":"SKIP","floor":44},{"not_picked":["ThirdEye","Well Laid Plans","Self Repair+1"],"picked":"SKIP","floor":46},{"not_picked":["Blind","Mind Blast"],"picked":"Panacea","floor":48},{"not_picked":["Riddle With Holes","ThirdEye","Blood for Blood"],"picked":"SKIP","floor":55}],"player_experience":1929323,"relics_obtained":[{"floor":6,"key":"Nunchaku"},{"floor":8,"key":"Red Skull"},{"floor":9,"key":"Matryoshka"},{"floor":11,"key":"Lantern"},{"floor":13,"key":"Calipers"},{"floor":20,"key":"Art of War"},{"floor":23,"key":"Akabeko"},{"floor":26,"key":"Darkstone Periapt"},{"floor":29,"key":"Gremlin Horn"},{"floor":30,"key":"Tiny Chest"},{"floor":40,"key":"Regal Pillow"},{"floor":43,"key":"Bag of Preparation"},{"floor":43,"key":"Potion Belt"},{"floor":46,"key":"Meat on the Bone"},{"floor":55,"key":"Pocketwatch"}],"event_choices":[{"damage_healed":0,"gold_gain":0,"player_choice":"Upgraded","damage_taken":0,"max_hp_gain":0,"max_hp_loss":0,"event_name":"Upgrade Shrine","floor":10,"gold_loss":0,"cards_upgraded":["Body Slam"]},{"cards_removed":["Eviscerate"],"damage_healed":1,"gold_gain":0,"player_choice":"Offered Uncommon","damage_taken":0,"max_hp_gain":0,"max_hp_loss":0,"event_name":"Bonfire Elementals","floor":19,"gold_loss":0},{"damage_healed":0,"gold_gain":0,"player_choice":"Embrace Madness","damage_taken":14,"max_hp_gain":0,"max_hp_loss":0,"event_name":"Winding Halls","floor":42,"gold_loss":0,"cards_obtained":["Madness","Madness"]},{"damage_healed":0,"gold_gain":0,"player_choice":"Memory 1","damage_taken":0,"max_hp_gain":0,"max_hp_loss":0,"event_name":"SensoryStone","floor":48,"gold_loss":0}],"is_beta":false,"boss_relics":[{"not_picked":["Runic Cube","Tiny House"],"picked":"Philosopher\u0027s Stone"},{"not_picked":["Mark of Pain","SlaversCollar"],"picked":"Coffee Dripper"}],"items_purged_floors":[12,21,37,41],"is_endless":false,"potions_floor_spawned":[2,4,5,11,16,20,25,30,33,38,40,46],"ascension_level":20}}