{"host":"iv5atf0fne3n7zmv","time":1613594860,"event":{"mods":["BaseMod","Minty Spire (QoL Compilation)","StSLib"],"gold_per_floor":[110,110,110,121,121,121,152,1,1,20,20,63,87,103,103,228,228,247,247,267,47,47,47,86,86,86,86,119,119,119,134,134,260,260,279,342,342,356,64,103,103,117,117,117,117],"floor_reached":44,"language":"ENG","playtime":2652,"items_purged":["Strike_R","Defend_R","Injury"],"score":556,"play_id":"44694bef-de80-4859-b218-216b0d243042","local_time":"20210217124740","is_ascension_mode":true,"campfire_choices":[{"data":"Twin Strike","floor":6,"key":"SMITH"},{"floor":15,"key":"REST"},{"data":"1","floor":23,"key":"LIFT"},{"data":"2","floor":25,"key":"LIFT"},{"data":"3","floor":27,"key":"LIFT"},{"data":"Demon Form","floor":30,"key":"SMITH"},{"data":"Bite","floor":32,"key":"SMITH"},{"data":"Armaments","floor":41,"key":"SMITH"}],"circlet_count":0,"master_deck":["Defend_R","Defend_R","Defend_R","Bash+1","Thunderclap+1","Twin Strike+1","Rampage","Armaments+1","Clash","Shrug It Off","Iron Wave","Bloodletting","Demon Form+1","CurseOfTheBell","Second Wind","Flex","Cleave+1","Rupture","Bite+1","Bite","Bite","Bite","Bite","Body Slam+1","Pummel+1","Feed","Whirlwind","Twin Strike+1","Finesse","Dark Shackles","Trip","Disarm","Feed","Burning Pact","Flex"],"relics":["Burning Blood","Ornamental Fan","Golden Idol","Potion Belt","StrikeDummy","Incense Burner","Calling Bell","Orichalcum","HornCleat","Girya","Self Forming Clay","The Courier","Blood Vial","MutagenicStrength","Mark of Pain","WingedGreaves","DollysMirror","Gremlin Horn"],"acts_visited":["Exordium","TheCity","TheBeyond"],"potions_floor_usage":[7,12,14,16,16,16,16,28,31,38,40,42,42,44,44],"damage_taken":[{"damage":1,"enemies":"2 Louse","floor":1,"turns":3},{"damage":0,"enemies":"Small Slimes","floor":4,"turns":2},{"damage":25,"enemies":"3 Sentries","floor":7,"turns":6},{"damage":1,"enemies":"Jaw Worm","floor":10,"turns":3},{"damage":37,"enemies":"Gremlin Nob","floor":12,"turns":6},{"damage":8,"enemies":"Red Slaver","floor":13,"turns":3},{"damage":2,"enemies":"Blue Slaver","floor":14,"turns":4},{"damage":28,"enemies":"Slime Boss","floor":16,"turns":12},{"damage":17,"enemies":"Spheric Guardian","floor":18,"turns":5},{"damage":15,"enemies":"3 Byrds","floor":20,"turns":5},{"damage":15,"enemies":"Gremlin Leader","floor":24,"turns":8},{"damage":33,"enemies":"Slavers","floor":28,"turns":4},{"damage":14,"enemies":"Sentry and Sphere","floor":31,"turns":4},{"damage":25,"enemies":"Champ","floor":33,"turns":10},{"damage":7,"enemies":"Orb Walker","floor":35,"turns":3},{"damage":18,"enemies":"Mind Bloom Boss Battle","floor":36,"turns":6},{"damage":14,"enemies":"3 Darklings","floor":38,"turns":2},{"damage":27,"enemies":"Giant Head","floor":40,"turns":6},{"damage":31,"enemies":"Jaw Worm Horde","floor":42,"turns":4},{"damage":47,"enemies":"2 Orb Walkers","floor":44,"turns":5}],"seed_played":"-5547929504104866375","potions_obtained":[{"floor":0,"key":"AttackPotion"},{"floor":0,"key":"EssenceOfSteel"},{"floor":0,"key":"GamblersBrew"},{"floor":10,"key":"SteroidPotion"},{"floor":12,"key":"Explosive Potion"},{"floor":13,"key":"LiquidMemories"},{"floor":14,"key":"Swift Potion"},{"floor":18,"key":"Swift Potion"},{"floor":24,"key":"LiquidBronze"},{"floor":28,"key":"Regen Potion"},{"floor":31,"key":"LiquidMemories"},{"floor":40,"key":"Weak Potion"},{"floor":42,"key":"FearPotion"}],"is_trial":false,"path_per_floor":["M","?","?","M","?","R","E","$","T","M","$","E","M","M","R","B",null,"M","?","M","$","?","R","E","R","T","R","E","?","R","M","R","B",null,"M","?","?","M","$","E","R","M","T","?"],"character_chosen":"IRONCLAD","items_purchased":["Armaments","Explosive Potion","Rupture","Explosive Potion","DollysMirror","BloodPotion","Burning Pact"],"campfire_rested":1,"item_purchase_floors":[8,8,21,21,39,39,39],"current_hp_per_floor":[80,68,52,58,58,58,39,39,39,44,44,13,11,15,39,17,80,69,69,60,60,56,56,55,55,55,55,30,30,30,37,37,42,56,58,50,40,36,36,26,26,19,19,0,0],"gold":117,"neow_bonus":"THREE_SMALL_POTIONS","is_daily":false,"chose_seed":false,"campfire_upgraded":4,"win_rate":0.0,"timestamp":1613594860,"path_taken":["M","?","?","M","?","R","E","?","T","?","$","E","M","M","R","BOSS","M","?","M","$","?","R","E","R","T","R","E","?","R","M","R","BOSS","M","?","?","M","$","E","R","M","T","?"],"items_purchased_type":["Card","Potion","Card","Potion","Relic","Potion","Card"],"build_version":"2020-12-22","purchased_purges":3,"victory":false,"max_hp_per_floor":[80,80,80,80,80,80,80,80,80,80,80,80,80,80,80,80,80,80,80,80,80,56,56,56,56,56,56,56,56,56,56,56,56,56,59,59,59,59,59,59,59,59,59,59,59],"card_choices":[{"not_picked":["Dual Wield","Warcry"],"picked":"Thunderclap","floor":1},{"not_picked":["Body Slam","True Grit"],"picked":"Twin Strike","floor":4},{"not_picked":["Dual Wield","Iron Wave"],"picked":"Rampage","floor":7},{"not_picked":["True Grit","Dual Wield"],"picked":"Clash","floor":10},{"not_picked":["Searing Blow","Burning Pact"],"picked":"Shrug It Off","floor":12},{"not_picked":["Combust","Infernal Blade"],"picked":"Iron Wave","floor":13},{"not_picked":["Sword Boomerang","Combust"],"picked":"Bloodletting","floor":14},{"not_picked":["Berserk","Impervious"],"picked":"Demon Form","floor":16},{"not_picked":["Inflame","Iron Wave+1"],"picked":"Second Wind","floor":18},{"not_picked":["Spot Weakness","Power Through+1"],"picked":"Cleave+1","floor":20},{"not_picked":["Reckless Charge","Inflame"],"picked":"Body Slam+1","floor":24},{"not_picked":["Shrug It Off","Sever Soul"],"picked":"Pummel+1","floor":28},{"not_picked":["Clothesline","Second Wind+1","Body Slam+1"],"picked":"SKIP","floor":31},{"not_picked":["Corruption","Barricade"],"picked":"Feed","floor":33},{"not_picked":["Second Wind+1","Iron Wave"],"picked":"Whirlwind","floor":35},{"not_picked":["Pommel Strike+1","True Grit+1"],"picked":"Twin Strike+1","floor":36},{"not_picked":["Sadistic Nature","Bandage Up"],"picked":"Finesse","floor":37},{"not_picked":["Madness","Impatience"],"picked":"Dark Shackles","floor":37},{"not_picked":["Magnetism","Secret Technique"],"picked":"Trip","floor":37},{"not_picked":["Clash+1","Ghostly Armor"],"picked":"Disarm","floor":38},{"not_picked":["True Grit","Wild Strike"],"picked":"Flex","floor":40},{"not_picked":["Body Slam","Clash","Shrug It Off"],"picked":"SKIP","floor":42}],"player_experience":338397,"relics_obtained":[{"floor":7,"key":"Potion Belt"},{"floor":9,"key":"StrikeDummy"},{"floor":12,"key":"Incense Burner"},{"floor":17,"key":"Orichalcum"},{"floor":17,"key":"HornCleat"},{"floor":17,"key":"Girya"},{"floor":24,"key":"Self Forming Clay"},{"floor":26,"key":"The Courier"},{"floor":28,"key":"Blood Vial"},{"floor":36,"key":"WingedGreaves"},{"floor":40,"key":"Gremlin Horn"}],"event_choices":[{"damage_healed":0,"gold_gain":0,"player_choice":"Success","damage_taken":12,"relics_obtained":["Ornamental Fan"],"max_hp_gain":0,"max_hp_loss":0,"event_name":"Scrap Ooze","floor":2,"gold_loss":0},{"damage_healed":0,"gold_gain":0,"player_choice":"Entered Light","damage_taken":16,"max_hp_gain":0,"max_hp_loss":0,"event_name":"Shining Light","floor":3,"gold_loss":0,"cards_upgraded":["Thunderclap","Bash"]},{"damage_healed":0,"gold_gain":0,"player_choice":"Take Wound","damage_taken":0,"relics_obtained":["Golden Idol"],"max_hp_gain":0,"max_hp_loss":0,"event_name":"Golden Idol","floor":5,"gold_loss":0,"cards_obtained":["Injury"]},{"damage_healed":0,"gold_gain":0,"player_choice":"Read","damage_taken":0,"max_hp_gain":0,"max_hp_loss":0,"event_name":"The Library","floor":19,"gold_loss":0,"cards_obtained":["Flex"]},{"damage_healed":0,"gold_gain":0,"player_choice":"Became a vampire","damage_taken":0,"max_hp_gain":0,"max_hp_loss":24,"event_name":"Vampires","floor":22,"gold_loss":0,"cards_obtained":["Bite","Bite","Bite","Bite","Bite"]},{"damage_healed":0,"gold_gain":0,"player_choice":"Inject Mutagens","damage_taken":0,"relics_obtained":["MutagenicStrength"],"max_hp_gain":0,"max_hp_loss":0,"event_name":"Drug Dealer","floor":29,"gold_loss":0},{"damage_healed":0,"gold_gain":0,"player_choice":"Fight","damage_taken":0,"max_hp_gain":0,"max_hp_loss":0,"event_name":"MindBloom","floor":36,"gold_loss":0},{"damage_healed":0,"gold_gain":0,"player_choice":"Memory 3","damage_taken":10,"max_hp_gain":0,"max_hp_loss":0,"event_name":"SensoryStone","floor":37,"gold_loss":0},{"damage_healed":0,"gold_gain":0,"player_choice":"Fight","damage_taken":0,"max_hp_gain":0,"max_hp_loss":0,"event_name":"Mysterious Sphere","floor":44,"gold_loss":0}],"is_beta":false,"boss_relics":[{"not_picked":["Pandora\u0027s Box","Cursed Key"],"picked":"Calling Bell"},{"not_picked":["Velvet Choker","SacredBark"],"picked":"Mark of Pain"}],"items_purged_floors":[8,21,39],"is_endless":false,"potions_floor_spawned":[10,12,13,14,18,24,28,31,40,42],"killed_by":"2 Orb Walkers","ascension_level":1}}