{"host":"126yiuos2nq86se7","time":1613533113,"event":{"mods":["2.2 Compatiblity","AchievementEnabler","Act Like it!","BaseMod","Colored Map","Colored Powertips","Friendly Minions","Hermit","Highlight Path","KomeijiMod","Minty Spire (QoL Compilation)","StSLib","SuperFastMode","The Bug Knight"],"gold_per_floor":[115,134,59,59,59,59,92,92,92,92,110,110,110,110,110,208,208,228,228,228,53,63,63,24,24,24,24,24,24],"floor_reached":28,"language":"ENG","playtime":643,"items_purged":["Strike_P","Strike_P"],"score":210,"play_id":"086a7a75-8b39-414d-9f41-3c69ddef44d1","local_time":"20210217143833","is_ascension_mode":false,"campfire_choices":[{"data":"WindmillStrike","floor":6,"key":"SMITH"},{"data":"Vigilance","floor":8,"key":"SMITH"},{"data":"FlyingSleeves","floor":10,"key":"SMITH"},{"data":"Evaluate","floor":15,"key":"SMITH"},{"data":"Evaluate","floor":23,"key":"SMITH"},{"data":"WindmillStrike","floor":25,"key":"SMITH"},{"data":"Protect","floor":27,"key":"SMITH"}],"circlet_count":0,"master_deck":["Strike_P","Strike_P","Defend_P","Defend_P","Defend_P","Defend_P","Vigilance+1","WindmillStrike+1","FlyingSleeves+1","Evaluate+1","Devotion+1","PerfectMaid+1","Evaluate+1","Protect+1","WindmillStrike+1"],"relics":["PureWater","NlothsMask","HollowMod:QueensCombRelic","ThirstyCross","Pantograph","Cursed Key"],"acts_visited":["Exordium","TheCity"],"potions_floor_usage":[7],"damage_taken":[{"damage":4,"enemies":"Cultist","floor":1,"turns":4},{"damage":0,"enemies":"2 Louse","floor":2,"turns":3},{"damage":25,"enemies":"3 Sentries","floor":7,"turns":11},{"damage":0,"enemies":"Jaw Worm","floor":11,"turns":3},{"damage":35,"enemies":"The Guardian","floor":16,"turns":12},{"damage":6,"enemies":"Chosen","floor":18,"turns":5},{"damage":11,"enemies":"Spheric Guardian","floor":22,"turns":6},{"damage":55,"enemies":"3 Cultists","floor":28,"turns":5}],"seed_played":"-4045516421630799421","potions_obtained":[{"floor":1,"key":"DuplicationPotion"},{"floor":7,"key":"SkillPotion"},{"floor":16,"key":"Block Potion"},{"floor":18,"key":"GamblersBrew"}],"is_trial":false,"path_per_floor":["M","M","$","?","$","R","E","R","T","R","M","?","T","?","R","B",null,"M","?","?","$","M","R","$","R","T","R","M"],"character_chosen":"WATCHER","items_purchased":["Evaluate","Protect","WindmillStrike"],"campfire_rested":0,"item_purchase_floors":[21,21,24],"current_hp_per_floor":[68,68,68,68,68,68,43,43,43,43,48,48,48,48,48,13,48,42,42,42,42,37,37,37,37,37,37,0,0],"gold":24,"neow_bonus":"REMOVE_CARD","is_daily":false,"chose_seed":false,"campfire_upgraded":7,"win_rate":0.0,"timestamp":1613533113,"path_taken":["M","M","$","?","?","R","E","R","T","R","M","?","?","?","R","BOSS","M","?","?","$","?","R","$","R","T","R","M"],"items_purchased_type":["Card","Card","Card"],"build_version":"2020-12-22","purchased_purges":2,"victory":false,"max_hp_per_floor":[72,72,72,72,72,72,48,48,48,48,48,48,48,48,48,48,48,48,48,48,48,48,48,48,48,48,48,48,48],"card_choices":[{"not_picked":["ClearTheMind","PathToVictory"],"picked":"WindmillStrike","floor":1},{"not_picked":["CutThroughFate","BowlingBash"],"picked":"FlyingSleeves","floor":2},{"not_picked":["Pray","TalkToTheHand"],"picked":"Evaluate","floor":7},{"not_picked":["Halt","SashWhip","ClearTheMind"],"picked":"SKIP","floor":11},{"not_picked":["LessonLearned","ConjureBlade"],"picked":"Devotion","floor":16},{"not_picked":["WheelKick+1","Fasting2","JustLucky"],"picked":"SKIP","floor":18},{"not_picked":["Swivel","ThirdEye","FearNoEvil"],"picked":"SKIP","floor":22}],"player_experience":1539691,"relics_obtained":[{"floor":7,"key":"HollowMod:QueensCombRelic"},{"floor":13,"key":"Pantograph"}],"event_choices":[{"damage_healed":0,"gold_gain":0,"player_choice":"Trade","damage_taken":0,"relics_obtained":["NlothsMask"],"max_hp_gain":0,"max_hp_loss":0,"event_name":"FaceTrader","floor":4,"gold_loss":0},{"damage_healed":0,"gold_gain":0,"player_choice":"Ignored","damage_taken":0,"max_hp_gain":0,"max_hp_loss":0,"event_name":"Liars Game","floor":14,"gold_loss":0},{"damage_healed":0,"gold_gain":0,"player_choice":"Upgraded","damage_taken":0,"max_hp_gain":0,"max_hp_loss":0,"event_name":"Upgrade Shrine","floor":20,"gold_loss":0,"cards_upgraded":["Devotion"]}],"is_beta":false,"boss_relics":[{"not_picked":["Calling Bell","Velvet Choker"],"picked":"Cursed Key"}],"items_purged_floors":[3,21],"is_endless":false,"potions_floor_spawned":[1,7,16,18],"killed_by":"3 Cultists","ascension_level":0}}