{"host":"5pruifpvrxoc6ior","time":1613592566,"event":{"mods":["AchievementEnabler","Aspiration","BaseMod","Colored Map","Colored Powertips","Downfall","Googly Eyes","Hermit","Hubris","Jorbs\u0027s Wanderer Trilogy","Marisa????????","Minty Spire (QoL Compilation)","Quick Restart","Remilia??????","Replay The Spire","StSLib","SuperFastMode","The Bug Knight","The Cursed","The Disciple","The Hierophant","The Jungle","The Necromancer","The Servant 0.9.4"],"gold_per_floor":[109,120,120,120,133,133,162,162,185,220,395,63,78,106,106,204,204,219,219,4,4,22,54,54,82,106,132,145,145,22,51,51,146,146,160,215,225,244,5,5,37,53,53,53,53],"floor_reached":44,"language":"ENG","playtime":1911,"items_purged":["Doubt","downfall:Bewildered"],"score":662,"play_id":"933e18e2-4d08-47a4-a69b-2350d90f75b7","local_time":"20210217150926","is_ascension_mode":true,"campfire_choices":[{"data":"Spectral_Walk","floor":6,"key":"SMITH"},{"data":"Necrotic_Claws","floor":8,"key":"SMITH"},{"data":"Summon_Death_Knight","floor":15,"key":"SMITH"},{"floor":24,"key":"REST"},{"floor":29,"key":"REST"},{"floor":32,"key":"REST"},{"floor":40,"key":"REST"}],"circlet_count":0,"master_deck":["Strike_W","Strike_W+1","Strike_W+1","Strike_W+1","Defend_W","Defend_W+1","Defend_W","Defend_W","Negative_Energy_Arrows","Bone_Wall","Spectral_Walk+1","Summon_Undead_Army+1","Necrotic_Claws+1","Death_March_Dance+1","Summon_Death_Knight+1","Stop_Heart+1","Jack Of All Trades","Summon_Death_Knight","Bone_Armor+1","Swift Strike","Bone_Spikes+1","Spectral_Walk+1","Stop_Heart+1","Summon_Death_Knight","ReplayTheSpireMod:IOU","Negative_Energy_Shield+1","Sadistic Nature","Sadistic Nature","Summon_Vampire_Lady","Bone_Armory","Hallucinations","Bone_Armor","Apotheosis","Apotheosis","Life_Tap"],"relics":["Vampire_Amulet","NeowsBlessing","hubris:OldNail","Juzu Bracelet","Lizard Tail","Membership Card","Blue Doll","Gremlin Food","sneckomod:BabySnecko","Replay:Bottled Steam","Nloth\u0027s Gift","Ice Cream","hubris:Spice","Happy Flower","Replay:Wax Seal","ReplayFunnel","Replay:Baseball","Whetstone","ReplayTheSpireMod:CursedCoin","Mercury Hourglass","FossilizedHelix"],"acts_visited":["Exordium","TheCity","TheBeyond"],"potions_floor_usage":[22,23,23,31,33,38,41],"damage_taken":[{"damage":0,"enemies":"Cultist","floor":1,"turns":1},{"damage":0,"enemies":"Small Slimes","floor":2,"turns":2},{"damage":0,"enemies":"2 Louse","floor":5,"turns":1},{"damage":18,"enemies":"HollowMod:MossKnight","floor":7,"turns":6},{"damage":26,"enemies":"3 Sentries","floor":10,"turns":7},{"damage":1,"enemies":"2 Fungi Beasts","floor":13,"turns":3},{"damage":6,"enemies":"Replay:BlueRogue","floor":14,"turns":5},{"damage":14,"enemies":"The Guardian","floor":16,"turns":9},{"damage":14,"enemies":"Chosen","floor":18,"turns":5},{"damage":9,"enemies":"3 Byrds","floor":22,"turns":4},{"damage":63,"enemies":"Slavers","floor":23,"turns":7},{"damage":5,"enemies":"Replay:Snechameleon","floor":25,"turns":8},{"damage":23,"enemies":"Gremlin Leader","floor":27,"turns":8},{"damage":2,"enemies":"Snecko","floor":28,"turns":3},{"damage":9,"enemies":"Replay:Snechameleon","floor":31,"turns":5},{"damage":15,"enemies":"Automaton","floor":33,"turns":8},{"damage":30,"enemies":"3 Darklings","floor":35,"turns":5},{"damage":71,"enemies":"2 Orb Walkers","floor":36,"turns":5},{"damage":0,"enemies":"3 Shapes","floor":37,"turns":6},{"damage":53,"enemies":"Transient","floor":38,"turns":5},{"damage":9,"enemies":"Giant Head","floor":41,"turns":7},{"damage":36,"enemies":"4 Shapes","floor":42,"turns":4},{"damage":14,"enemies":"Spire Growth","floor":44,"turns":2}],"seed_played":"8536504454044084369","potions_obtained":[{"floor":2,"key":"GamblersBrew"},{"floor":5,"key":"sneckomod:MuddlingPotion"},{"floor":22,"key":"Adrenaline Potion"},{"floor":28,"key":"Ancient Potion"},{"floor":31,"key":"SneckoOil"},{"floor":37,"key":"LifebloodPotion"},{"floor":38,"key":"Milkshake"},{"floor":41,"key":"Strength Potion"}],"is_trial":false,"path_per_floor":["M","M","?","?","M","R","E","R","T","E","?","$","M","E","R","B",null,"M","?","$","?","M","E","R","E","T","E","M","R","$","E","R","B",null,"M","?","M","M","$","R","E","M","T","M"],"character_chosen":"NECROMANCER","items_purchased":["Membership Card","Blue Doll","Stop_Heart","Jack Of All Trades","Replay:Bottled Steam","Swift Strike","ReplayFunnel","Replay:Baseball","Negative_Energy_Shield+1","Sadistic Nature","ReplayTheSpireMod:CursedCoin","Bone_Armor","Apotheosis","Mercury Hourglass","hubris:Spice","Dexterity Potion"],"campfire_rested":4,"item_purchase_floors":[12,12,12,12,20,20,30,30,30,30,39,39,39,39,39,39],"current_hp_per_floor":[75,75,75,75,75,75,61,61,61,41,41,41,44,40,40,28,75,63,63,63,63,60,3,25,30,30,17,17,41,41,34,58,49,91,63,52,58,7,7,27,35,13,13,0,0],"gold":53,"neow_bonus":"THREE_ENEMY_KILL","is_daily":false,"chose_seed":false,"campfire_upgraded":3,"win_rate":0.0,"timestamp":1613592566,"path_taken":["M","?","?","?","M","R","E","R","T","E","?","$","M","E","R","BOSS","M","?","$","?","M","E","R","E","T","E","M","R","$","E","R","BOSS","M","?","M","M","$","R","E","M","T","M"],"items_purchased_type":["Relic","Relic","Card","Card","Relic","Card","Relic","Relic","Card","Card","Relic","Card","Card","Relic","Relic","Potion"],"build_version":"2020-12-22","purchased_purges":2,"victory":false,"max_hp_per_floor":[75,75,75,75,75,75,75,75,75,75,75,75,75,75,75,75,75,75,75,75,75,75,75,75,83,83,83,83,83,83,83,83,83,91,91,83,83,75,67,67,59,51,51,51,51],"card_choices":[{"not_picked":["Bone_Shift","Bone_Bullets"],"picked":"Spectral_Walk","floor":1},{"not_picked":["Plague_Bolt","Negative_Energy_Shield"],"picked":"Summon_Undead_Army","floor":2},{"not_picked":["Acid_Javelin","Chill_Blood"],"picked":"Necrotic_Claws","floor":5},{"not_picked":["Epidemic","Blood_Shield"],"picked":"Death_March_Dance","floor":7},{"not_picked":["Negative_Energy_Shield","Necromantic_Selection"],"picked":"Summon_Death_Knight","floor":10},{"not_picked":["Bones_to_Steel","Negative_Energy_Sphere","Death_Knell"],"picked":"SKIP","floor":13},{"not_picked":["Negative_Energy_Mist","Shackles_Of_Pain","Death_Knell"],"picked":"SKIP","floor":14},{"not_picked":["Requiem","Skeleton_Dragon"],"picked":"Summon_Death_Knight","floor":16},{"not_picked":["Scare+1","Consume_Illness"],"picked":"Bone_Armor","floor":18},{"not_picked":["Blood_Curse","Skeleton_Dragon"],"picked":"Bone_Spikes+1","floor":22},{"not_picked":["Blood_for_Blood","Consume_Illness+1"],"picked":"Spectral_Walk+1","floor":23},{"not_picked":["Blood_Magic","Bone_Bullets"],"picked":"Stop_Heart+1","floor":25},{"not_picked":["Deaths_Shadow+1","Requiem"],"picked":"Summon_Death_Knight","floor":27},{"not_picked":["Vampiric_Strike","Reap_The_Weak","Bone_Shift"],"picked":"SKIP","floor":28},{"not_picked":["Bone_Shift","Blood_Magic","Bone_Spikes"],"picked":"SKIP","floor":31},{"not_picked":["Blood_Magic","Requiem"],"picked":"Summon_Vampire_Lady","floor":33},{"not_picked":["Bone_Spikes+1","Reap_The_Weak","Blood_Whip+1"],"picked":"SKIP","floor":35},{"not_picked":["Violent_Necrosis","Bone_Shift"],"picked":"Bone_Armory","floor":37},{"not_picked":["Scare+1","Life_Drain+1"],"picked":"hubris:SpiceAddiction","floor":38},{"not_picked":["Blood_Shield","Thousand_Bone_Knives+1"],"picked":"Life_Tap","floor":41},{"not_picked":["Corrupt+1","Flesh_Made_Foul+1"],"picked":"hubris:SpiceAddiction","floor":42}],"player_experience":31779,"relics_obtained":[{"floor":7,"key":"hubris:OldNail"},{"floor":9,"key":"Juzu Bracelet"},{"floor":10,"key":"Lizard Tail"},{"floor":14,"key":"Gremlin Food"},{"floor":23,"key":"Ice Cream"},{"floor":25,"key":"hubris:Spice"},{"floor":26,"key":"Happy Flower"},{"floor":27,"key":"Replay:Wax Seal"},{"floor":31,"key":"Whetstone"},{"floor":36,"key":"hubris:Spice"},{"floor":41,"key":"hubris:Spice"},{"floor":43,"key":"FossilizedHelix"}],"event_choices":[{"damage_healed":0,"gold_gain":0,"player_choice":"Grow","damage_taken":0,"max_hp_gain":0,"max_hp_loss":0,"event_name":"Living Wall","floor":3,"gold_loss":0,"cards_upgraded":["Summon_Undead_Army"]},{"damage_healed":0,"gold_gain":175,"player_choice":"AGREE","damage_taken":0,"max_hp_gain":0,"max_hp_loss":0,"event_name":"Liars Game","floor":11,"gold_loss":0,"cards_obtained":["Doubt"]},{"damage_healed":0,"gold_gain":0,"player_choice":"Traded Relic","damage_taken":0,"relics_obtained":["Nloth\u0027s Gift"],"max_hp_gain":0,"max_hp_loss":0,"event_name":"N\u0027loth","floor":21,"relics_lost":["aspiration:SecretTechniqueScroll"],"gold_loss":0},{"damage_healed":0,"gold_gain":0,"player_choice":"Fight","damage_taken":0,"max_hp_gain":0,"max_hp_loss":0,"event_name":"Mysterious Sphere","floor":36,"gold_loss":0}],"is_beta":false,"boss_relics":[{"not_picked":["Fusion Hammer","Astrolabe"],"picked":"aspiration:SecretTechniqueScroll"},{"not_picked":["Sozu","Painkiller Herb"],"picked":"hubris:Spice"}],"items_purged_floors":[12,20],"is_endless":false,"potions_floor_spawned":[2,5,10,22,27,28,31,33,36,37,38,41],"killed_by":"Spire Growth","ascension_level":3}}