{"host":"63uc7iyb40dnlk3k","time":1613570360,"event":{"mods":["2.2 Compatiblity","AchievementEnabler","BaseMod","Defuse TimeMaze Blight","Downfall","Jorbs\u0027s Wanderer Trilogy","Minty Spire (QoL Compilation)","Random Character Button","StSLib"],"gold_per_floor":[117,117,137,155,43,69,69,87,133,146,203,219,246,262,262,357,357,372,372,387,407,307,307,326,361,361,361,376,376,405,405,405,405,405],"floor_reached":33,"language":"ENG","playtime":2829,"items_purged":["Strike_G","Strike_G"],"score":324,"play_id":"b778cddf-24ea-4df3-b135-5c8f5f106762","local_time":"20210217155920","is_ascension_mode":false,"campfire_choices":[{"data":"Finisher","floor":7,"key":"SMITH"},{"data":"Calculated Gamble","floor":15,"key":"SMITH"},{"data":"A Thousand Cuts","floor":23,"key":"SMITH"},{"floor":27,"key":"DIG"},{"floor":29,"key":"DIG"},{"floor":32,"key":"DIG"}],"circlet_count":0,"master_deck":["Strike_G","Defend_G","Defend_G","Defend_G","Defend_G","Survivor","Neutralize","Masterful Stab","Leg Sweep","Terror","Blade Dance","Finisher+1","Calculated Gamble+1","Prepared","After Image","Glass Knife","Endless Agony","A Thousand Cuts+1","Accuracy+1","Dash","Storm of Steel","Prepared","Calculated Gamble+1","Footwork+1"],"relics":["Ring of the Snake","Darkstone Periapt","Bag of Marbles","Boot","Sundial","Runic Dome","Shovel","Mummified Hand","Question Card","Bottled Tornado","Happy Flower","Juzu Bracelet"],"acts_visited":["Exordium","TheCity"],"potions_floor_usage":[13,16,16],"damage_taken":[{"damage":0,"enemies":"2 Louse","floor":1,"turns":2},{"damage":0,"enemies":"Cultist","floor":3,"turns":4},{"damage":0,"enemies":"Jaw Worm","floor":4,"turns":3},{"damage":0,"enemies":"Lagavulin","floor":6,"turns":7},{"damage":0,"enemies":"2 Fungi Beasts","floor":8,"turns":4},{"damage":0,"enemies":"Gremlin Gang","floor":10,"turns":3},{"damage":3,"enemies":"Lagavulin Event","floor":11,"turns":3},{"damage":0,"enemies":"Lots of Slimes","floor":12,"turns":4},{"damage":1,"enemies":"3 Sentries","floor":13,"turns":6},{"damage":0,"enemies":"Looter","floor":14,"turns":1},{"damage":16,"enemies":"Hexaghost","floor":16,"turns":8},{"damage":4,"enemies":"2 Thieves","floor":18,"turns":3},{"damage":5,"enemies":"Chosen","floor":20,"turns":5},{"damage":0,"enemies":"Shelled Parasite and Fungi","floor":21,"turns":3},{"damage":0,"enemies":"Sentry and Sphere","floor":24,"turns":3},{"damage":28,"enemies":"Slavers","floor":25,"turns":6},{"damage":0,"enemies":"Snecko","floor":28,"turns":2},{"damage":3,"enemies":"Book of Stabbing","floor":30,"turns":5},{"damage":31,"enemies":"Automaton","floor":33,"turns":6}],"seed_played":"-5694189596233847594","potions_obtained":[{"floor":1,"key":"PowerPotion"},{"floor":3,"key":"AttackPotion"},{"floor":6,"key":"LiquidBronze"},{"floor":12,"key":"Explosive Potion"},{"floor":13,"key":"PowerPotion"},{"floor":18,"key":"champ:CounterPotion"},{"floor":25,"key":"SkillPotion"},{"floor":30,"key":"Strength Potion"}],"is_trial":false,"path_per_floor":["M","?","M","M","$","E","R","M","T","M","?","M","E","M","R","B",null,"M","?","M","M","$","R","M","E","T","R","M","R","E","?","R","B"],"character_chosen":"THE_SILENT","items_purchased":["Finisher"],"campfire_rested":0,"item_purchase_floors":[5],"current_hp_per_floor":[63,63,63,63,63,63,63,63,63,63,60,60,59,59,59,43,63,59,59,54,54,54,54,54,26,26,26,26,26,23,23,23,0,0],"gold":405,"neow_bonus":"TRANSFORM_TWO_CARDS","is_daily":false,"chose_seed":false,"campfire_upgraded":3,"win_rate":0.0,"timestamp":1613570360,"path_taken":["M","?","M","M","?","E","R","M","T","?","?","M","E","M","R","BOSS","M","?","?","M","$","R","M","E","T","R","M","R","E","?","R","BOSS"],"items_purchased_type":["Card"],"build_version":"2020-12-22","purchased_purges":2,"victory":false,"max_hp_per_floor":[63,63,63,63,63,63,63,63,63,63,63,63,63,63,63,63,63,63,63,63,63,63,63,63,63,63,63,63,63,63,63,63,63,63],"card_choices":[{"not_picked":["Concentrate","PiercingWail"],"picked":"Leg Sweep","floor":1},{"not_picked":["Dagger Throw","Concentrate"],"picked":"Terror","floor":3},{"not_picked":["Bane","Deflect"],"picked":"Blade Dance","floor":4},{"not_picked":["Flechettes","Dagger Throw","Quick Slash"],"picked":"SKIP","floor":6},{"not_picked":["Poisoned Stab","PiercingWail"],"picked":"Calculated Gamble","floor":8},{"not_picked":["Reflex","Poisoned Stab"],"picked":"Prepared","floor":10},{"not_picked":["Prepared","Slice"],"picked":"After Image","floor":11},{"not_picked":["Deflect","Dodge and Roll","Dagger Throw"],"picked":"SKIP","floor":12},{"not_picked":["Grand Finale","Terror"],"picked":"Glass Knife","floor":13},{"not_picked":["Flying Knee","Blade Dance"],"picked":"Endless Agony","floor":14},{"not_picked":["Venomology","Doppelganger"],"picked":"A Thousand Cuts","floor":16},{"not_picked":["Prepared","PiercingWail"],"picked":"Accuracy+1","floor":18},{"not_picked":["Catalyst","Quick Slash","Finisher+1"],"picked":"SKIP","floor":20},{"not_picked":["Flying Knee","Slice","Deflect"],"picked":"SKIP","floor":21},{"not_picked":["Deadly Poison","Backstab+1"],"picked":"Storm of Steel","floor":24},{"not_picked":["Slice","Catalyst+1"],"picked":"Prepared","floor":25},{"not_picked":["All Out Attack","Underhanded Strike+1","Backstab"],"picked":"Calculated Gamble+1","floor":28},{"not_picked":["Terror","All Out Attack","Dagger Throw+1"],"picked":"Footwork+1","floor":30}],"player_experience":369536,"relics_obtained":[{"floor":6,"key":"Darkstone Periapt"},{"floor":9,"key":"Bag of Marbles"},{"floor":11,"key":"Boot"},{"floor":13,"key":"Sundial"},{"floor":25,"key":"Shovel"},{"floor":26,"key":"Mummified Hand"},{"floor":27,"key":"Question Card"},{"floor":29,"key":"Bottled Tornado"},{"floor":30,"key":"Happy Flower"},{"floor":32,"key":"Juzu Bracelet"}],"event_choices":[{"cards_removed":["Predator"],"damage_healed":0,"gold_gain":0,"player_choice":"Offered Uncommon","damage_taken":0,"max_hp_gain":0,"max_hp_loss":0,"event_name":"Bonfire Elementals","floor":2,"gold_loss":0},{"damage_healed":0,"gold_gain":0,"player_choice":"Searched \u00272\u0027 times","damage_taken":0,"max_hp_gain":0,"max_hp_loss":0,"event_name":"Dead Adventurer","floor":11,"gold_loss":0},{"damage_healed":0,"gold_gain":0,"cards_transformed":["Strike_G"],"player_choice":"Transformed","damage_taken":0,"max_hp_gain":0,"max_hp_loss":0,"event_name":"Transmorgrifier","floor":19,"gold_loss":0,"cards_obtained":["Dash"]},{"damage_healed":0,"gold_gain":0,"player_choice":"Bought 0 Potions","damage_taken":0,"max_hp_gain":0,"max_hp_loss":0,"event_name":"The Woman in Blue","floor":31,"gold_loss":0}],"is_beta":false,"boss_relics":[{"not_picked":["Busted Crown","Snecko Eye"],"picked":"Runic Dome"}],"items_purged_floors":[5,22],"is_endless":false,"potions_floor_spawned":[1,3,6,11,12,13,18,25,30],"killed_by":"Automaton","ascension_level":0}}