{"host":"pj05r22d3fegil3v","time":1613555303,"event":{"mods":["BaseMod","Better Altar","Better Match","Better Note","Better Sensory Stone","Better Skull","Better Third Choice","BetterRewards","Card Filter","Colored Powertips","Curses Come First","Custom Start","DeckTracker","Displayed Cursed Tome","Evolution","Minty Spire (QoL Compilation)","Quick Restart","Rare Cards Sparkle","Relic Filter Mod","Smile Girya","StSLib","Weighted Paths","everything is the same but u backflip on backflip","slay the spire mod where everything is the same but ironclad has a cowboy hat"],"gold_per_floor":[116,134,209,220,231,231,262,262,316,347,347,361,286,25,25,120,120,131,131,143,105,117,129,173,185,197,209,248,280,303,315,327,443,455,482,494,524,536,559,599,17,50,50,50,50,61,74,74,74,74],"floor_reached":51,"language":"ENG","playtime":1188,"items_purged":[],"score":914,"play_id":"a1802c7e-a478-4837-826a-aa132d918f3b","local_time":"20210217044823","is_ascension_mode":true,"campfire_choices":[{"data":"Perfected Strike","floor":6.0,"key":"SMITH"},{"data":"Shockwave","floor":8.0,"key":"SMITH"},{"data":"Perfected Strike","floor":11.0,"key":"SMITH"},{"data":"Perfected Strike","floor":15.0,"key":"SMITH"},{"data":"Double Tap","floor":23,"key":"SMITH"},{"data":"Perfected Strike","floor":27,"key":"SMITH"},{"data":"Perfected Strike","floor":32,"key":"SMITH"},{"data":"1","floor":44,"key":"LIFT"},{"data":"2","floor":49,"key":"LIFT"}],"circlet_count":0,"master_deck":["Shrug It Off+1","Shrug It Off","Shrug It Off+1","Shrug It Off","Shrug It Off","Pommel Strike","Pommel Strike","Pommel Strike","Pommel Strike","Pommel Strike","Perfected Strike+1","Perfected Strike+1","Perfected Strike+1","Perfected Strike+1","Pommel Strike","Shockwave+1","Double Tap+1","Double Tap+1","Twin Strike+1","Pommel Strike+1","Armaments+1","Twin Strike+1","Twin Strike+1"],"relics":["Burning Blood","EVO:Axolotl","StrikeDummy","War Paint","Ancient Tea Set","Molten Egg 2","Philosopher\u0027s Stone","MawBank","The Courier","Darkstone Periapt","Torii","Fusion Hammer","Girya","Happy Flower","Blood Vial","Mercury Hourglass","Regal Pillow","Bronze Scales","Mummified Hand"],"acts_visited":["Exordium","TheCity","TheBeyond"],"potions_floor_usage":[42,50,50],"damage_taken":[{"damage":0.0,"enemies":"Jaw Worm","floor":1.0,"turns":2.0},{"damage":0.0,"enemies":"Cultist","floor":2.0,"turns":2.0},{"damage":0.0,"enemies":"Small Slimes","floor":4.0,"turns":1.0},{"damage":0.0,"enemies":"Red Slaver","floor":5.0,"turns":3.0},{"damage":20.0,"enemies":"Lagavulin","floor":7.0,"turns":4.0},{"damage":1.0,"enemies":"3 Sentries","floor":10.0,"turns":4.0},{"damage":0.0,"enemies":"Blue Slaver","floor":12.0,"turns":1.0},{"damage":0,"enemies":"Slime Boss","floor":16,"turns":2},{"damage":0,"enemies":"Spheric Guardian","floor":18,"turns":1},{"damage":3,"enemies":"Gremlin Leader","floor":24,"turns":2},{"damage":16,"enemies":"Book of Stabbing","floor":28,"turns":2},{"damage":1,"enemies":"Shell Parasite","floor":29,"turns":2},{"damage":0,"enemies":"Chosen and Byrds","floor":30,"turns":2},{"damage":63,"enemies":"Champ","floor":33,"turns":5},{"damage":0,"enemies":"Orb Walker","floor":35,"turns":1},{"damage":1,"enemies":"3 Darklings","floor":37,"turns":3},{"damage":11,"enemies":"Sphere and 2 Shapes","floor":39,"turns":3},{"damage":1,"enemies":"Nemesis","floor":40,"turns":3},{"damage":48,"enemies":"Reptomancer","floor":42,"turns":3},{"damage":11,"enemies":"Jaw Worm Horde","floor":46,"turns":2},{"damage":2,"enemies":"4 Shapes","floor":47,"turns":3},{"damage":52,"enemies":"Donu and Deca","floor":50,"turns":5}],"seed_played":"4360784783368089951","potions_obtained":[{"floor":5.0,"key":"Dexterity Potion"},{"floor":16,"key":"SpeedPotion"},{"floor":29,"key":"SkillPotion"},{"floor":30,"key":"FearPotion"},{"floor":37,"key":"BloodPotion"},{"floor":38,"key":"Swift Potion"}],"is_trial":true,"path_per_floor":["M","M","?","M","M","R","E","R","T","E","R","M","?","$","R","B",null,"M","?","$","?","$","R","E","?","T","R","E","M","M","$","R","B",null,"M","?","M","?","M","E","$","E","T","R","$","M","M","?","R","B",null],"character_chosen":"IRONCLAD","items_purchased":["Molten Egg 2","Twin Strike+1","Happy Flower","Blood Vial","Mercury Hourglass","Regal Pillow"],"campfire_rested":0,"item_purchase_floors":[14,41,41,41,41,41],"current_hp_per_floor":[80,80,72,78,80,80,66,66,66,71,71,77,77,77,77,80,80,80,80,80,80,80,80,80,80,80,80,70,75,80,80,80,23,80,80,80,80,80,75,80,80,54,54,54,54,51,57,57,57,13],"gold":74,"neow_bonus":"","is_daily":false,"chose_seed":false,"campfire_upgraded":7,"win_rate":0.0,"timestamp":1613555303,"path_taken":["M","M","?","M","?","R","E","R","T","E","R","M","?","$","R","BOSS","M","?","$","?","?","R","E","?","T","R","E","M","M","$","R","BOSS","M","?","?","?","M","E","$","E","T","R","?","M","?","?","R","BOSS"],"items_purchased_type":["Relic","Card","Relic","Relic","Relic","Relic"],"build_version":"2020-12-22","purchased_purges":0,"victory":true,"max_hp_per_floor":[80,80,80,80,80,80,80,80,80,80,80,80,80,80,80,80,80,80,80,80,80,80,80,80,80,80,80,80,80,80,80,80,80,80,80,80,80,80,80,80,80,80,80,80,80,80,80,80,80,80],"card_choices":[{"not_picked":["Clothesline","Flex"],"picked":"Pommel Strike","floor":1.0},{"not_picked":["Combust","Heavy Blade"],"picked":"Perfected Strike","floor":2.0},{"not_picked":["Thunderclap","Body Slam","Second Wind"],"picked":"SKIP","floor":4.0},{"not_picked":["Feel No Pain","True Grit","Sword Boomerang"],"picked":"SKIP","floor":5.0},{"not_picked":["Exhume","Whirlwind"],"picked":"Shockwave","floor":7.0},{"not_picked":["Shrug It Off","Flex","Rage"],"picked":"SKIP","floor":10.0},{"not_picked":["Iron Wave","Rupture","Infernal Blade"],"picked":"SKIP","floor":12.0},{"not_picked":["Fiend Fire+1","Feed+1"],"picked":"Double Tap+1","floor":13.0},{"not_picked":["Fiend Fire+1","Feed+1"],"picked":"Double Tap","floor":16},{"not_picked":["Hemokinesis+1","Sever Soul+1","Anger+1"],"picked":"SKIP","floor":18},{"not_picked":["Anger+1","Evolve"],"picked":"Twin Strike+1","floor":24},{"not_picked":["Iron Wave+1","Dual Wield"],"picked":"Pommel Strike+1","floor":28},{"not_picked":["Bloodletting","True Grit","Battle Trance+1"],"picked":"SKIP","floor":29},{"not_picked":["Sword Boomerang+1","Flex","Iron Wave+1"],"picked":"SKIP","floor":30},{"not_picked":["Clothesline+1","Iron Wave+1","Warcry"],"picked":"SKIP","floor":35},{"not_picked":["Armaments+1","Clothesline+1","Ghostly Armor+1"],"picked":"SKIP","floor":37},{"not_picked":["Clothesline+1","Ghostly Armor+1"],"picked":"Armaments+1","floor":37},{"not_picked":["Dark Embrace+1","Clash+1","Rampage+1"],"picked":"SKIP","floor":39},{"not_picked":["Havoc+1","Intimidate","Feel No Pain"],"picked":"SKIP","floor":40},{"not_picked":["Sever Soul+1","Ghostly Armor"],"picked":"Twin Strike+1","floor":42},{"not_picked":["Flex+1","Havoc+1","Headbutt+1"],"picked":"SKIP","floor":46},{"not_picked":["Wild Strike+1","Flame Barrier","Cleave+1"],"picked":"SKIP","floor":47}],"player_experience":147833,"relics_obtained":[{"floor":7.0,"key":"StrikeDummy"},{"floor":9.0,"key":"War Paint"},{"floor":10.0,"key":"Ancient Tea Set"},{"floor":24,"key":"The Courier"},{"floor":26,"key":"Darkstone Periapt"},{"floor":28,"key":"Torii"},{"floor":40,"key":"Girya"},{"floor":42,"key":"Bronze Scales"},{"floor":43,"key":"Mummified Hand"}],"event_choices":[{"damage_healed":0.0,"max_hp_gain":0.0,"max_hp_loss":0.0,"gold_gain":75.0,"event_name":"FaceTrader","player_choice":"Touch","floor":3.0,"gold_loss":0.0,"damage_taken":8.0},{"damage_healed":0.0,"max_hp_gain":0.0,"max_hp_loss":0.0,"gold_gain":0.0,"event_name":"betterMatch:BetterMatch","player_choice":"2","floor":13.0,"gold_loss":0.0,"damage_taken":0.0,"cards_obtained":["betterMatch:RareCard"]},{"damage_healed":0,"gold_gain":0,"player_choice":"Gave Potion","damage_taken":0,"relics_obtained":["MawBank"],"max_hp_gain":0,"max_hp_loss":0,"event_name":"WeMeetAgain","floor":19,"gold_loss":0},{"damage_healed":0,"gold_gain":0,"player_choice":"Bet on Murderer","damage_taken":0,"max_hp_gain":0,"max_hp_loss":0,"event_name":"The Joust","floor":21,"gold_loss":50},{"damage_healed":0,"gold_gain":0,"player_choice":"Ignored","damage_taken":0,"max_hp_gain":0,"max_hp_loss":0,"event_name":"Purifier","floor":25,"gold_loss":0},{"cards_removed":["Perfected Strike"],"damage_healed":0,"gold_gain":0,"player_choice":"Card Removal","damage_taken":0,"max_hp_gain":0,"max_hp_loss":0,"event_name":"Wheel of Change","floor":36,"gold_loss":0},{"damage_healed":0,"gold_gain":0,"player_choice":"Got Potions","damage_taken":0,"max_hp_gain":0,"max_hp_loss":0,"event_name":"Lab","floor":38,"gold_loss":0},{"cards_removed":["Perfected Strike"],"damage_healed":0,"gold_gain":0,"player_choice":"Removed Attack","damage_taken":0,"max_hp_gain":0,"max_hp_loss":0,"event_name":"Falling","floor":48,"gold_loss":0}],"is_beta":false,"boss_relics":[{"not_picked":["Snecko Eye","Tiny House"],"picked":"Philosopher\u0027s Stone"},{"not_picked":["Velvet Choker","Calling Bell"],"picked":"Fusion Hammer"}],"items_purged_floors":[],"is_endless":false,"potions_floor_spawned":[5,16,29,30,37,39],"ascension_level":1}}