{"host":"wqsqub3crsxqknzv","time":1613585635,"event":{"mods":["BaseMod","Colored Powertips","Lobotomy","LobotomyExtend","Minty Spire (QoL Compilation)","StSLib"],"gold_per_floor":[119,119,119,131,131,131,164,181,254,254,40,40,366,381,381,455,455,471,471,482,532,549,549,577,577,577,26,126,146,146,178,178,255,255,270,270,283,37,37,37],"floor_reached":39,"playtime":1022,"items_purged":["SpecialBullet","RedEyes"],"score":950,"play_id":"59a04086-1a1f-498c-aa6c-8c14fd3498ed","local_time":"20210217201355","is_ascension_mode":true,"campfire_choices":[],"circlet_count":0,"master_deck":["SpecialBullet","SpecialBullet","SpecialBullet","SpecialBullet","SpecialBullet","SpecialBullet","SecurityCode","TrainingCode","CentralCode","UniverseFragment","FeatherOfHonor","QueenOfHatred","FeatherOfHonor","Logging","FeatherOfHonor+1","WristCuter","GoldRush","Beak+1","LongBird","PunishingBird","Moonlight+1","LifeForTheDareDevil","Logging+1"],"relics":["CogitoBucket","RabbitCall","LetterFromLob","MagicBullet_r","Gaze_r","Smiling Mask","Ornamental Fan","Orrery","Old Coin","Logging_r","AdjustmentMirror","Snecko Eye","Bottled Flame","Enchiridion","Blue Candle","Oddly Smooth Stone","Frozen Eye","Thread and Needle","Molten Egg 2","MealTicket","Coffee Dripper","InspiredRelic"],"acts_visited":["Exordium","TheCity","TheBeyond"],"potions_floor_usage":[16],"damage_taken":[{"damage":14,"enemies":"2 Louse","floor":1,"turns":2},{"damage":0,"enemies":"Cultist","floor":4,"turns":3},{"damage":37,"enemies":"Jaw Worm","floor":5,"turns":3},{"damage":20,"enemies":"3 Sentries","floor":7,"turns":8},{"damage":4,"enemies":"Jaw Worm","floor":8,"turns":2},{"damage":20,"enemies":"Gremlin Nob","floor":13,"turns":6},{"damage":5,"enemies":"Looter","floor":14,"turns":2},{"damage":73,"enemies":"Slime Boss","floor":16,"turns":16},{"damage":6,"enemies":"Shell Parasite","floor":18,"turns":2},{"damage":2,"enemies":"2 Thieves","floor":20,"turns":2},{"damage":7,"enemies":"Snake Plant","floor":22,"turns":3},{"damage":36,"enemies":"Gremlin Leader","floor":24,"turns":7},{"damage":0,"enemies":"Colosseum Slavers","floor":28,"turns":2},{"damage":1,"enemies":"Colosseum Nobs","floor":28,"turns":2},{"damage":8,"enemies":"3 Cultists","floor":29,"turns":2},{"damage":4,"enemies":"Book of Stabbing","floor":31,"turns":3},{"damage":0,"enemies":"Automaton","floor":33,"turns":1},{"damage":10,"enemies":"3 Shapes","floor":35,"turns":2},{"damage":0,"enemies":"Orb Walker","floor":37,"turns":1}],"seed_played":"5568515848375799860","potions_obtained":[{"floor":4,"key":"Regen Potion"},{"floor":8,"key":"Strength Potion"},{"floor":16,"key":"Regen Potion"}],"is_trial":false,"path_per_floor":["M","$","?","M","M","R","E","M","T","R","$","?","E","M","R","B",null,"M","?","M","?","M","R","E","?","T","$","?","M","R","E","R","B",null,"M","?","M","$","?"],"character_chosen":"Angela","items_purchased":["Orrery","WristCuter","GoldRush","Oddly Smooth Stone","Frozen Eye","Moonlight+1","LifeForTheDareDevil","Logging+1"],"campfire_rested":0,"item_purchase_floors":[11,27,27,27,27,38,38,38],"current_hp_per_floor":[53,53,53,61,41,41,48,62,62,62,62,62,83,84,84,84,84,84,84,84,84,84,84,82,63,73,83,84,68,78,84,84,84,84,84,84,84,84,0,0],"gold":37,"neow_bonus":"TWENTY_PERCENT_HP_BONUS","is_daily":false,"chose_seed":false,"campfire_upgraded":0,"win_rate":0.0,"timestamp":1613585635,"path_taken":["M","$","?","M","?","R","E","M","T","R","$","?","E","M","R","BOSS","M","?","M","?","M","R","E","?","T","$","?","M","R","E","R","BOSS","M","?","?","?","?"],"items_purchased_type":["Relic","Card","Card","Relic","Relic","Card","Card","Card"],"build_version":"2020-11-29","purchased_purges":2,"victory":false,"max_hp_per_floor":[84,84,84,84,84,84,84,84,84,84,84,84,84,84,84,84,84,84,84,84,84,84,84,84,84,84,84,84,84,84,84,84,84,84,84,84,84,84,84,84],"card_choices":[{"not_picked":["ShyLook","MHz"],"picked":"UniverseFragment","floor":1},{"not_picked":["Beak"],"picked":"RedEyes","floor":1},{"not_picked":["ShyLook","Wellcheers"],"picked":"Woodsman","floor":4},{"not_picked":["SomewhereSpear"],"picked":"FeatherOfHonor","floor":4},{"not_picked":["Porccubus","MeatLantern"],"picked":"QueenOfHatred","floor":7},{"not_picked":["Regret_ego","Hypocrisy"],"picked":"SKIP","floor":7},{"not_picked":["Horn","Regret_ego"],"picked":"SKIP","floor":8},{"not_picked":["Penitence"],"picked":"FeatherOfHonor","floor":11},{"not_picked":["Pleasure"],"picked":"Logging","floor":11},{"not_picked":["Regret_ego","Noise"],"picked":"SKIP","floor":13},{"not_picked":["GrinderMk4","RedEyes"],"picked":"SKIP","floor":14},{"not_picked":["CrimsonScar","CherryBlossom"],"picked":"SKIP","floor":18},{"not_picked":["Amita","CherryBlossom"],"picked":"SKIP","floor":20},{"not_picked":["ScreamingWedge","CherryBlossom"],"picked":"SKIP","floor":22},{"not_picked":["BearPaw+1","BlackSwan_ego"],"picked":"SKIP","floor":24},{"not_picked":["FourthMatchFlame+1"],"picked":"Beak+1","floor":28},{"not_picked":["WristCuter+1","RedEyes"],"picked":"SKIP","floor":29},{"not_picked":["Pleasure","BloodyDesire"],"picked":"SKIP","floor":31},{"not_picked":["Woodsman","HappyTeddy"],"picked":"LongBird","floor":33},{"not_picked":["NakedNest","Yin"],"picked":"PunishingBird","floor":35},{"not_picked":["Beak+1","CherryBlossom"],"picked":"SKIP","floor":35},{"not_picked":["Lantern+1","CUTE"],"picked":"SKIP","floor":37}],"player_experience":37070,"relics_obtained":[{"floor":1,"key":"LetterFromLob"},{"floor":7,"key":"Smiling Mask"},{"floor":9,"key":"Ornamental Fan"},{"floor":13,"key":"Old Coin"},{"floor":24,"key":"Bottled Flame"},{"floor":25,"key":"Enchiridion"},{"floor":26,"key":"Blue Candle"},{"floor":28,"key":"Thread and Needle"},{"floor":28,"key":"Molten Egg 2"},{"floor":31,"key":"MealTicket"}],"event_choices":[{"cards_removed":["SpecialBullet"],"damage_healed":0,"gold_gain":0,"player_choice":"Purged","damage_taken":0,"max_hp_gain":0,"max_hp_loss":0,"event_name":"Purifier","floor":3,"gold_loss":0},{"damage_healed":0,"gold_gain":0,"player_choice":"1 cards matched","damage_taken":0,"max_hp_gain":0,"max_hp_loss":0,"event_name":"Match and Keep!","floor":12,"gold_loss":0,"cards_obtained":["FeatherOfHonor"]},{"cards_removed":["Woodsman"],"damage_healed":0,"gold_gain":0,"player_choice":"Elegance","damage_taken":0,"max_hp_gain":0,"max_hp_loss":0,"event_name":"Back to Basics","floor":19,"gold_loss":0},{"damage_healed":0,"gold_gain":50,"player_choice":"Stole From Cult","damage_taken":0,"max_hp_gain":0,"max_hp_loss":0,"event_name":"Nest","floor":21,"gold_loss":0},{"damage_healed":0,"gold_gain":0,"player_choice":"Obtained Book","damage_taken":21,"max_hp_gain":0,"max_hp_loss":0,"event_name":"Cursed Tome","floor":25,"gold_loss":0},{"damage_healed":0,"gold_gain":0,"player_choice":"Fight","damage_taken":0,"max_hp_gain":0,"max_hp_loss":0,"event_name":"Colosseum","floor":28,"gold_loss":0},{"damage_healed":0,"gold_gain":0,"player_choice":"Fought Nobs","damage_taken":0,"max_hp_gain":0,"max_hp_loss":0,"event_name":"Colosseum","floor":28,"gold_loss":0},{"damage_healed":0,"gold_gain":0,"player_choice":"Forge","damage_taken":0,"max_hp_gain":0,"max_hp_loss":0,"event_name":"Accursed Blacksmith","floor":36,"gold_loss":0,"cards_upgraded":["FeatherOfHonor"]}],"is_beta":false,"boss_relics":[{"not_picked":["Astrolabe","Calling Bell"],"picked":"Snecko Eye"},{"not_picked":["Runic Pyramid","Runic Dome"],"picked":"Coffee Dripper"}],"items_purged_floors":[11,38],"is_endless":false,"potions_floor_spawned":[4,8,16,18,22,28],"ascension_level":20}}