{"host":"sxnl403xm2xmiyj1","time":1613555057,"event":{"mods":["AchievementEnabler","BaseMod","Colored Map","Keyboard Shortcuts","Minty Spire (QoL Compilation)","Quick Restart","StSLib","SuperFastMode"],"gold_per_floor":[118,118,118,132,144,144,18,43,43,43,61,61,74,99,99,170,170,180,199,213,230,87,112,112,142,142,153,153,153,153,163,163,236,236,247,247,247,266,280,280,294,294,294],"floor_reached":42,"language":"KOR","playtime":824,"items_purged":["Shame"],"score":932,"play_id":"2666bd02-6115-4d36-9d1e-06b757752b05","local_time":"20210217184417","is_ascension_mode":true,"campfire_choices":[{"data":"Sadistic Nature","floor":6.0,"key":"SMITH"},{"data":"Noxious Fumes","floor":12.0,"key":"SMITH"},{"data":"Catalyst","floor":15.0,"key":"SMITH"},{"floor":24.0,"key":"REST"},{"floor":32.0,"key":"REST"},{"data":"Footwork","floor":40.0,"key":"SMITH"}],"circlet_count":0,"master_deck":["AscendersBane","Strike_G","Strike_G","Defend_G","Defend_G","Defend_G","Defend_G","Defend_G","Survivor","Neutralize","Sadistic Nature+1","Deadly Poison","PiercingWail","Backflip","PiercingWail","Noxious Fumes+1","Crippling Poison","Catalyst+1","Sucker Punch","After Image+1","Footwork+1","Catalyst","Escape Plan","Prepared+1","Crippling Poison","Poisoned Stab","Dodge and Roll","Poisoned Stab","Envenom","Bane","Crippling Poison","Envenom","Backflip","Burst","Poisoned Stab+1","PiercingWail"],"relics":["Ring of the Snake","The Specimen","MealTicket","Pear","Singing Bowl","Mango","Sozu","Turnip","Orichalcum","Mummified Hand","SlaversCollar"],"acts_visited":["Exordium","TheCity","TheBeyond"],"potions_floor_usage":[],"damage_taken":[{"damage":2.0,"enemies":"Small Slimes","floor":1.0,"turns":5.0},{"damage":2.0,"enemies":"Jaw Worm","floor":4.0,"turns":4.0},{"damage":0.0,"enemies":"Cultist","floor":5.0,"turns":4.0},{"damage":2.0,"enemies":"3 Sentries","floor":8.0,"turns":5.0},{"damage":0.0,"enemies":"3 Louse","floor":11.0,"turns":3.0},{"damage":3.0,"enemies":"Lots of Slimes","floor":13.0,"turns":2.0},{"damage":24.0,"enemies":"Gremlin Nob","floor":14.0,"turns":4.0},{"damage":27.0,"enemies":"Slime Boss","floor":16.0,"turns":6.0},{"damage":12.0,"enemies":"2 Thieves","floor":18.0,"turns":4.0},{"damage":0.0,"enemies":"3 Byrds","floor":19.0,"turns":3.0},{"damage":35.0,"enemies":"Sentry and Sphere","floor":20.0,"turns":6.0},{"damage":0.0,"enemies":"Snake Plant","floor":21.0,"turns":4.0},{"damage":33.0,"enemies":"Book of Stabbing","floor":23.0,"turns":5.0},{"damage":31.0,"enemies":"Slavers","floor":25.0,"turns":4.0},{"damage":4.0,"enemies":"Shelled Parasite and Fungi","floor":27.0,"turns":3.0},{"damage":0.0,"enemies":"3 Cultists","floor":29.0,"turns":3.0},{"damage":0.0,"enemies":"Centurion and Healer","floor":31.0,"turns":5.0},{"damage":35.0,"enemies":"Collector","floor":33.0,"turns":7.0},{"damage":10.0,"enemies":"Orb Walker","floor":35.0,"turns":3.0},{"damage":16.0,"enemies":"3 Darklings","floor":38.0,"turns":6.0},{"damage":10.0,"enemies":"4 Shapes","floor":39.0,"turns":4.0},{"damage":23.0,"enemies":"Writhing Mass","floor":41.0,"turns":5.0},{"damage":0,"enemies":"Nemesis","floor":42,"turns":4}],"seed_played":"3948413952304120241","potions_obtained":[{"floor":4.0,"key":"Poison Potion"},{"floor":5.0,"key":"SmokeBomb"},{"floor":8.0,"key":"LiquidMemories"},{"floor":16.0,"key":"DuplicationPotion"}],"is_trial":false,"path_per_floor":["M","?","?","M","M","R","$","E","T","T","M","R","M","E","R","B",null,"M","M","M","M","$","E","R","E","T","M","?","M","?","M","R","B",null,"M","?","?","M","M","R","M","E"],"character_chosen":"THE_SILENT","items_purchased":["PiercingWail","Crippling Poison","Poisoned Stab"],"campfire_rested":2,"item_purchase_floors":[7,22,22],"current_hp_per_floor":[57,52,57,55,55,55,55,53,63,63,63,63,60,50,50,23,77,65,65,30,30,45,14,43,12,12,8,8,8,8,8,37,2,73,63,63,63,47,39,39,16,16,16],"gold":294,"neow_bonus":"RANDOM_COLORLESS_2","is_daily":false,"chose_seed":false,"campfire_upgraded":4,"win_rate":0.0,"timestamp":1613555057,"path_taken":["M","?","?","M","M","R","$","E","T","?","M","R","M","E","R","BOSS","M","M","M","M","?","E","R","E","T","M","?","?","?","M","R","BOSS","M","?","?","M","?","R","M","E"],"items_purchased_type":["Card","Card","Card"],"build_version":"2020-12-22","purchased_purges":1,"victory":false,"max_hp_per_floor":[66,66,71,71,71,71,71,71,81,81,81,81,81,95,95,95,95,95,95,95,95,95,97,97,97,97,97,97,97,97,97,97,97,97,97,97,97,97,99,99,99,99,99],"card_choices":[{"not_picked":["Master of Strategy","Panache"],"picked":"Sadistic Nature","floor":0.0},{"not_picked":["Tactician","Riddle With Holes"],"picked":"Deadly Poison","floor":1.0},{"not_picked":["Backflip","Dodge and Roll"],"picked":"PiercingWail","floor":4.0},{"not_picked":["Dagger Throw","Well Laid Plans"],"picked":"Backflip","floor":5.0},{"not_picked":["Infinite Blades","Poisoned Stab"],"picked":"Noxious Fumes","floor":8.0},{"not_picked":["Deflect","Acrobatics"],"picked":"Crippling Poison","floor":11.0},{"not_picked":["Leg Sweep","Dagger Throw"],"picked":"Catalyst","floor":13.0},{"not_picked":["Backflip","Underhanded Strike"],"picked":"Sucker Punch","floor":14.0},{"not_picked":["Adrenaline","Night Terror"],"picked":"After Image","floor":16.0},{"not_picked":["Skewer","Poisoned Stab+1"],"picked":"Footwork","floor":18.0},{"not_picked":["Prepared","Backflip"],"picked":"Catalyst","floor":19.0},{"not_picked":["Tactician","Quick Slash"],"picked":"Escape Plan","floor":20.0},{"not_picked":["All Out Attack","Deflect"],"picked":"Prepared+1","floor":21.0},{"not_picked":["Endless Agony+1","Slice","Prepared"],"picked":"Singing Bowl","floor":23.0},{"not_picked":["Outmaneuver","All Out Attack"],"picked":"Dodge and Roll","floor":25.0},{"not_picked":["Calculated Gamble","Quick Slash"],"picked":"Poisoned Stab","floor":27.0},{"not_picked":["Bane","All Out Attack"],"picked":"Crippling Poison","floor":31.0},{"not_picked":["Venomology","Tools of the Trade"],"picked":"Envenom","floor":33.0},{"not_picked":["Dodge and Roll","Slice"],"picked":"Backflip","floor":35.0},{"not_picked":["Underhanded Strike","Masterful Stab"],"picked":"Poisoned Stab+1","floor":38.0},{"not_picked":["Prepared","Endless Agony","Dagger Throw"],"picked":"Singing Bowl","floor":39.0},{"not_picked":["Sucker Punch","Distraction"],"picked":"PiercingWail","floor":41.0}],"player_experience":223639,"relics_obtained":[{"floor":8.0,"key":"MealTicket"},{"floor":9.0,"key":"Pear"},{"floor":10.0,"key":"Singing Bowl"},{"floor":14.0,"key":"Mango"},{"floor":23.0,"key":"Turnip"},{"floor":25.0,"key":"Orichalcum"},{"floor":26.0,"key":"Mummified Hand"}],"event_choices":[{"damage_healed":0.0,"max_hp_gain":0.0,"max_hp_loss":0.0,"gold_gain":0.0,"event_name":"Scrap Ooze","player_choice":"Success","floor":2.0,"gold_loss":0.0,"damage_taken":5.0,"relics_obtained":["The Specimen"]},{"damage_healed":0.0,"max_hp_gain":5.0,"max_hp_loss":0.0,"gold_gain":0.0,"event_name":"Big Fish","player_choice":"Donut","floor":3.0,"gold_loss":0.0,"damage_taken":0.0},{"damage_healed":0.0,"max_hp_gain":0.0,"max_hp_loss":0.0,"gold_gain":0.0,"event_name":"Upgrade Shrine","player_choice":"Upgraded","floor":28.0,"gold_loss":0.0,"damage_taken":0.0,"cards_upgraded":["After Image"]},{"damage_healed":0.0,"max_hp_gain":0.0,"max_hp_loss":0.0,"gold_gain":0.0,"cards_transformed":["Strike_G","Strike_G"],"event_name":"Drug Dealer","player_choice":"Became Test Subject","floor":30.0,"gold_loss":0.0,"damage_taken":0.0,"cards_obtained":["Envenom","Bane"]},{"damage_healed":0.0,"max_hp_gain":0.0,"max_hp_loss":0.0,"gold_gain":0.0,"event_name":"Tomb of Lord Red Mask","player_choice":"Ignored","floor":36.0,"gold_loss":0.0,"damage_taken":0.0},{"damage_healed":0.0,"max_hp_gain":0.0,"max_hp_loss":0.0,"gold_gain":0.0,"cards_transformed":["Strike_G"],"event_name":"Transmorgrifier","player_choice":"Transformed","floor":37.0,"gold_loss":0.0,"damage_taken":0.0,"cards_obtained":["Burst"]}],"is_beta":false,"boss_relics":[{"not_picked":["WristBlade","Ring of the Serpent"],"picked":"Sozu"},{"not_picked":["Calling Bell","SacredBark"],"picked":"SlaversCollar"}],"items_purged_floors":[7],"is_endless":false,"potions_floor_spawned":[4,5,8,16,21,23,29,31,33],"killed_by":"Nemesis","ascension_level":17}}