{"host":"dctolzh6htjtakpc","time":1613600081,"event":{"mods":["2.2 Compatiblity","AchievementEnabler","AlwaysNeverKeys","BaseMod","Block Reminder","DeckTracker","Defuse TimeMaze Blight","Minty Spire (QoL Compilation)","Permanent Neow","Quick Restart","Slay-I","StSLib","SuperFastMode"],"gold_per_floor":[114,127,32,45,65,65,90,105,105,105,105,30,30,49,49,49,49],"floor_reached":16,"language":"ENG","playtime":319,"items_purged":["Strike_R"],"score":158,"play_id":"1a58fb81-3072-4738-8dcd-3f92f4cafe31","local_time":"20210217171441","is_ascension_mode":true,"campfire_choices":[{"data":"Deep Breath","floor":6,"key":"SMITH"},{"data":"Immolate","floor":11,"key":"SMITH"},{"data":"Armaments","floor":15,"key":"SMITH"}],"circlet_count":0,"master_deck":["AscendersBane","Strike_R","Strike_R","Strike_R","Strike_R","Defend_R","Defend_R","Defend_R","Defend_R","Bash","Immolate+1","Power Through","Cleave","Deep Breath+1","Flame Barrier","Armaments+1","Power Through"],"relics":["Burning Blood","Vajra","Mercury Hourglass","Golden Idol","The Courier"],"acts_visited":["Exordium"],"potions_floor_usage":[],"damage_taken":[{"damage":0,"enemies":"Cultist","floor":1,"turns":3},{"damage":0,"enemies":"Small Slimes","floor":2,"turns":3},{"damage":16,"enemies":"Jaw Worm","floor":4,"turns":5},{"damage":1,"enemies":"Looter","floor":5,"turns":3},{"damage":10,"enemies":"3 Sentries","floor":7,"turns":5},{"damage":10,"enemies":"Red Slaver","floor":8,"turns":4},{"damage":0,"enemies":"2 Fungi Beasts","floor":14,"turns":2},{"damage":57,"enemies":"Hexaghost","floor":16,"turns":11}],"seed_played":"79707555572256568","potions_obtained":[{"floor":1,"key":"FearPotion"},{"floor":2,"key":"LiquidMemories"}],"is_trial":false,"path_per_floor":["M","M","$","M","M","R","E","M","T","?","R","$","?","M","R","B"],"character_chosen":"IRONCLAD","items_purchased":["Deep Breath"],"campfire_rested":0,"item_purchase_floors":[3],"current_hp_per_floor":[57,63,63,53,58,58,54,50,50,50,50,50,50,56,56,0,0],"gold":49,"neow_bonus":"THREE_RARE_CARDS","is_daily":false,"chose_seed":false,"campfire_upgraded":3,"win_rate":0.0,"timestamp":1613600081,"path_taken":["M","M","$","M","M","R","E","M","T","?","R","$","?","M","R","BOSS"],"items_purchased_type":["Card"],"build_version":"2020-12-22","purchased_purges":1,"victory":false,"max_hp_per_floor":[80,80,80,80,80,80,80,80,80,74,74,74,74,74,74,74,74],"card_choices":[{"not_picked":["Berserk","Brutality"],"picked":"Immolate","floor":0},{"not_picked":["Evolve","Anger"],"picked":"Power Through","floor":1},{"not_picked":["Sword Boomerang","Havoc"],"picked":"Cleave","floor":2},{"not_picked":["Uppercut","Headbutt"],"picked":"Flame Barrier","floor":4},{"not_picked":["Dropkick","Twin Strike"],"picked":"Armaments","floor":5},{"not_picked":["Spot Weakness","Blood for Blood"],"picked":"Power Through","floor":7},{"not_picked":["Seeing Red","Infernal Blade","Anger"],"picked":"SKIP","floor":8},{"not_picked":["Perfected Strike","Berserk","Body Slam"],"picked":"SKIP","floor":14}],"player_experience":522488,"relics_obtained":[{"floor":7,"key":"Vajra"},{"floor":9,"key":"Mercury Hourglass"}],"event_choices":[{"damage_healed":0,"gold_gain":0,"player_choice":"Lose Max HP","damage_taken":0,"relics_obtained":["Golden Idol"],"max_hp_gain":0,"max_hp_loss":6,"event_name":"Golden Idol","floor":10,"gold_loss":0},{"damage_healed":0,"gold_gain":0,"player_choice":"Gave Potion","damage_taken":0,"relics_obtained":["The Courier"],"max_hp_gain":0,"max_hp_loss":0,"event_name":"WeMeetAgain","floor":13,"gold_loss":0}],"is_beta":false,"boss_relics":[],"items_purged_floors":[12],"is_endless":false,"potions_floor_spawned":[1,2,5],"killed_by":"Hexaghost","ascension_level":11}}