{"host":"vyjryxuuuxkt43k4","time":1613546642,"event":{"mods":["AchievementEnabler","BaseMod","Colored Map","DeckTracker","Keyboard Shortcuts","Minty Spire (QoL Compilation)","Permanent Neow","Quick Restart","StSLib","SuperFastMode","everything is the same but u backflip on backflip"],"gold_per_floor":[361,361,31,31,46,46,57,74,120,151,151,168,168,193,193,267,267,277,309,19,19,19,19,19,19],"floor_reached":24,"language":"KOR","playtime":1304,"items_purged":["Strike_R"],"score":404,"play_id":"15320ec3-b0a4-426c-a9ff-a1dd79a5f6d4","local_time":"20210217162402","is_ascension_mode":true,"campfire_choices":[{"data":"Carnage","floor":6.0,"key":"SMITH"},{"data":"Demon Form","floor":11.0,"key":"SMITH"},{"data":"Heavy Blade","floor":13.0,"key":"SMITH"},{"data":"Evolve","floor":15.0,"key":"SMITH"},{"data":"Uppercut","floor":23.0,"key":"SMITH"}],"circlet_count":0,"master_deck":["AscendersBane","Strike_R","Defend_R","Defend_R","Defend_R","Defend_R","Bash","Demon Form+1","Carnage+1","Sword Boomerang","Shrug It Off","Pommel Strike","Power Through","Pummel","Shockwave","Heavy Blade+1","Disarm","Evolve+1","Corruption","Uppercut+1","Ghostly Armor+1","Flame Barrier+1","Metallicize","Limit Break"],"relics":["Burning Blood","Prayer Wheel","Potion Belt","Tiny Chest","Singing Bowl","Snecko Eye","Red Mask","Membership Card","Toy Ornithopter","Enchiridion"],"acts_visited":["Exordium","TheCity"],"potions_floor_usage":[24,24],"damage_taken":[{"damage":7.0,"enemies":"Small Slimes","floor":1.0,"turns":3.0},{"damage":10.0,"enemies":"2 Louse","floor":5.0,"turns":3.0},{"damage":19.0,"enemies":"Jaw Worm","floor":7.0,"turns":4.0},{"damage":3.0,"enemies":"Blue Slaver","floor":8.0,"turns":3.0},{"damage":7.0,"enemies":"3 Sentries","floor":10.0,"turns":7.0},{"damage":0.0,"enemies":"Large Slime","floor":12.0,"turns":4.0},{"damage":13.0,"enemies":"Lagavulin","floor":14.0,"turns":5.0},{"damage":13.0,"enemies":"The Guardian","floor":16.0,"turns":8.0},{"damage":3.0,"enemies":"Chosen","floor":18.0,"turns":5.0},{"damage":19.0,"enemies":"Masked Bandits","floor":19.0,"turns":3.0},{"damage":66,"enemies":"Slavers","floor":24,"turns":3}],"seed_played":"-7544952136079189235","potions_obtained":[{"floor":5.0,"key":"LiquidMemories"},{"floor":8.0,"key":"EntropicBrew"},{"floor":10.0,"key":"Fruit Juice"},{"floor":12.0,"key":"Regen Potion"},{"floor":19.0,"key":"BlessingOfTheForge"}],"is_trial":false,"path_per_floor":["M","?","$","?","M","R","M","M","T","E","R","M","R","E","R","B",null,"M","?","$","?","?","R","E"],"character_chosen":"IRONCLAD","items_purchased":["Prayer Wheel","Membership Card","Toy Ornithopter"],"campfire_rested":0,"item_purchase_floors":[3,20,20],"current_hp_per_floor":[49,49,49,49,45,45,32,35,35,54,54,60,60,53,53,46,72,75,62,62,41,41,41,0,0],"gold":19,"neow_bonus":"TWO_FIFTY_GOLD","is_daily":false,"chose_seed":false,"campfire_upgraded":5,"win_rate":0.0,"timestamp":1613546642,"path_taken":["M","?","$","?","M","R","M","M","T","E","R","M","R","E","R","BOSS","M","?","$","?","?","R","E"],"items_purchased_type":["Relic","Relic","Relic"],"build_version":"2020-12-22","purchased_purges":1,"victory":false,"max_hp_per_floor":[75,75,75,75,75,75,75,75,75,80,80,80,80,80,80,80,80,80,80,80,80,80,80,80,80],"card_choices":[{"not_picked":["Clothesline","Iron Wave","Warcry"],"picked":"SKIP","floor":1.0},{"not_picked":["Perfected Strike","Intimidate"],"picked":"Carnage","floor":5.0},{"not_picked":["Fire Breathing","Entrench","Sword Boomerang"],"picked":"SKIP","floor":5.0},{"not_picked":["Fire Breathing","Entrench"],"picked":"Sword Boomerang","floor":5.0},{"not_picked":["Perfected Strike","Searing Blow"],"picked":"Shrug It Off","floor":7.0},{"not_picked":["Headbutt","Body Slam"],"picked":"Pommel Strike","floor":7.0},{"not_picked":["Uppercut","Shrug It Off"],"picked":"Power Through","floor":8.0},{"not_picked":["Searing Blow","Sword Boomerang"],"picked":"Pummel","floor":8.0},{"not_picked":["Wild Strike","Juggernaut"],"picked":"Shockwave","floor":10.0},{"not_picked":["Carnage","Spot Weakness"],"picked":"Heavy Blade","floor":12.0},{"not_picked":["Havoc","Cleave"],"picked":"Disarm","floor":12.0},{"not_picked":["True Grit","Anger"],"picked":"Evolve","floor":14.0},{"not_picked":["Demon Form","Limit Break"],"picked":"Corruption","floor":16.0},{"not_picked":["Warcry","Blood for Blood"],"picked":"Uppercut","floor":18.0},{"not_picked":["Burning Pact","Pommel Strike"],"picked":"Ghostly Armor+1","floor":18.0},{"not_picked":["Twin Strike","Carnage"],"picked":"Flame Barrier+1","floor":19.0}],"player_experience":1012467,"relics_obtained":[{"floor":9.0,"key":"Potion Belt"},{"floor":10.0,"key":"Tiny Chest"},{"floor":14.0,"key":"Singing Bowl"},{"floor":19.0,"key":"Red Mask"},{"floor":21.0,"key":"Enchiridion"}],"event_choices":[{"damage_healed":0.0,"max_hp_gain":0.0,"max_hp_loss":0.0,"gold_gain":0.0,"cards_transformed":["Strike_R"],"event_name":"Living Wall","player_choice":"Change","floor":2.0,"gold_loss":0.0,"damage_taken":0.0,"cards_obtained":["Demon Form"]},{"damage_healed":0.0,"max_hp_gain":0.0,"max_hp_loss":0.0,"gold_gain":0.0,"event_name":"Liars Game","player_choice":"Ignored","floor":4.0,"gold_loss":0.0,"damage_taken":0.0},{"damage_healed":0.0,"max_hp_gain":0.0,"max_hp_loss":0.0,"gold_gain":0.0,"event_name":"Masked Bandits","player_choice":"Fought Bandits","floor":19.0,"gold_loss":0.0,"damage_taken":0.0},{"damage_healed":0.0,"max_hp_gain":0.0,"max_hp_loss":0.0,"gold_gain":0.0,"event_name":"Cursed Tome","player_choice":"Obtained Book","floor":21.0,"gold_loss":0.0,"damage_taken":21.0},{"damage_healed":0.0,"max_hp_gain":0.0,"max_hp_loss":0.0,"gold_gain":0.0,"cards_transformed":["Strike_R","Strike_R"],"event_name":"Drug Dealer","player_choice":"Became Test Subject","floor":22.0,"gold_loss":0.0,"damage_taken":0.0,"cards_obtained":["Metallicize","Limit Break"]}],"is_beta":false,"boss_relics":[{"not_picked":["Fusion Hammer","Calling Bell"],"picked":"Snecko Eye"}],"items_purged_floors":[20],"is_endless":false,"potions_floor_spawned":[5,8,10,12,19],"killed_by":"Slavers","ascension_level":20}}