{"host":"n2sr453jcjz6vvl4","time":1613520512,"event":{"mods":["BaseMod","Colored Map","Minty Spire (QoL Compilation)","Permanent Neow","Relic Stats","StSLib"],"gold_per_floor":[216,216,234,16,34,34,34,67,92,92,17,36,50,75,75,173,173,193,193,44,44,44,75,75,75,75,106,125,145,145,145,145],"floor_reached":31,"language":"ENG","playtime":1902,"items_purged":["Strike_G"],"score":337,"play_id":"60d0571b-4cd6-4946-8051-06ad81809daa","local_time":"20210216200832","is_ascension_mode":true,"campfire_choices":[{"data":"Noxious Fumes","floor":6,"key":"SMITH"},{"data":"Venomology","floor":10,"key":"SMITH"},{"floor":15,"key":"REST"},{"floor":25,"key":"REST"}],"circlet_count":0,"master_deck":["Strike_G+1","Strike_G","Strike_G","Strike_G+1","Defend_G","Defend_G","Defend_G","Defend_G","Survivor","Neutralize+1","Backflip","Dagger Spray+1","Noxious Fumes+1","Deadly Poison","Venomology+1","Poisoned Stab","Leg Sweep","Phantasmal Killer","Terror","Bane","Blur","Footwork"],"relics":["Ring of the Snake","Whetstone","GremlinMask","Centennial Puzzle","Orichalcum","Vajra","Runic Pyramid","Mummified Hand","Bronze Scales","Bird Faced Urn","Bag of Marbles","Kunai","Matryoshka","Tiny Chest","WingedGreaves"],"acts_visited":["Exordium","TheCity"],"potions_floor_usage":[5,13,14,16,18,27,27,29,29,31,31,31],"damage_taken":[{"damage":3,"enemies":"Jaw Worm","floor":1,"turns":5},{"damage":0,"enemies":"Cultist","floor":3,"turns":4},{"damage":3,"enemies":"2 Louse","floor":5,"turns":2},{"damage":24,"enemies":"Lagavulin","floor":8,"turns":6},{"damage":1,"enemies":"Exordium Thugs","floor":12,"turns":3},{"damage":0,"enemies":"Exordium Wildlife","floor":13,"turns":2},{"damage":15,"enemies":"Gremlin Nob","floor":14,"turns":5},{"damage":8,"enemies":"Hexaghost","floor":16,"turns":9},{"damage":0,"enemies":"Spheric Guardian","floor":18,"turns":3},{"damage":41,"enemies":"Book of Stabbing","floor":23,"turns":6},{"damage":24,"enemies":"Slavers","floor":27,"turns":4},{"damage":8,"enemies":"3 Byrds","floor":28,"turns":4},{"damage":15,"enemies":"Shelled Parasite and Fungi","floor":29,"turns":3},{"damage":16,"enemies":"Cultist and Chosen","floor":31,"turns":4}],"seed_played":"2550983653824125449","potions_obtained":[{"floor":5,"key":"Fruit Juice"},{"floor":13,"key":"Energy Potion"},{"floor":16,"key":"GamblersBrew"},{"floor":27,"key":"DuplicationPotion"},{"floor":29,"key":"Poison Potion"}],"is_trial":false,"path_per_floor":["M","?","M","$","M","R","?","E","T","R","$","M","M","E","R","B",null,"M","?","$","T","?","E","?","R","T","E","M","M","T","M"],"character_chosen":"THE_SILENT","items_purchased":["Whetstone","Noxious Fumes","Bronze Scales"],"campfire_rested":2,"item_purchase_floors":[4,4,20],"current_hp_per_floor":[67,53,53,53,55,55,55,31,31,31,31,30,30,15,37,29,75,75,75,75,75,61,22,22,46,46,24,18,9,9,0,0],"gold":145,"neow_bonus":"HUNDRED_GOLD","is_daily":false,"chose_seed":false,"campfire_upgraded":2,"win_rate":0.0,"timestamp":1613520512,"path_taken":["M","?","M","$","M","R","?","E","T","R","$","M","?","E","R","BOSS","M","?","?","?","?","E","?","R","T","E","M","?","?","?"],"items_purchased_type":["Relic","Card","Relic"],"build_version":"2020-12-22","purchased_purges":1,"victory":false,"max_hp_per_floor":[70,70,70,70,75,75,75,75,75,75,75,75,75,75,75,75,75,75,75,75,75,80,80,80,80,80,80,80,80,80,80,80],"relic_stats":{"Centennial Puzzle":[22],"counters":[14,60],"Mummified Hand":[9],"Bronze Scales":[119],"Bird Faced Urn":[18],"Tiny Chest":0,"Whetstone":["Dagger Spray","Strike_G"],"Kunai":[3],"Orichalcum":[54],"obtain_stats":[{"Vajra":14,"GremlinMask":7,"Whetstone":4,"Orichalcum":9,"Centennial Puzzle":8,"Matryoshka":27,"Mummified Hand":19,"Bronze Scales":20,"Bird Faced Urn":21,"Tiny Chest":30,"WingedGreaves":30,"Bag of Marbles":23,"Kunai":26,"Ring of the Snake":0,"Runic Pyramid":17},{"Vajra":7,"GremlinMask":3,"Whetstone":2,"Orichalcum":4,"Centennial Puzzle":4,"Matryoshka":11,"Mummified Hand":9,"Bronze Scales":9,"Bird Faced Urn":9,"Tiny Chest":13,"WingedGreaves":13,"Bag of Marbles":10,"Kunai":10,"Ring of the Snake":0,"Runic Pyramid":8},{"Vajra":27,"GremlinMask":11,"Whetstone":9,"Orichalcum":17,"Centennial Puzzle":17,"Matryoshka":49,"Mummified Hand":39,"Bronze Scales":39,"Bird Faced Urn":39,"Tiny Chest":56,"WingedGreaves":56,"Bag of Marbles":45,"Kunai":45,"Ring of the Snake":0,"Runic Pyramid":36}],"Ring of the Snake":[28]},"card_choices":[{"not_picked":["Acrobatics","Terror"],"picked":"Backflip","floor":1},{"not_picked":["PiercingWail","Outmaneuver"],"picked":"Dagger Spray","floor":3},{"not_picked":["Underhanded Strike","Acrobatics"],"picked":"Deadly Poison","floor":5},{"not_picked":["Leg Sweep","Blade Dance"],"picked":"Venomology","floor":8},{"not_picked":["Sucker Punch","Dagger Throw"],"picked":"Poisoned Stab","floor":12},{"not_picked":["Poisoned Stab","Eviscerate"],"picked":"Leg Sweep","floor":13},{"not_picked":["Concentrate","Eviscerate","Slice"],"picked":"SKIP","floor":14},{"not_picked":["Venomology","Night Terror"],"picked":"Phantasmal Killer","floor":16},{"not_picked":["Deflect","Dagger Throw"],"picked":"Terror","floor":18},{"not_picked":["Accuracy","Poisoned Stab+1"],"picked":"Bane","floor":23},{"not_picked":["Terror","Concentrate"],"picked":"Blur","floor":27},{"not_picked":["Prepared","Quick Slash"],"picked":"Footwork","floor":28},{"not_picked":["Sucker Punch","Deadly Poison","Poisoned Stab"],"picked":"SKIP","floor":29}],"player_experience":153915,"relics_obtained":[{"floor":8,"key":"Centennial Puzzle"},{"floor":9,"key":"Orichalcum"},{"floor":14,"key":"Vajra"},{"floor":21,"key":"Bird Faced Urn"},{"floor":23,"key":"Bag of Marbles"},{"floor":26,"key":"Kunai"},{"floor":27,"key":"Matryoshka"},{"floor":30,"key":"Tiny Chest"},{"floor":30,"key":"WingedGreaves"}],"event_choices":[{"damage_healed":0,"gold_gain":0,"player_choice":"Entered Light","damage_taken":14,"max_hp_gain":0,"max_hp_loss":0,"event_name":"Shining Light","floor":2,"gold_loss":0,"cards_upgraded":["Strike_G","Neutralize"]},{"damage_healed":0,"gold_gain":0,"player_choice":"Trade","damage_taken":0,"relics_obtained":["GremlinMask"],"max_hp_gain":0,"max_hp_loss":0,"event_name":"FaceTrader","floor":7,"gold_loss":0},{"damage_healed":0,"gold_gain":0,"player_choice":"Gave Potion","damage_taken":0,"relics_obtained":["Mummified Hand"],"max_hp_gain":0,"max_hp_loss":0,"event_name":"WeMeetAgain","floor":19,"gold_loss":0},{"damage_healed":0,"gold_gain":0,"player_choice":"Shed Blood","damage_taken":19,"max_hp_gain":5,"max_hp_loss":0,"event_name":"Forgotten Altar","floor":22,"gold_loss":0},{"cards_removed":["Defend_G"],"damage_healed":0,"gold_gain":0,"player_choice":"Offered Basic","damage_taken":0,"max_hp_gain":0,"max_hp_loss":0,"event_name":"Bonfire Elementals","floor":24,"gold_loss":0}],"is_beta":false,"boss_relics":[{"not_picked":["Ectoplasm","Ring of the Serpent"],"picked":"Runic Pyramid"}],"items_purged_floors":[11],"is_endless":false,"potions_floor_spawned":[5,13,16,27,29],"killed_by":"Cultist and Chosen","ascension_level":4}}