{"host":"51qmnr9isyv85d0p","time":1613537309,"event":{"mods":["AchievementEnabler","BaseMod","Colored Map","Colored Powertips","Curses Come First","Downfall","Minty Spire (QoL Compilation)","Red Circlet Mod","Relic Stats","Replay The Spire","StSLib","TestMod"],"gold_per_floor":[99,10900,10913,10087,10102,10102,10102,10129,10129,10139,10149,10149,10149,9311,9328,9425,9425,9425,9442,9442,9152,9168,9168,9168,9168,9188,8421,8435,7894,7910,7182,7198,7297,7397,7397,7411,7811,7811,7827,7838,7886,6989,6999,7027,6727,6741,6755,6774,6793,6793,6793,6823,6041,6041,6041,6041],"floor_reached":57,"language":"ZHS","playtime":6823,"items_purged":["Slimebound:Defend_Slimebound","Writhe","Slimebound:Defend_Slimebound","Pride","Slimebound:Strike_Slimebound","Delirium","Slimebound:Defend_Slimebound"],"score":1581,"play_id":"7b3a8b49-eea7-4b9d-9f64-2efb6f1cafe4","local_time":"20210217124829","is_ascension_mode":true,"campfire_choices":[{"data":"Slimebound:CorrosiveSpit","floor":1,"key":"SMITH"},{"data":"Slimebound:MinionMaster","floor":6,"key":"SMITH"},{"data":"Slimebound:ProtectTheBoss","floor":12,"key":"SMITH"},{"data":"Slimebound:SlimeBrawl","floor":18,"key":"SMITH"},{"data":"Slimebound:TagTeam","floor":25,"key":"SMITH"},{"floor":35,"key":"RECALL"},{"data":"Slimebound:SelfFormingGoo","floor":45,"key":"SMITH"},{"data":"Slimebound:SelfFormingGoo","floor":54,"key":"SMITH"}],"circlet_count":0,"master_deck":["Slimebound:Strike_Slimebound","Slimebound:Strike_Slimebound","Slimebound:Tackle","Slimebound:Defend_Slimebound","Slimebound:Split","Slimebound:CorrosiveSpit+1","testmod-WeaknessCounterattack","Slimebound:ForwardTackle+1","Slimebound:LeechEnergy","Slimebound:MinionMaster+1","Slimebound:SplitAcid","Slimebound:MegaLick+1","Slimebound:SamplingLick","Slimebound:ProtectTheBoss+1","Slimebound:SlimeBrawl+1","Slimebound:SplitLeeching","Slimebound:LevelUp","Slimebound:SplitMire","Slimebound:Replication","Slimebound:SplitBruiser","Slimebound:TagTeam+1","Slimebound:SelfFormingGoo+1","Slimebound:SplitBruiser","Slimebound:LeadByExample","Slimebound:ServeAndProtect+1","Slimebound:Darklings","Slimebound:SlimeBarrage+1","Slimebound:ItLooksTasty","Slimebound:SelfFormingGoo+1"],"relics":["Slimebound:AbsorbEndCombat","testmod-ObsoleteBoomerang","Slimebound:AggressiveSlimeRelic","testmod-RandomTest","testmod-Register","Pear","Ancient Tea Set","Peace Pipe","PreservedInsect","Orrery","testmod-CardMagician","MutagenicStrength","Bag of Preparation","Boot","Toolbox","ReplayTheSpireMod:TigerMarble","Pen Nib","testmod-TurbochargingSystem","Unceasing Top","Slimebound:SelfDamagePreventRelic","Anchor","Medical Kit","Replay:Bottled Steam","HornCleat","testmod-AssaultLearning","Lee\u0027s Waffle","Replay:Wanted Poster","ReplayTheSpireMod:Ring of Collecting","Ring of Chaos","Ring of Fury","Darkstone Periapt","Torii","Strawberry","downfall:HeartBlessingRed","downfall:HeartBlessingGreen","downfall:HeartBlessingBlue","testmod-ThousandKnives","Divine Protection","hexamod:BolsterEngine","Frozen Eye"],"acts_visited":["Exordium","TheCity","TheBeyond","TheEnding"],"potions_floor_usage":[8,10,15,16,16,21,30,33,42,56,56,56],"damage_taken":[{"damage":3,"enemies":"Cultist","floor":2,"turns":3},{"damage":5,"enemies":"Jaw Worm","floor":3,"turns":3},{"damage":3,"enemies":"downfall:FleeingMerchant","floor":4,"turns":4},{"damage":0,"enemies":"Small Slimes","floor":5,"turns":2},{"damage":8,"enemies":"3 Sentries","floor":8,"turns":3},{"damage":14,"enemies":"3 Louse","floor":10,"turns":2},{"damage":18,"enemies":"Large Slime","floor":11,"turns":3},{"damage":3,"enemies":"downfall:FleeingMerchant","floor":14,"turns":4},{"damage":16,"enemies":"Exordium Wildlife","floor":15,"turns":2},{"damage":7,"enemies":"SI_SHIV_ARCHETYPE","floor":16,"turns":4},{"damage":0,"enemies":"Chosen","floor":19,"turns":2},{"damage":0,"enemies":"downfall:FleeingMerchant","floor":21,"turns":2},{"damage":0,"enemies":"downfall:LooterAlt2","floor":22,"turns":2},{"damage":0,"enemies":"Centurion and Healer","floor":26,"turns":2},{"damage":0,"enemies":"Snake Plant","floor":28,"turns":1},{"damage":0,"enemies":"Sentry and Sphere","floor":30,"turns":2},{"damage":0,"enemies":"3 Cultists","floor":32,"turns":2},{"damage":0,"enemies":"IC_MUSHROOM_ARCHETYPE","floor":33,"turns":2},{"damage":0,"enemies":"3 Darklings","floor":36,"turns":2},{"damage":0,"enemies":"3 Shapes","floor":39,"turns":2},{"damage":0,"enemies":"3 Darklings","floor":40,"turns":1},{"damage":0,"enemies":"Maw","floor":43,"turns":3},{"damage":1,"enemies":"Nemesis","floor":44,"turns":3},{"damage":0,"enemies":"Transient","floor":46,"turns":5},{"damage":0,"enemies":"Jaw Worm Horde","floor":47,"turns":2},{"damage":0,"enemies":"Writhing Mass","floor":48,"turns":2},{"damage":31,"enemies":"4 Shapes","floor":49,"turns":2},{"damage":16,"enemies":"DF_ARCHETYPE_ORBS","floor":50,"turns":4},{"damage":0,"enemies":"downfall:CharBossMerchant","floor":52,"turns":3},{"damage":0,"enemies":"downfall:NeowBoss","floor":55,"turns":6},{"damage":44,"enemies":"downfall:NeowBossFinal","floor":56,"turns":4}],"seed_played":"2164882972300052294","potions_obtained":[{"floor":3,"key":"bronze:BurnAndBuffPotion"},{"floor":5,"key":"Strength Potion"},{"floor":8,"key":"PowerPotion"},{"floor":10,"key":"Elixir"},{"floor":15,"key":"Strength Potion"},{"floor":16,"key":"Fire Potion"},{"floor":19,"key":"Strength Potion"},{"floor":28,"key":"Energy Potion"},{"floor":30,"key":"DuplicationPotion"},{"floor":36,"key":"testmod-TimePotion"}],"is_trial":false,"path_per_floor":["R","M","M","$","M","R","T","E","?","M","M","R","?","$","M","B",null,"R","M","?","$","M","?","T","R","M","$","M","$","M","$","M","B",null,"R","M","?","?","M","M","T","$","M","E","R","M","M","M","M","B",null,"E","$","R","B","B",null],"character_chosen":"SLIMEBOUND","items_purchased":["Slimebound:AggressiveSlimeRelic","testmod-RandomTest","testmod-Register","Slimebound:SplitAcid","Block Potion","Reflective Coating","Peace Pipe","PreservedInsect","Slimebound:SplitLeeching","Slimebound:LevelUp","Orrery","Bag of Preparation","Boot","Toolbox","Fire Potion","testmod-TurbochargingSystem","Unceasing Top","Slimebound:SelfDamagePreventRelic","Anchor","Medical Kit","Replay:Bottled Steam","HornCleat","testmod-AssaultLearning","Lee\u0027s Waffle","Darkstone Periapt","Torii","testmod-SpacePotion","Elixir","Energy Potion","Divine Protection","hexamod:BolsterEngine","Frozen Eye"],"campfire_rested":0,"item_purchase_floors":[4,4,4,4,4,4,14,14,14,14,14,21,21,21,21,27,27,27,29,29,29,31,31,31,42,42,42,42,42,53,53,53],"current_hp_per_floor":[65,64,61,60,62,62,72,69,69,55,45,45,45,48,38,37,66,66,68,68,70,75,75,75,75,75,75,75,75,75,82,82,82,82,82,82,82,82,82,82,82,82,82,89,99,99,99,99,70,77,94,96,96,96,99,83],"gold":6041,"neow_bonus":"RANDOM_COLORLESS","is_daily":false,"chose_seed":false,"campfire_upgraded":7,"win_rate":0.0,"timestamp":1613537309,"path_taken":["R","M","?","$","M","R","T","E","?","M","?","R","?","$","M","BOSS","R","M","?","$","M","?","T","R","M","$","M","$","M","?","M","BOSS","R","M","?","?","M","M","T","?","M","E","R","M","M","M","M","BOSS","E","$","R","BOSS","BOSS"],"items_purchased_type":["Relic","Relic","Relic","Card","Potion","Potion","Relic","Relic","Card","Card","Relic","Relic","Relic","Relic","Potion","Relic","Relic","Relic","Relic","Relic","Relic","Relic","Relic","Relic","Relic","Relic","Potion","Potion","Potion","Relic","Relic","Relic"],"build_version":"2020-12-22","purchased_purges":7,"victory":true,"max_hp_per_floor":[65,65,65,65,65,65,75,75,75,75,75,75,75,75,75,75,75,75,75,75,75,75,75,75,75,75,75,75,75,75,82,82,82,82,82,82,82,82,82,82,82,82,82,89,99,99,99,99,99,99,99,99,99,99,99,99],"relic_stats":{"Peace Pipe":0,"Darkstone Periapt":0,"Lee\u0027s Waffle":7,"Torii":9,"counters":[31,83],"PreservedInsect":122,"Pen Nib":[9],"Bag of Preparation":[38],"Boot":[9],"Medical Kit":[0],"obtain_stats":[{"Darkstone Periapt":42,"Divine Protection":53,"Torii":42,"downfall:HeartBlessingGreen":45,"Bag of Preparation":21,"testmod-RandomTest":4,"Ancient Tea Set":8,"Boot":21,"Replay:Wanted Poster":34,"Frozen Eye":53,"HornCleat":31,"downfall:HeartBlessingBlue":45,"Strawberry":44,"Toolbox":21,"testmod-ThousandKnives":52,"testmod-ObsoleteBoomerang":0,"Replay:Bottled Steam":29,"Slimebound:AggressiveSlimeRelic":4,"Lee\u0027s Waffle":31,"testmod-TestBox":0,"Pear":7,"Slimebound:SelfDamagePreventRelic":27,"downfall:HeartBlessingRed":45,"testmod-Register":4,"testmod-CardMagician":17,"PreservedInsect":14,"Pen Nib":24,"Ring of Chaos":38,"testmod-TurbochargingSystem":27,"Medical Kit":29,"Peace Pipe":14,"Anchor":29,"MutagenicStrength":20,"testmod-AssaultLearning":31,"ReplayTheSpireMod:Ring of Collecting":38,"Orrery":14,"Ring of Fury":41,"Slimebound:AbsorbEndCombat":0,"ReplayTheSpireMod:TigerMarble":23,"hexamod:BolsterEngine":53,"Unceasing Top":27},{"Darkstone Periapt":21,"Divine Protection":29,"Torii":21,"downfall:HeartBlessingGreen":23,"Bag of Preparation":12,"testmod-RandomTest":3,"Ancient Tea Set":5,"Boot":12,"Replay:Wanted Poster":18,"Frozen Eye":29,"HornCleat":16,"downfall:HeartBlessingBlue":23,"Strawberry":23,"Toolbox":12,"testmod-ThousandKnives":29,"testmod-ObsoleteBoomerang":0,"Replay:Bottled Steam":15,"Slimebound:AggressiveSlimeRelic":3,"Lee\u0027s Waffle":16,"testmod-TestBox":0,"Pear":4,"Slimebound:SelfDamagePreventRelic":14,"downfall:HeartBlessingRed":23,"testmod-Register":3,"testmod-CardMagician":10,"PreservedInsect":8,"Pen Nib":13,"Ring of Chaos":19,"testmod-TurbochargingSystem":14,"Medical Kit":15,"Peace Pipe":8,"Anchor":15,"MutagenicStrength":11,"testmod-AssaultLearning":16,"ReplayTheSpireMod:Ring of Collecting":19,"Orrery":8,"Ring of Fury":21,"Slimebound:AbsorbEndCombat":0,"ReplayTheSpireMod:TigerMarble":13,"hexamod:BolsterEngine":29,"Unceasing Top":14},{"Darkstone Periapt":49,"Divine Protection":73,"Torii":49,"downfall:HeartBlessingGreen":55,"Bag of Preparation":33,"testmod-RandomTest":10,"Ancient Tea Set":15,"Boot":33,"Replay:Wanted Poster":44,"Frozen Eye":73,"HornCleat":40,"downfall:HeartBlessingBlue":55,"Strawberry":55,"Toolbox":33,"testmod-ThousandKnives":73,"testmod-ObsoleteBoomerang":0,"Replay:Bottled Steam":38,"Slimebound:AggressiveSlimeRelic":10,"Lee\u0027s Waffle":40,"testmod-TestBox":0,"Pear":12,"Slimebound:SelfDamagePreventRelic":37,"downfall:HeartBlessingRed":55,"testmod-Register":10,"testmod-CardMagician":29,"PreservedInsect":23,"Pen Nib":35,"Ring of Chaos":46,"testmod-TurbochargingSystem":37,"Medical Kit":38,"Peace Pipe":23,"Anchor":38,"MutagenicStrength":31,"testmod-AssaultLearning":40,"ReplayTheSpireMod:Ring of Collecting":46,"Orrery":23,"Ring of Fury":49,"Slimebound:AbsorbEndCombat":0,"ReplayTheSpireMod:TigerMarble":35,"hexamod:BolsterEngine":73,"Unceasing Top":37}],"Unceasing Top":[14]},"card_choices":[{"not_picked":["testmod-Provocation","testmod-LifeRuler"],"picked":"testmod-WeaknessCounterattack","floor":0},{"not_picked":["Slimebound:GoopTackle","Slimebound:SlimeBarrage"],"picked":"Slimebound:ForwardTackle","floor":2},{"not_picked":["Slimebound:SplitBruiser","Slimebound:Replication"],"picked":"Slimebound:LeechEnergy","floor":3},{"not_picked":["Slimebound:ServeAndProtect","Slimebound:SplitLeeching"],"picked":"Slimebound:MinionMaster","floor":4},{"not_picked":["Slimebound:HauntingLick","Slimebound:Schlurp"],"picked":"Slimebound:MegaLick","floor":5},{"not_picked":["Slimebound:TongueLash","Slimebound:WasteNot"],"picked":"Slimebound:SamplingLick","floor":8},{"not_picked":["Slimebound:SamplingLick","Slimebound:SpikyOuterGoop"],"picked":"Slimebound:ProtectTheBoss","floor":10},{"not_picked":["Slimebound:LeechingTouch","Slimebound:ItLooksTasty","Slimebound:ProtectTheBoss"],"picked":"SKIP","floor":11},{"not_picked":["Slimebound:RollThrough","Slimebound:SpikyOuterGoop"],"picked":"Slimebound:SlimeBrawl","floor":14},{"not_picked":["Slimebound:FinishingTackle","Slimebound:FormOfPuddle"],"picked":"Slimebound:SplitMire","floor":14},{"not_picked":["Slimebound:GoopSpray","Slimebound:Prepare"],"picked":"Slimebound:Replication","floor":14},{"not_picked":["Slimebound:RainOfGoop","Slimebound:SplitAcid"],"picked":"Slimebound:SplitBruiser","floor":14},{"not_picked":["Slimebound:Equalize","Slimebound:SplitMire"],"picked":"Slimebound:TagTeam","floor":14},{"not_picked":["Slimebound:SlimeSpikes","Slimebound:Schlurp","Slimebound:ComboTackle"],"picked":"SKIP","floor":15},{"not_picked":["Slimebound:FirmFortitude","Slimebound:OozeBath"],"picked":"Slimebound:SelfFormingGoo","floor":16},{"not_picked":["Slimebound:TongueLash","Slimebound:LivingWall"],"picked":"Slimebound:SplitBruiser","floor":19},{"not_picked":["Slimebound:AcidTongue+1","Slimebound:ViciousTackle+1","Slimebound:LeechEnergy"],"picked":"SKIP","floor":21},{"not_picked":["Slimebound:SplitAcid","Slimebound:SamplingLick","Slimebound:SpikyOuterGoop+1"],"picked":"SKIP","floor":22},{"not_picked":["Slimebound:FormOfPuddle+1","Slimebound:PressTheAttack"],"picked":"Slimebound:LeadByExample","floor":26},{"not_picked":["Slimebound:LeechEnergy+1","Slimebound:ProtectTheBoss"],"picked":"Slimebound:ServeAndProtect+1","floor":28},{"not_picked":["Slimebound:SplitLeeching","Slimebound:Equalize","Slimebound:Nibble+1"],"picked":"SKIP","floor":30},{"not_picked":["Slimebound:SpikyOuterGoop","Slimebound:LevelUp","Slimebound:SlimeBrawl"],"picked":"SKIP","floor":32},{"not_picked":["Slimebound:SlimeSlap","Slimebound:WasteNot"],"picked":"Slimebound:Darklings","floor":33},{"not_picked":["Slimebound:SlimeSpikes+1","Slimebound:DivideAndConquer+1"],"picked":"Slimebound:SlimeBarrage+1","floor":36},{"not_picked":["Slimebound:RollThrough","Slimebound:FlameTackle+1"],"picked":"Slimebound:ItLooksTasty","floor":39},{"not_picked":["Slimebound:ComboTackle","Slimebound:FinishingTackle","Slimebound:DivideAndConquer"],"picked":"SKIP","floor":40},{"not_picked":["Slimebound:HauntingLick+1","Slimebound:SplitAcid+1","Slimebound:FinishingTackle"],"picked":"SKIP","floor":43},{"not_picked":["Slimebound:Schlurp","Slimebound:MegaLick","Slimebound:SlimeBrawl"],"picked":"SKIP","floor":44},{"not_picked":["Slimebound:LivingWall","Slimebound:FinishingTackle","Slimebound:SpikyOuterGoop+1"],"picked":"SKIP","floor":46},{"not_picked":["Slimebound:SplitAcid+1","Slimebound:GrowthPunch","Slimebound:Gluttony"],"picked":"SKIP","floor":47},{"not_picked":["Slimebound:BestDefense+1","Slimebound:SplitMire+1","Slimebound:Recollect+1"],"picked":"SKIP","floor":48},{"not_picked":["Slimebound:FlameTackle+1","Slimebound:Recollect","Slimebound:SamplingLick"],"picked":"SKIP","floor":49},{"not_picked":["Slimebound:GoopTackle","Slimebound:LeechEnergy+1"],"picked":"Slimebound:SelfFormingGoo","floor":52}],"player_experience":95139,"relics_obtained":[{"floor":7,"key":"Pear"},{"floor":8,"key":"Ancient Tea Set"},{"floor":24,"key":"Pen Nib"},{"floor":38,"key":"ReplayTheSpireMod:Ring of Collecting"},{"floor":38,"key":"Ring of Chaos"},{"floor":41,"key":"Ring of Fury"},{"floor":44,"key":"Strawberry"},{"floor":52,"key":"testmod-ThousandKnives"}],"event_choices":[{"damage_healed":0,"gold_gain":0,"player_choice":"Inject Mutagens","damage_taken":0,"relics_obtained":["MutagenicStrength"],"max_hp_gain":0,"max_hp_loss":0,"event_name":"Drug Dealer","floor":20,"gold_loss":0},{"damage_healed":0,"gold_gain":0,"player_choice":"Stole Relic","damage_taken":0,"relics_obtained":["ReplayTheSpireMod:TigerMarble"],"max_hp_gain":0,"max_hp_loss":0,"event_name":"Addict","floor":23,"gold_loss":0,"cards_obtained":["Pride"]},{"damage_healed":0,"gold_gain":400,"player_choice":"Sell","damage_taken":0,"max_hp_gain":0,"max_hp_loss":0,"event_name":"¶÷ÂåË¹µÄÅÌ×Ó","floor":37,"relics_lost":["testmod-TestBox"],"gold_loss":0}],"is_beta":false,"boss_relics":[{"not_picked":["Runic Dome","testmod-PortableAltar"],"picked":"testmod-CardMagician"},{"not_picked":["SlaversCollar","Empty Cage"],"picked":"Replay:Wanted Poster"}],"items_purged_floors":[4,14,21,27,31,42,53],"is_endless":false,"potions_floor_spawned":[3,5,8,10,15,16,19,26,28,30,36,40,44,49],"ascension_level":5}}