{"host":"glqsg3p5q4u9u1ra","time":1613557157,"event":{"mods":["Act Like it!","Arknights","BaseMod","Better Third Choice","BetterRewards","Colored Map","Downfall","Friendly Minions","GifTheSpireLib","Hallownest","Highlight Path","Infinite Spire","Lobotomy","LobotomyExtend","Mimic Mod","Minty Spire (QoL Compilation)","Pale of the Ancients","Reliquary","Replay The Spire","Ruina","Spicy Shops","Spire Birthday Party","StSLib","The Blackbeard","The Blue Laboratory","The Bug Knight","The Exalted","The Servant 0.9.4","Wandering Minibosses"],"gold_per_floor":[111,121,121,138,238,238,238,238],"floor_reached":7,"language":"ENG","playtime":358,"items_purged":[],"score":41,"play_id":"ac7f2dec-3313-4791-bea9-2b3cda6a4d89","local_time":"20210217021917","is_ascension_mode":false,"campfire_choices":[{"data":"ats:Shadow Assault","floor":6,"key":"SMITH"}],"circlet_count":0,"master_deck":["ats:Strike C","ats:Strike G","ats:Strike S","ats:Strike V","ats:Armor Crushing Shot","ats:Defend","ats:Defend","ats:Defend","ats:Emotion Absorption","ats:Volcano","ats:Part Time Job","ats:Red Shift","ats:Flexible Camouflage","Looming Evil","ats:Shadow Assault+1","Pain","ReplayTheSpireMod:IOU"],"relics":["ats:Sanity","LetterFromLob","downfall:ExtraCursedKey"],"acts_visited":["Exordium"],"potions_floor_usage":[],"damage_taken":[{"damage":4,"enemies":"Cultist","floor":1,"turns":4},{"damage":20,"enemies":"2 Louse","floor":2,"turns":3},{"damage":22,"enemies":"Small Slimes","floor":4,"turns":4},{"damage":48,"enemies":"3 Sentries","floor":7,"turns":5}],"seed_played":"3092612508000325887","potions_obtained":[{"floor":1,"key":"Adrenaline Potion"}],"is_trial":false,"path_per_floor":["M","M","?","M","?","R","E"],"character_chosen":"DOCTOR_CLASS","items_purchased":[],"campfire_rested":0,"item_purchase_floors":[],"current_hp_per_floor":[68,53,53,36,41,41,0,0],"gold":238,"neow_bonus":"ONE_RANDOM_RARE_CARD","is_daily":false,"chose_seed":false,"campfire_upgraded":1,"win_rate":0.0,"timestamp":1613557157,"path_taken":["M","?","?","M","?","R","E"],"items_purchased_type":[],"build_version":"2020-12-22","purchased_purges":0,"victory":false,"max_hp_per_floor":[72,72,72,72,77,77,77,77],"card_choices":[{"not_picked":["ats:Charging Defense","ats:Ignite"],"picked":"ats:Part Time Job","floor":1},{"not_picked":["ats:Leaping Hammer","ats:Closed Bolt Burst Fire"],"picked":"ats:Red Shift","floor":2},{"not_picked":["ats:Ignite","ats:Very Hot Blade"],"picked":"ats:Flexible Camouflage","floor":4}],"player_experience":1227413,"relics_obtained":[{"floor":1,"key":"LetterFromLob"}],"event_choices":[],"is_beta":false,"boss_relics":[],"items_purged_floors":[],"is_endless":false,"potions_floor_spawned":[1],"killed_by":"3 Sentries","ascension_level":0}}