{"host":"c59zqhrgluvxuu0k","time":1613542983,"event":{"mods":["100% Spire Juice","BaseMod","Better Altar","Better Third Choice","BetterRewards","Colored Map","Colored Powertips","Curses Come First","Downfall","Friendly Minions","Hermit","Minty Spire (QoL Compilation)","Replay The Spire","Shop Mod","Spicy Shops","StSLib","The Blackbeard","The Cursed","The Death Knight","The Druid","The Jungle","The Necromancer","The Runesmith","The Wild Card"],"gold_per_floor":[349,360,372,387,387,402,402,352,352,373,398,411,411,439,463,579,591,603,630,675,729,741,798,810,873,924,936,1148,1211,1233,1245,1299,1438,1450,1262,1307,1319,881,943,943,1012,1012,1072,972,972,1054,1093,1148,1219,1269,1269,1324,21,21,71,111],"floor_reached":57,"language":"ENG","playtime":5229,"items_purged":["downfall:Haunted"],"score":1703,"play_id":"63bc399e-0939-4b98-bbe3-c80cf79f77e8","local_time":"20210216232303","is_ascension_mode":true,"campfire_choices":[{"data":"blackbeard:IntimidatingStrike","floor":1,"key":"SMITH"},{"data":"blackbeard:FishingNets","floor":9,"key":"SMITH"},{"data":"blackbeard:Anchor","floor":13,"key":"SMITH"},{"data":"blackbeard:CaptainsHat","floor":18,"key":"SMITH"},{"floor":27,"key":"RECALL"},{"data":"blackbeard:PirateEarring","floor":35,"key":"SMITH"},{"data":"blackbeard:TheDrunkenSailor","floor":40,"key":"SMITH"},{"data":"blackbeard:FishingNets","floor":44,"key":"SMITH"},{"data":"Mayhem","floor":54,"key":"SMITH"}],"circlet_count":0,"master_deck":["blackbeard:IntimidatingStrike+1","blackbeard:BlackbeardDefend","blackbeard:BlackbeardDefend","blackbeard:Sword","blackbeard:FishingNets+1","Neutralize","blackbeard:GoldenDefense+1","blackbeard:Anchor+1","blackbeard:CaptainsHat+1","blackbeard:SmithingHammer+1","blackbeard:GoldenRain+1","blackbeard:Bandana","blackbeard:TheDrunkenSailor+1","blackbeard:FishingNets+1","Slimebound:Tackle+1","Slimebound:Tackle+1","Slimebound:Tackle+1","blackbeard:GoldenStrike+1","blackbeard:TerrorOfTheSeas+1","blackbeard:GoldenDefense+1","blackbeard:SmithingHammer","blackbeard:GoldenStrike+1","blackbeard:PirateEarring+1","blackbeard:GoldenGuillotine+1","blackbeard:GoldenCannonball+1","blackbeard:Toast","blackbeard:Bandana","blackbeard:RearmingStrike+1","blackbeard:GoldenStrike","blackbeard:GoldenStrike+1","blackbeard:GoldenCannonball+1","blackbeard:PirateHook+1","blackbeard:Rum+1","blackbeard:GoldenDefense+1","blackbeard:GoldenRain","blackbeard:Eyepatch+1","Mayhem+1","Pot Of Greed","Pot Of Greed","Pot Of Greed","Pot Of Greed","blackbeard:WeaponProficiency","blackbeard:Scrap"],"relics":["m_SerpentRing","blackbeard:GoldenRing","Odd Mushroom","Thread and Needle","MawBank","Honey Jar","Bottled Tornado","hexamod:BolsterEngine","Kunai","CaptainsWheel","Coffee Dripper","downfall:HeartBlessingRed","downfall:HeartBlessingGreen","Potion Belt","Medical Kit","Guardian:PocketSentry","blackbeard:WhitePearl","Letter Opener","downfall:HeartBlessingBlue","ReplayFunnel","ReplayTheSpireMod:TigerMarble","Unceasing Top","War Paint","ClockworkSouvenir","Grinning Jar"],"acts_visited":["Exordium","TheCity","TheBeyond","TheEnding"],"potions_floor_usage":[11,16,21,25,38,49,49,55,55,56,56,56],"damage_taken":[{"damage":0,"enemies":"Cultist","floor":2,"turns":3},{"damage":2,"enemies":"2 Louse","floor":3,"turns":2},{"damage":0,"enemies":"Small Slimes","floor":4,"turns":1},{"damage":0,"enemies":"Blue Slaver","floor":6,"turns":3},{"damage":2,"enemies":"The Mushroom Lair","floor":10,"turns":3},{"damage":21,"enemies":"Gremlin Nob","floor":11,"turns":5},{"damage":0,"enemies":"Looter","floor":12,"turns":3},{"damage":7,"enemies":"Lagavulin","floor":14,"turns":8},{"damage":0,"enemies":"2 Fungi Beasts","floor":15,"turns":4},{"damage":0,"enemies":"Hexaghost","floor":16,"turns":8},{"damage":0,"enemies":"Chosen","floor":19,"turns":5},{"damage":0,"enemies":"Spheric Guardian","floor":20,"turns":4},{"damage":0,"enemies":"Snecko","floor":21,"turns":5},{"damage":3,"enemies":"Snake Plant","floor":23,"turns":4},{"damage":0,"enemies":"Gremlin Leader","floor":25,"turns":5},{"damage":0,"enemies":"Centurion and Healer","floor":26,"turns":4},{"damage":3,"enemies":"Slavers","floor":29,"turns":3},{"damage":0,"enemies":"downfall:FleeingMerchant","floor":30,"turns":4},{"damage":0,"enemies":"Chosen and Byrds","floor":32,"turns":3},{"damage":19,"enemies":"WA_ARCHETYPE_CALM","floor":33,"turns":7},{"damage":0,"enemies":"3 Shapes","floor":36,"turns":2},{"damage":0,"enemies":"downfall:FleeingMerchant","floor":38,"turns":3},{"damage":0,"enemies":"3 Darklings","floor":39,"turns":2},{"damage":0,"enemies":"Nemesis","floor":43,"turns":3},{"damage":0,"enemies":"Reptomancer","floor":46,"turns":2},{"damage":0,"enemies":"Jaw Worm Horde","floor":47,"turns":1},{"damage":0,"enemies":"Nemesis","floor":48,"turns":3},{"damage":3,"enemies":"Transient","floor":49,"turns":5},{"damage":0,"enemies":"IC_BLOCK_ARCHETYPE","floor":50,"turns":2},{"damage":0,"enemies":"downfall:CharBossMerchant","floor":52,"turns":3},{"damage":8,"enemies":"downfall:NeowBoss","floor":55,"turns":6},{"damage":3,"enemies":"downfall:NeowBossFinal","floor":56,"turns":4}],"seed_played":"-4234880903071048218","potions_obtained":[{"floor":4,"key":"DeathKnight:RimePotion"},{"floor":10,"key":"LiquidMemories"},{"floor":12,"key":"Swift Potion"},{"floor":15,"key":"ColorlessPotion"},{"floor":19,"key":"Energy Potion"},{"floor":20,"key":"Toxic Potion"},{"floor":23,"key":"Cursed Concoction"},{"floor":26,"key":"champ:CounterPotion"},{"floor":32,"key":"SmokeBomb"},{"floor":43,"key":"Regen Potion"},{"floor":46,"key":"Energy Potion"},{"floor":47,"key":"ColorlessPotion"},{"floor":48,"key":"Elixir"},{"floor":49,"key":"Swift Potion"}],"is_trial":false,"path_per_floor":["R","M","M","M","?","M","T","?","R","?","E","M","R","E","M","B",null,"R","M","M","M","?","M","T","E","M","R","?","E","$","?","M","B",null,"R","M","?","$","M","R","T","?","E","R","?","E","M","E","M","B",null,"E","$","R","B","B",null],"character_chosen":"BLACKBEARD_CLASS","items_purchased":["Potion Belt","Medical Kit","Guardian:PocketSentry","blackbeard:WhitePearl","blackbeard:Bandana","blackbeard:RearmingStrike+1","blackbeard:GoldenStrike","War Paint","ClockworkSouvenir","Mayhem","Grinning Jar","blackbeard:WeaponProficiency","blackbeard:Scrap"],"campfire_rested":0,"item_purchase_floors":[38,38,38,38,38,38,38,53,53,53,53,53,53],"current_hp_per_floor":[68,68,66,66,66,66,66,66,66,64,43,43,43,36,36,36,68,68,68,68,68,68,65,65,65,65,65,65,62,62,56,56,37,68,68,68,48,48,48,48,48,48,48,58,58,58,58,58,69,69,78,78,78,78,70,67],"gold":111,"neow_bonus":"TWO_FIFTY_GOLD","is_daily":false,"chose_seed":false,"campfire_upgraded":8,"win_rate":0.0,"timestamp":1613542983,"path_taken":["R","M","M","M","?","M","T","?","R","?","E","M","R","E","M","BOSS","R","M","M","M","?","M","T","E","M","R","?","E","$","?","M","BOSS","R","M","?","$","M","R","T","?","E","R","?","E","M","E","M","BOSS","E","$","R","BOSS","BOSS"],"items_purchased_type":["Relic","Relic","Relic","Relic","Card","Card","Card","Relic","Relic","Card","Relic","Card","Card"],"build_version":"2020-12-22","purchased_purges":1,"victory":true,"max_hp_per_floor":[68,68,68,68,68,68,68,68,68,68,68,68,68,68,68,68,68,68,68,68,68,68,68,68,68,68,68,68,68,68,68,68,68,68,68,68,68,68,68,68,68,68,68,78,78,78,78,78,78,78,78,78,78,78,78,78],"card_choices":[{"not_picked":["blackbeard:SwordDance","blackbeard:Boarding","blackbeard:PowderKeg"],"picked":"SKIP","floor":2},{"not_picked":["blackbeard:FieryDefense","blackbeard:Spear"],"picked":"blackbeard:Sword","floor":3},{"not_picked":["blackbeard:Sword","blackbeard:Upgrade"],"picked":"blackbeard:FishingNets","floor":4},{"not_picked":["blackbeard:BeatUp","blackbeard:Fencing","Cloak And Dagger"],"picked":"SKIP","floor":6},{"not_picked":["blackbeard:VengefulSpirit","blackbeard:PowderKeg","Choke"],"picked":"SKIP","floor":11},{"not_picked":["blackbeard:TacticalRetreat","blackbeard:Fencing"],"picked":"blackbeard:Anchor","floor":12},{"not_picked":["blackbeard:PiratesWill","blackbeard:PirateStrength"],"picked":"blackbeard:CaptainsHat","floor":14},{"not_picked":["blackbeard:GoldenDefense","blackbeard:ChaoticDefense"],"picked":"blackbeard:SmithingHammer","floor":15},{"not_picked":["blackbeard:Murder","blackbeard:MegaUpgrade"],"picked":"blackbeard:GoldenRain","floor":16},{"not_picked":["blackbeard:RearmingStrike","blackbeard:InfiniteBarrage+1","blackbeard:FieryDefense"],"picked":"blackbeard:Bandana","floor":19},{"not_picked":["blackbeard:Sword","blackbeard:CannonballSupply","blackbeard:RearmingStrike"],"picked":"blackbeard:TheDrunkenSailor","floor":20},{"not_picked":["blackbeard:CaptainsCabin+1","blackbeard:Sword","blackbeard:Toast"],"picked":"blackbeard:FishingNets","floor":21},{"not_picked":["blackbeard:Sword","blackbeard:DangerousBlow+1","blackbeard:VengefulSpirit+1"],"picked":"blackbeard:GoldenStrike+1","floor":23},{"not_picked":["blackbeard:Fencing","blackbeard:Dagger","blackbeard:PiratesWill"],"picked":"blackbeard:TerrorOfTheSeas+1","floor":25},{"not_picked":["blackbeard:TerrorOfTheSeas+1","blackbeard:DangerousBlow+1","blackbeard:BeatUp"],"picked":"blackbeard:GoldenDefense+1","floor":26},{"not_picked":["blackbeard:Revenge","blackbeard:DeadlyArsenal","blackbeard:UndeadForm"],"picked":"blackbeard:SmithingHammer","floor":29},{"not_picked":["blackbeard:CloakAndCannonball","blackbeard:Fencing","blackbeard:DangerousBlow"],"picked":"blackbeard:GoldenStrike+1","floor":30},{"not_picked":["blackbeard:Sharpening","blackbeard:RearmingStrike+1","blackbeard:Bandana"],"picked":"blackbeard:PirateEarring","floor":32},{"not_picked":["blackbeard:Salvager","blackbeard:GoldenRain","blackbeard:Halberd"],"picked":"blackbeard:GoldenGuillotine","floor":33},{"not_picked":["blackbeard:GoldenStrike+1","blackbeard:DeadlyArsenal+1","blackbeard:Spear"],"picked":"blackbeard:GoldenCannonball","floor":36},{"not_picked":["blackbeard:PirateEarring","blackbeard:VengefulSpirit","blackbeard:Shrapnel"],"picked":"blackbeard:Toast","floor":38},{"not_picked":["blackbeard:JollyRoger+1","blackbeard:AgileStrike+1","blackbeard:DoubleCannonball+1"],"picked":"blackbeard:GoldenStrike+1","floor":39},{"not_picked":["blackbeard:DangerousBlow+1","blackbeard:TheDrunkenSailor","blackbeard:Dagger"],"picked":"blackbeard:GoldenCannonball+1","floor":43},{"not_picked":["blackbeard:ChaoticDefense+1","blackbeard:WeaponProficiency","blackbeard:Shrapnel+1"],"picked":"blackbeard:PirateHook+1","floor":46},{"not_picked":["blackbeard:RearmingStrike","blackbeard:GoldenStrike+1","blackbeard:BlindAttacks+1"],"picked":"blackbeard:Rum+1","floor":47},{"not_picked":["blackbeard:Shrapnel+1","blackbeard:CannonballSupply+1","blackbeard:SwordDance"],"picked":"blackbeard:GoldenDefense+1","floor":48},{"not_picked":["blackbeard:Rum","blackbeard:FieryDefense","blackbeard:DangerousBlow"],"picked":"blackbeard:GoldenRain","floor":49},{"not_picked":["blackbeard:CannonballSupply","blackbeard:RemoveScurvy","blackbeard:Upgrade+1"],"picked":"blackbeard:Eyepatch+1","floor":52}],"player_experience":2247908,"relics_obtained":[{"floor":7,"key":"blackbeard:GoldenRing"},{"floor":10,"key":"Odd Mushroom"},{"floor":11,"key":"Thread and Needle"},{"floor":14,"key":"MawBank"},{"floor":24,"key":"Bottled Tornado"},{"floor":25,"key":"hexamod:BolsterEngine"},{"floor":29,"key":"Kunai"},{"floor":43,"key":"Letter Opener"},{"floor":46,"key":"ReplayFunnel"},{"floor":48,"key":"ReplayTheSpireMod:TigerMarble"},{"floor":52,"key":"Unceasing Top"}],"event_choices":[{"damage_healed":0,"gold_gain":0,"player_choice":"blackbeard:GoldenDefense","damage_taken":0,"max_hp_gain":0,"max_hp_loss":0,"event_name":"blackbeard:GoldsmithEvent","floor":8,"gold_loss":0,"cards_obtained":["blackbeard:GoldenDefense"]},{"damage_healed":0,"gold_gain":0,"player_choice":"Fought Mushrooms","damage_taken":0,"max_hp_gain":0,"max_hp_loss":0,"event_name":"Mushrooms","floor":10,"gold_loss":0},{"damage_healed":0,"gold_gain":0,"player_choice":"CaptainsWheel","damage_taken":0,"relics_obtained":["CaptainsWheel"],"max_hp_gain":0,"max_hp_loss":0,"event_name":"blackbeard:ShipwreckEvent","floor":31,"gold_loss":0},{"cards_removed":["blackbeard:BlackbeardDefend"],"damage_healed":0,"gold_gain":0,"player_choice":"Removed Skill","damage_taken":0,"max_hp_gain":0,"max_hp_loss":0,"event_name":"Falling","floor":42,"gold_loss":0}],"is_beta":false,"boss_relics":[{"not_picked":["SacredBark","Tiny House"],"picked":"Honey Jar"},{"not_picked":["Fusion Hammer","bronze:MakeshiftBattery"],"picked":"Coffee Dripper"}],"items_purged_floors":[38],"is_endless":false,"potions_floor_spawned":[4,10,12,15,19,20,23,26,32,43,46,47,48,49],"ascension_level":1}}