{"host":"r5cycnjhcbwgkpkf","time":1613595482,"event":{"mods":["2.2 Compatiblity","AchievementEnabler","BaseMod","Bestiary","Better Altar","Better Match","Better Note","Better Skull","Better Third Choice","BetterRewards","Colored Map","Colored Powertips","Infinite Spire","Minty Spire (QoL Compilation)","Reliquary","Replay The Spire","Spicy Shops","StSLib"],"gold_per_floor":[114,114,124,49,49,81,81,97,97,0,33,49,75,75,75,150,150,163,78,12,12,26,26,52,52,79,154,125,143,143,143,143,143,143],"floor_reached":33,"language":"ENG","playtime":1460,"items_purged":["Strike_R"],"score":608,"play_id":"2daee726-ea72-47aa-94b9-93d9ef08f44e","local_time":"20210217125802","is_ascension_mode":true,"campfire_choices":[{"data":"Infernal Blade","floor":7,"key":"SMITH"},{"data":"ReplayTheSpireMod:Limb From Limb","floor":15,"key":"SMITH"},{"floor":23,"key":"REST"},{"floor":25,"key":"REST"},{"floor":30,"key":"REST"},{"data":"Flex","floor":32,"key":"SMITH"}],"circlet_count":0,"master_deck":["AscendersBane","Strike_R","Strike_R","Defend_R","Defend_R","Defend_R","Defend_R","Bash","Infernal Blade+1","Flex+1","Wild Strike","Enlightenment","ReplayTheSpireMod:Limb From Limb+1","Fire Breathing","Immolate","Pummel+1","Wild Strike","Rage+1","Overencumbered","ReplayTheSpireMod:Faulty Equipment","Cleave","Twin Strike","Second Wind"],"relics":["Burning Blood","NeowsBlessing","ReplayTheSpireMod:Shallot","Pear","Self Forming Clay","King of Hearts","reliquary:Boomerang","Cursed Key","Du-Vu Doll","reliquary:PorcupineQuills","reliquary:RoseTintedGlasses","Juzu Bracelet"],"acts_visited":["Exordium","TheCity"],"potions_floor_usage":[13,33],"damage_taken":[{"damage":0,"enemies":"Cultist","floor":1,"turns":1},{"damage":0,"enemies":"Jaw Worm","floor":3,"turns":1},{"damage":0,"enemies":"Gremlin Nob","floor":6,"turns":1},{"damage":0,"enemies":"2 Louse","floor":8,"turns":3},{"damage":14,"enemies":"Replay:BlueRogue","floor":11,"turns":7},{"damage":1,"enemies":"2 Fungi Beasts","floor":12,"turns":3},{"damage":38,"enemies":"3 Sentries","floor":13,"turns":10},{"damage":54,"enemies":"Slime Boss","floor":16,"turns":8},{"damage":51,"enemies":"Spheric Guardian","floor":18,"turns":8},{"damage":18,"enemies":"Shell Parasite","floor":22,"turns":3},{"damage":37,"enemies":"Replay:Snechameleon","floor":24,"turns":5},{"damage":13,"enemies":"Snake Plant","floor":29,"turns":3},{"damage":65,"enemies":"Collector","floor":33,"turns":5}],"seed_played":"-6239307122281587353","potions_obtained":[{"floor":6,"key":"Energy Potion"},{"floor":8,"key":"PowerPotion"},{"floor":18,"key":"Fire Potion"}],"is_trial":false,"path_per_floor":["M","T","M","$","?","E","R","M","T","?","E","M","E","?","R","B",null,"M","?","$","?","M","R","E","R","T","?","$","M","R","?","R","B"],"character_chosen":"IRONCLAD","items_purchased":["Pummel+1","Twin Strike"],"campfire_rested":3,"item_purchase_floors":[20,28],"current_hp_per_floor":[74,74,75,75,68,84,84,85,85,91,83,88,56,56,56,8,70,25,25,25,25,13,40,9,36,36,36,36,29,56,56,56,0,0],"gold":143,"neow_bonus":"THREE_ENEMY_KILL","is_daily":false,"chose_seed":false,"campfire_upgraded":3,"win_rate":0.0,"timestamp":1613595482,"path_taken":["M","?","M","$","?","E","R","M","T","?","E","M","E","?","R","BOSS","M","?","?","?","?","R","E","R","T","?","?","M","R","?","R","BOSS"],"items_purchased_type":["Card","Card"],"build_version":"2020-12-22","purchased_purges":1,"victory":false,"max_hp_per_floor":[75,75,75,75,75,85,85,85,85,91,91,91,91,91,91,91,91,91,91,91,91,91,91,91,91,91,91,91,91,91,91,91,91,91],"card_choices":[{"not_picked":["Wild Strike","True Grit"],"picked":"Infernal Blade","floor":1},{"not_picked":["Inflame","Perfected Strike"],"picked":"Flex","floor":3},{"not_picked":["Defy Death","Flex","Corruption"],"picked":"SKIP","floor":6},{"not_picked":["Combust","Heavy Blade"],"picked":"Wild Strike","floor":8},{"not_picked":["Replay:Undeath\u0027s Touch","Massacre"],"picked":"ReplayTheSpireMod:Limb From Limb","floor":11},{"not_picked":["Intimidate","Armaments","Clothesline"],"picked":"SKIP","floor":12},{"not_picked":["Clash","Twin Strike"],"picked":"Fire Breathing","floor":13},{"not_picked":["Offering","Hemogenesis"],"picked":"Immolate","floor":16},{"not_picked":["Metallicize","Carnage","Abandon"],"picked":"SKIP","floor":18},{"not_picked":["Flex","Perfected Strike"],"picked":"Wild Strike","floor":22},{"not_picked":["Run Through","ReplayTheSpireMod:Stacked"],"picked":"Rage+1","floor":24},{"not_picked":["ReplayTheSpireMod:Strike From Hell+1","Anger"],"picked":"Cleave","floor":27},{"not_picked":["Sword Boomerang","infinitespire:OneForAll","Fire Breathing"],"picked":"SKIP","floor":29}],"player_experience":428491,"relics_obtained":[{"floor":2,"key":"ReplayTheSpireMod:Shallot"},{"floor":6,"key":"Pear"},{"floor":9,"key":"Self Forming Clay"},{"floor":11,"key":"King of Hearts"},{"floor":13,"key":"reliquary:Boomerang"},{"floor":24,"key":"Du-Vu Doll"},{"floor":24,"key":"reliquary:PorcupineQuills"},{"floor":26,"key":"reliquary:RoseTintedGlasses"},{"floor":27,"key":"Juzu Bracelet"}],"event_choices":[{"cards_removed":["Strike_R"],"damage_healed":0,"gold_gain":0,"player_choice":"Card Removal","damage_taken":7,"max_hp_gain":0,"max_hp_loss":0,"event_name":"Golden Wing","floor":5,"gold_loss":0},{"damage_healed":0,"gold_gain":0,"player_choice":"RENOUNCE","damage_taken":97,"max_hp_gain":0,"max_hp_loss":0,"event_name":"betterThird:BetterSerpent","floor":10,"gold_loss":97,"cards_obtained":["Enlightenment"]},{"damage_healed":0,"gold_gain":0,"player_choice":"Obtained Relic","damage_taken":0,"relics_obtained":["reliquary:FerryPass"],"max_hp_gain":0,"max_hp_loss":0,"event_name":"Addict","floor":19,"gold_loss":85},{"damage_healed":0,"gold_gain":0,"player_choice":"Got Potions","damage_taken":0,"max_hp_gain":0,"max_hp_loss":0,"event_name":"Lab","floor":21,"gold_loss":0},{"damage_healed":0,"gold_gain":0,"cards_transformed":["Strike_R"],"player_choice":"Transformed","damage_taken":0,"max_hp_gain":0,"max_hp_loss":0,"event_name":"Transmorgrifier","floor":31,"gold_loss":0,"cards_obtained":["Second Wind"]}],"is_beta":false,"boss_relics":[{"not_picked":["Honey Jar","SlaversCollar"],"picked":"Cursed Key"}],"items_purged_floors":[4],"is_endless":false,"potions_floor_spawned":[6,8,11,12,18,22,29],"killed_by":"Collector","ascension_level":20}}