{"host":"cjhtzh7tp54jdfyv","time":1613529889,"event":{"mods":["AchievementEnabler","BaseMod","Colored Map","Colored Powertips","Curses Come First","DeckTracker","Filter the Spire","Minty Spire (QoL Compilation)","RNG Fix","Relic Sorter","Relic Stats","StSLib","UnlockEverythingMod","ojb\u0027s Better Paths Mod","ojb\u0027s Info Mod"],"gold_per_floor":[113,133,149,149,162,187,198,231,257,128,159,159,178,212,212,289,289,302,314,331,349,364,398,398,427,427,454,468,111,127,141,141,215,215,227,83,96,96,116,116,151,76,76,109,122,133,165,180,180,180,180,180,180,8,40,40],"floor_reached":57,"language":"ENG","playtime":6767,"items_purged":["Defend_P","Defend_P","Defend_P+1","Strike_P+1","Strike_P+1"],"score":3355,"play_id":"a9360728-e7d0-4bbe-8273-368c52ee6519","local_time":"20210216214449","is_ascension_mode":true,"campfire_choices":[{"floor":12.0,"key":"REST"},{"data":"Eruption","floor":15,"key":"SMITH"},{"data":"Scrawl","floor":24,"key":"SMITH"},{"floor":32,"key":"RECALL"},{"data":"Meditate","floor":40,"key":"SMITH"}],"circlet_count":0,"master_deck":["AscendersBane","Strike_P+1","Strike_P+1","Eruption+1","Vigilance+1","FollowUp+1","CutThroughFate+1","CrushJoints+1","LessonLearned+1","Consecrate+1","Vault+1","DeceiveReality+1","CutThroughFate+1","FlurryOfBlows+1","CutThroughFate+1","DeusExMachina+1","SignatureMove+1","Scrawl+1","Adaptation+1","EmptyFist+1","JustLucky+1","Sanctity+1","EmptyMind+1","Consecrate+1","FlurryOfBlows+1","Scrawl+1","Meditate+1","CutThroughFate+1","TalkToTheHand+1","FearNoEvil+1","WaveOfTheHand+1","Vault+1","FlurryOfBlows+1","FlurryOfBlows+1","CrushJoints+1"],"relics":["Runic Dome","InkBottle","Nunchaku","Prayer Wheel","Bottled Flame","Orichalcum","Regal Pillow","Eternal Feather","Coffee Dripper","Frozen Egg 2","Omamori","PreservedInsect","Membership Card","Shuriken","VioletLotus","Blood Vial","Bottled Lightning","Whetstone","Ancient Tea Set","Sling","Pocketwatch"],"acts_visited":["Exordium","TheCity","TheBeyond","TheEnding"],"potions_floor_usage":[23,56],"damage_taken":[{"damage":4.0,"enemies":"Small Slimes","floor":1.0,"turns":3.0},{"damage":2.0,"enemies":"Cultist","floor":2.0,"turns":3.0},{"damage":2.0,"enemies":"Jaw Worm","floor":3.0,"turns":4.0},{"damage":0.0,"enemies":"Large Slime","floor":5.0,"turns":4.0},{"damage":12.0,"enemies":"Lagavulin","floor":6.0,"turns":7.0},{"damage":0.0,"enemies":"Exordium Thugs","floor":7.0,"turns":4.0},{"damage":16.0,"enemies":"Gremlin Nob","floor":8.0,"turns":3.0},{"damage":2.0,"enemies":"Lagavulin","floor":11.0,"turns":6.0},{"damage":0.0,"enemies":"Lots of Slimes","floor":13.0,"turns":7.0},{"damage":4,"enemies":"3 Sentries","floor":14,"turns":4},{"damage":11,"enemies":"The Guardian","floor":16,"turns":11},{"damage":0,"enemies":"Spheric Guardian","floor":18,"turns":2},{"damage":0,"enemies":"3 Byrds","floor":19,"turns":5},{"damage":0,"enemies":"Shelled Parasite and Fungi","floor":20,"turns":2},{"damage":0,"enemies":"Centurion and Healer","floor":21,"turns":3},{"damage":0,"enemies":"Snecko","floor":22,"turns":2},{"damage":11,"enemies":"Slavers","floor":23,"turns":3},{"damage":8,"enemies":"Book of Stabbing","floor":25,"turns":4},{"damage":0,"enemies":"Gremlin Leader","floor":27,"turns":5},{"damage":18,"enemies":"Shelled Parasite and Fungi","floor":28,"turns":2},{"damage":0,"enemies":"Centurion and Healer","floor":30,"turns":2},{"damage":8,"enemies":"Snake Plant","floor":31,"turns":4},{"damage":0,"enemies":"Automaton","floor":33,"turns":5},{"damage":0,"enemies":"3 Darklings","floor":35,"turns":2},{"damage":4,"enemies":"3 Shapes","floor":37,"turns":4},{"damage":0,"enemies":"Maw","floor":39,"turns":2},{"damage":0,"enemies":"Nemesis","floor":41,"turns":3},{"damage":0,"enemies":"Reptomancer","floor":44,"turns":3},{"damage":0,"enemies":"3 Darklings","floor":45,"turns":2},{"damage":0,"enemies":"Writhing Mass","floor":46,"turns":2},{"damage":0,"enemies":"Giant Head","floor":47,"turns":4},{"damage":0,"enemies":"Spire Growth","floor":48,"turns":4},{"damage":0,"enemies":"Donu and Deca","floor":50,"turns":3},{"damage":21,"enemies":"Time Eater","floor":51,"turns":5},{"damage":0,"enemies":"Shield and Spear","floor":55,"turns":3},{"damage":6,"enemies":"The Heart","floor":56,"turns":5}],"seed_played":"-4624652540733300901","potions_obtained":[{"floor":2.0,"key":"PowerPotion"},{"floor":6.0,"key":"Strength Potion"},{"floor":13.0,"key":"Fire Potion"},{"floor":23,"key":"DuplicationPotion"},{"floor":27,"key":"AttackPotion"},{"floor":33,"key":"Swift Potion"}],"is_trial":false,"path_per_floor":["M","M","M","?","M","E","M","E","T","$","E","R","M","E","R","B",null,"M","M","M","M","M","E","R","E","T","E","M","$","M","M","R","B",null,"M","$","M","?","M","R","E","$","T","E","M","M","E","M","R","B","B",null,"R","$","E","B",null],"character_chosen":"WATCHER","items_purchased":["Block Potion","Membership Card","Shuriken","Nunchaku","Sling"],"campfire_rested":1,"item_purchase_floors":[10,29,29,36,54],"current_hp_per_floor":[57,55,53,42,42,30,30,14,14,14,12,47,47,43,55,44,62,62,62,62,62,62,51,66,58,58,58,40,40,40,32,47,47,63,63,63,59,59,59,68,68,68,68,68,68,68,68,68,68,68,47,63,68,68,68,62],"gold":40,"neow_bonus":"BOSS_RELIC","is_daily":false,"chose_seed":false,"campfire_upgraded":3,"win_rate":0.0,"timestamp":1613529889,"path_taken":["M","M","M","?","M","E","M","E","T","$","E","R","M","E","R","BOSS","M","M","M","M","M","E","R","E","T","E","M","$","M","M","R","BOSS","M","$","M","?","M","R","E","$","T","E","M","M","E","M","R","BOSS","BOSS","R","$","E","BOSS"],"items_purchased_type":["Potion","Relic","Relic","Relic","Relic"],"build_version":"2020-12-22","purchased_purges":5,"victory":true,"max_hp_per_floor":[68,68,68,68,68,68,68,68,68,68,68,68,68,68,68,68,68,68,68,68,68,68,68,68,68,68,68,68,68,68,68,68,68,68,68,68,68,68,68,68,68,68,68,68,68,68,68,68,68,68,68,68,68,68,68,68],"relic_stats":{"Regal Pillow":15,"counters":[36,137],"Eternal Feather":56,"PreservedInsect":335,"Whetstone":[],"Orichalcum":[144],"Blood Vial":0,"Nunchaku":[25],"Shuriken":[89],"Prayer Wheel":17,"VioletLotus":[21],"obtain_stats":[{"Regal Pillow":11,"Eternal Feather":14,"PreservedInsect":27,"Omamori":25,"Whetstone":44,"Orichalcum":9,"Frozen Egg 2":23,"Ancient Tea Set":47,"Sling":54,"Blood Vial":41,"Runic Dome":0,"Bottled Flame":8,"Nunchaku":36,"Shuriken":29,"Prayer Wheel":4,"VioletLotus":34,"Coffee Dripper":17,"Membership Card":29,"Bottled Lightning":43,"PureWater":0,"InkBottle":6,"Pocketwatch":55},{"Regal Pillow":8,"Eternal Feather":10,"PreservedInsect":19,"Omamori":18,"Whetstone":28,"Orichalcum":7,"Frozen Egg 2":17,"Ancient Tea Set":31,"Sling":34,"Blood Vial":27,"Runic Dome":0,"Bottled Flame":7,"Nunchaku":24,"Shuriken":20,"Prayer Wheel":3,"VioletLotus":23,"Coffee Dripper":11,"Membership Card":20,"Bottled Lightning":27,"PureWater":0,"InkBottle":5,"Pocketwatch":35},{"Regal Pillow":34,"Eternal Feather":45,"PreservedInsect":82,"Omamori":77,"Whetstone":109,"Orichalcum":28,"Frozen Egg 2":73,"Ancient Tea Set":117,"Sling":129,"Blood Vial":106,"Runic Dome":0,"Bottled Flame":28,"Nunchaku":97,"Shuriken":84,"Prayer Wheel":10,"VioletLotus":95,"Coffee Dripper":56,"Membership Card":84,"Bottled Lightning":106,"PureWater":0,"InkBottle":21,"Pocketwatch":132}],"InkBottle":[79],"Pocketwatch":[3]},"card_choices":[{"not_picked":["WheelKick","SandsOfTime"],"picked":"FollowUp","floor":1.0},{"not_picked":["ThirdEye","EmptyFist"],"picked":"CutThroughFate","floor":2.0},{"not_picked":["Prostrate","CutThroughFate"],"picked":"CrushJoints","floor":3.0},{"not_picked":["FlyingSleeves","Prostrate"],"picked":"LessonLearned","floor":5.0},{"not_picked":["Conclude","JustLucky"],"picked":"Consecrate","floor":5.0},{"not_picked":["Perseverance","LikeWater"],"picked":"Vault","floor":6.0},{"not_picked":["Crescendo","ThirdEye"],"picked":"DeceiveReality","floor":7.0},{"not_picked":["Vengeance","Consecrate"],"picked":"CutThroughFate","floor":7.0},{"not_picked":["LikeWater","WheelKick"],"picked":"FlurryOfBlows","floor":8.0},{"not_picked":["WaveOfTheHand","JustLucky"],"picked":"CutThroughFate","floor":11.0},{"not_picked":["Protect","Worship"],"picked":"DeusExMachina","floor":13.0},{"not_picked":["CrushJoints","Nirvana","Crescendo"],"picked":"SKIP","floor":13.0},{"not_picked":["BowlingBash","Vengeance"],"picked":"SignatureMove","floor":14},{"not_picked":["Omniscience","Wish"],"picked":"Scrawl","floor":16},{"not_picked":["Wireheading","Vengeance"],"picked":"Adaptation+1","floor":18},{"not_picked":["FlyingSleeves","FollowUp","Halt"],"picked":"SKIP","floor":18},{"not_picked":["PathToVictory","SandsOfTime","JustLucky"],"picked":"SKIP","floor":19},{"not_picked":["BowlingBash","Protect","ReachHeaven"],"picked":"SKIP","floor":19},{"not_picked":["BowlingBash","Consecrate"],"picked":"EmptyFist","floor":20},{"not_picked":["WindmillStrike","FlyingSleeves","Alpha"],"picked":"SKIP","floor":20},{"not_picked":["SashWhip","FollowUp"],"picked":"JustLucky+1","floor":21},{"not_picked":["Evaluate","ThirdEye+1","Collect"],"picked":"SKIP","floor":21},{"not_picked":["ThirdEye","Wireheading+1"],"picked":"Sanctity","floor":22},{"not_picked":["Evaluate","ThirdEye","ForeignInfluence"],"picked":"SKIP","floor":22},{"not_picked":["BowlingBash","Crescendo"],"picked":"EmptyMind","floor":23},{"not_picked":["WheelKick+1","Fasting2+1","CarveReality"],"picked":"SKIP","floor":25},{"not_picked":["Prostrate","PathToVictory","WheelKick"],"picked":"SKIP","floor":27},{"not_picked":["CutThroughFate+1","Vengeance+1"],"picked":"Consecrate+1","floor":28},{"not_picked":["WreathOfFlame","FlyingSleeves","ClearTheMind"],"picked":"SKIP","floor":28},{"not_picked":["Evaluate","SignatureMove","BowlingBash+1"],"picked":"SKIP","floor":30},{"not_picked":["WheelKick","Wish","FollowUp"],"picked":"SKIP","floor":30},{"not_picked":["CutThroughFate","ReachHeaven"],"picked":"FlurryOfBlows+1","floor":31},{"not_picked":["Worship","Evaluate","Consecrate"],"picked":"SKIP","floor":31},{"not_picked":["DevaForm+1","LessonLearned"],"picked":"Scrawl","floor":33},{"not_picked":["Fasting2+1","PathToVictory","FlyingSleeves"],"picked":"SKIP","floor":35},{"not_picked":["CutThroughFate","EmptyFist","Study+1"],"picked":"SKIP","floor":35},{"not_picked":["FlyingSleeves","EmptyFist"],"picked":"Meditate","floor":37},{"not_picked":["JustLucky","Collect"],"picked":"CutThroughFate+1","floor":37},{"not_picked":["Prostrate","Pray"],"picked":"TalkToTheHand","floor":39},{"not_picked":["Collect","Prostrate","BowlingBash+1"],"picked":"SKIP","floor":39},{"not_picked":["EmptyMind","Blasphemy"],"picked":"FearNoEvil+1","floor":41},{"not_picked":["ClearTheMind","Evaluate"],"picked":"WaveOfTheHand","floor":44},{"not_picked":["ReachHeaven","FollowUp"],"picked":"Vault","floor":45},{"not_picked":["CutThroughFate","Prostrate","FollowUp"],"picked":"SKIP","floor":45},{"not_picked":["Perseverance","EmptyFist+1"],"picked":"FlurryOfBlows+1","floor":46},{"not_picked":["PathToVictory","Crescendo","Consecrate+1"],"picked":"SKIP","floor":46},{"not_picked":["CutThroughFate","FlyingSleeves","Alpha"],"picked":"SKIP","floor":47},{"not_picked":["Swivel+1","Evaluate"],"picked":"FlurryOfBlows+1","floor":48},{"not_picked":["JustLucky","Halt"],"picked":"CrushJoints+1","floor":48},{"not_picked":["CarveReality+1","Collect+1","Prostrate+1"],"picked":"SKIP","floor":55}],"player_experience":4946609,"relics_obtained":[{"floor":6.0,"key":"InkBottle"},{"floor":8.0,"key":"Bottled Flame"},{"floor":9.0,"key":"Orichalcum"},{"floor":11.0,"key":"Regal Pillow"},{"floor":14,"key":"Eternal Feather"},{"floor":23,"key":"Frozen Egg 2"},{"floor":25,"key":"Omamori"},{"floor":27,"key":"PreservedInsect"},{"floor":41,"key":"Blood Vial"},{"floor":43,"key":"Bottled Lightning"},{"floor":44,"key":"Whetstone"},{"floor":47,"key":"Ancient Tea Set"},{"floor":55,"key":"Pocketwatch"}],"event_choices":[{"damage_healed":0.0,"max_hp_gain":0.0,"max_hp_loss":0.0,"gold_gain":0.0,"event_name":"Scrap Ooze","player_choice":"Success","floor":4.0,"gold_loss":0.0,"damage_taken":11.0,"relics_obtained":["Prayer Wheel"]},{"cards_removed":["Defend_P"],"damage_healed":0,"gold_gain":0,"player_choice":"Removed Skill","damage_taken":0,"max_hp_gain":0,"max_hp_loss":0,"event_name":"Falling","floor":38,"gold_loss":0}],"is_beta":false,"boss_relics":[{"not_picked":["Fusion Hammer","Empty Cage"],"picked":"Coffee Dripper"},{"not_picked":["Astrolabe","Pandora\u0027s Box"],"picked":"VioletLotus"}],"items_purged_floors":[10,29,36,42,54],"is_endless":false,"potions_floor_spawned":[2,6,13,14,16,19,23,27,28,33,41,44,45,46,47],"ascension_level":20}}