{"host":"f5gffvlv6a66yqkd","time":1613594479,"event":{"mods":["2.2 Compatiblity","BaseMod","Colored Map","Custom Start","DeckTracker","Keyboard Shortcuts","Minty Spire (QoL Compilation)","Permanent Neow","Quick Restart","Relic Stats","StSLib","SuperFastMode"],"gold_per_floor":[114,129,146,165,16,16,36,36,59,59,74,74,91,91,91,194,194,207,227,227,227,152,192,192,206,206,227,227,239,262,262,262],"floor_reached":31,"language":"KOR","playtime":842,"items_purged":["Writhe"],"score":389,"play_id":"b4f1359c-30af-4487-8ce1-fc8cc57e47a2","local_time":"20210218054119","is_ascension_mode":true,"campfire_choices":[{"data":"Eruption","floor":6.0,"key":"SMITH"},{"data":"TalkToTheHand","floor":8.0,"key":"SMITH"},{"data":"Tantrum","floor":12.0,"key":"SMITH"},{"data":"Establishment","floor":15.0,"key":"SMITH"},{"floor":24,"key":"REST"},{"floor":28,"key":"REST"}],"circlet_count":0,"master_deck":["AscendersBane","Eruption+1","Vigilance","Establishment+1","Tantrum+1","Halt","FearNoEvil","TalkToTheHand+1","DeceiveReality","InnerPeace","Vault","Vault","Devotion","ReachHeaven","BowlingBash","Wallop","LessonLearned","Swivel","FlurryOfBlows+1","WreathOfFlame","Pray","EmptyFist","Vault"],"relics":["PureWater","Medical Kit","Akabeko","Pandora\u0027s Box","Dream Catcher","CeramicFish"],"acts_visited":["Exordium","TheCity"],"potions_floor_usage":[],"damage_taken":[{"damage":2.0,"enemies":"Jaw Worm","floor":1.0,"turns":6.0},{"damage":7.0,"enemies":"Cultist","floor":2.0,"turns":3.0},{"damage":0.0,"enemies":"Small Slimes","floor":3.0,"turns":3.0},{"damage":14.0,"enemies":"Exordium Wildlife","floor":4.0,"turns":4.0},{"damage":1.0,"enemies":"Large Slime","floor":7.0,"turns":4.0},{"damage":0.0,"enemies":"Gremlin Gang","floor":11.0,"turns":3.0},{"damage":0.0,"enemies":"Red Slaver","floor":13.0,"turns":1.0},{"damage":12.0,"enemies":"The Guardian","floor":16.0,"turns":10.0},{"damage":9.0,"enemies":"Chosen","floor":18.0,"turns":4.0},{"damage":0.0,"enemies":"Shell Parasite","floor":19.0,"turns":4.0},{"damage":23,"enemies":"Gremlin Leader","floor":23,"turns":5},{"damage":6,"enemies":"Chosen and Byrds","floor":25,"turns":5},{"damage":27,"enemies":"Shelled Parasite and Fungi","floor":27,"turns":3},{"damage":18,"enemies":"3 Cultists","floor":29,"turns":5},{"damage":0,"enemies":"Sentry and Sphere","floor":30,"turns":2},{"damage":16,"enemies":"Snake Plant","floor":31,"turns":1}],"seed_played":"4754521638669914221","potions_obtained":[{"floor":2.0,"key":"Dexterity Potion"},{"floor":4.0,"key":"BlessingOfTheForge"},{"floor":16.0,"key":"Explosive Potion"},{"floor":19.0,"key":"PowerPotion"},{"floor":25,"key":"DuplicationPotion"}],"is_trial":false,"path_per_floor":["M","M","M","M","$","R","M","R","T","?","M","R","M","?","R","B",null,"M","M","?","?","$","E","R","M","T","M","R","M","M","M"],"character_chosen":"WATCHER","items_purchased":["Medical Kit"],"campfire_rested":2,"item_purchase_floors":[5],"current_hp_per_floor":[63,56,56,42,42,42,41,41,41,34,34,34,34,20,20,8,56,47,47,47,47,47,24,45,39,39,12,33,15,15,0,0],"gold":262,"neow_bonus":"ONE_RANDOM_RARE_CARD","is_daily":false,"chose_seed":false,"campfire_upgraded":4,"win_rate":0.0,"timestamp":1613594479,"path_taken":["M","M","M","M","$","R","M","R","T","?","M","R","?","?","R","BOSS","M","M","?","?","$","E","R","?","T","?","R","M","M","M"],"items_purchased_type":["Relic"],"build_version":"2020-12-22","purchased_purges":1,"victory":false,"max_hp_per_floor":[72,72,72,72,72,72,72,72,72,72,72,72,72,72,72,72,72,72,72,72,72,72,72,72,72,72,72,72,72,72,72,72],"relic_stats":{"Dream Catcher":2,"counters":[16,63],"CeramicFish":27,"Pandora\u0027s Box":["Vault","Devotion","SashWhip","ReachHeaven","BowlingBash","Wallop","LessonLearned","Swivel"],"Medical Kit":[0],"obtain_stats":[{"Dream Catcher":20,"CeramicFish":23,"Pandora\u0027s Box":17,"PureWater":0,"Medical Kit":5,"Akabeko":9},{"Dream Catcher":10,"CeramicFish":11,"Pandora\u0027s Box":8,"PureWater":0,"Medical Kit":4,"Akabeko":5},{"Dream Catcher":42,"CeramicFish":47,"Pandora\u0027s Box":34,"PureWater":0,"Medical Kit":16,"Akabeko":20}]},"card_choices":[{"not_picked":["Consecrate","Fasting2"],"picked":"Tantrum","floor":1.0},{"not_picked":["CrushJoints","FlyingSleeves","Sanctity"],"picked":"SKIP","floor":2.0},{"not_picked":["Pray","FlyingSleeves"],"picked":"Halt","floor":3.0},{"not_picked":["CarveReality","Vengeance"],"picked":"FearNoEvil","floor":4.0},{"not_picked":["SashWhip","CutThroughFate"],"picked":"TalkToTheHand","floor":7.0},{"not_picked":["JustLucky","Halt"],"picked":"DeceiveReality","floor":11.0},{"not_picked":["Pray","Prostrate"],"picked":"InnerPeace","floor":13.0},{"not_picked":["DevaForm","LessonLearned"],"picked":"Vault","floor":16.0},{"not_picked":["Fasting2","ThirdEye+1","Protect"],"picked":"SKIP","floor":18.0},{"not_picked":["Fasting2","ThirdEye+1","Protect"],"picked":"SKIP","floor":18.0},{"not_picked":["Prostrate+1","JustLucky"],"picked":"FlurryOfBlows+1","floor":19.0},{"not_picked":["SignatureMove+1","CarveReality"],"picked":"Pray","floor":23},{"not_picked":["LikeWater","JustLucky","Evaluate"],"picked":"SKIP","floor":25},{"not_picked":["FearNoEvil","CutThroughFate+1"],"picked":"EmptyFist","floor":27},{"not_picked":["JustLucky","Halt","FlurryOfBlows"],"picked":"SKIP","floor":29},{"not_picked":["Consecrate","EmptyFist"],"picked":"Vault","floor":30}],"player_experience":1480005,"relics_obtained":[{"floor":9.0,"key":"Akabeko"},{"floor":23,"key":"CeramicFish"}],"event_choices":[{"damage_healed":0.0,"max_hp_gain":0.0,"max_hp_loss":0.0,"gold_gain":0.0,"event_name":"Wheel of Change","player_choice":"Damaged","floor":10.0,"gold_loss":0.0,"damage_taken":7.0},{"damage_healed":0.0,"max_hp_gain":0.0,"max_hp_loss":0.0,"gold_gain":0.0,"event_name":"Shining Light","player_choice":"Entered Light","floor":14.0,"gold_loss":0.0,"damage_taken":14.0,"cards_upgraded":["Defend_P","Defend_P"]},{"damage_healed":0.0,"max_hp_gain":0.0,"max_hp_loss":0.0,"gold_gain":0.0,"event_name":"The Mausoleum","player_choice":"Opened","floor":20.0,"gold_loss":0.0,"damage_taken":0.0,"relics_obtained":["Dream Catcher"],"cards_obtained":["Writhe"]},{"damage_healed":0.0,"max_hp_gain":0.0,"max_hp_loss":0.0,"gold_gain":0.0,"cards_transformed":["SashWhip"],"event_name":"Transmorgrifier","player_choice":"Transformed","floor":21.0,"gold_loss":0.0,"damage_taken":0.0,"cards_obtained":["WreathOfFlame"]}],"is_beta":false,"boss_relics":[{"not_picked":["Ectoplasm","Cursed Key"],"picked":"Pandora\u0027s Box"}],"items_purged_floors":[22],"is_endless":false,"potions_floor_spawned":[2,4,7,16,19,23,25],"killed_by":"Snake Plant","ascension_level":11}}