{"host":"0ueeacaatm8t6jyh","time":1613575217,"event":{"mods":["AchievementEnabler","BaseMod","Colored Powertips","Minty Spire (QoL Compilation)","Quick Restart","Rare Cards Sparkle","Shop Mod","StSLib"],"gold_per_floor":[109,259,2,16,30,30,30,55,55,66,66,66,66,79,79,153,153,173,203,203,79,94,121,121,135,206,219,219,253,253,263,263,340,340,355,374,399,399,274,274,294,306,306,334,334,344,358,403,403,403],"floor_reached":51,"language":"ZHS","playtime":2571,"items_purged":["Doubt","Pain","Defend_G"],"score":1349,"play_id":"6ccac511-a67b-469a-bcd6-1d58c436621d","local_time":"20210217232017","is_ascension_mode":true,"campfire_choices":[{"data":"Prepared","floor":6.0,"key":"SMITH"},{"floor":11.0,"key":"REST"},{"data":"Acrobatics","floor":13.0,"key":"SMITH"},{"data":"Die Die Die","floor":15.0,"key":"SMITH"},{"data":"Burst","floor":24.0,"key":"SMITH"},{"floor":28.0,"key":"REST"},{"data":"Acrobatics","floor":32.0,"key":"SMITH"},{"data":"Corpse Explosion","floor":40,"key":"SMITH"},{"data":"Night Terror","floor":45,"key":"SMITH"},{"floor":49,"key":"REST"}],"circlet_count":0,"master_deck":["AscendersBane","Strike_G","Strike_G","Defend_G","Defend_G","Defend_G","Survivor","Neutralize","Deadly Poison+1","Reflex+1","All Out Attack+1","Prepared+1","Backflip+1","PiercingWail+1","Acrobatics+1","Burst+1","Noxious Fumes+1","Acrobatics+1","Escape Plan+1","Crippling Poison+1","After Image","Corpse Explosion+1","Calculated Gamble+1","Night Terror+1","Bouncing Flask"],"relics":["Astrolabe","Bag of Preparation","Mercury Hourglass","Blue Candle","HornCleat","Calling Bell","Nunchaku","Darkstone Periapt","FossilizedHelix","Red Mask","WarpedTongs","War Paint","InkBottle","Anchor","Runic Pyramid","Turnip","Thread and Needle","Ornamental Fan","Du-Vu Doll"],"acts_visited":["Exordium","TheCity","TheBeyond"],"potions_floor_usage":[42,50,50],"damage_taken":[{"damage":7.0,"enemies":"Small Slimes","floor":1.0,"turns":2.0},{"damage":2.0,"enemies":"Jaw Worm","floor":4.0,"turns":3.0},{"damage":0.0,"enemies":"2 Louse","floor":5.0,"turns":1.0},{"damage":17.0,"enemies":"3 Sentries","floor":8.0,"turns":7.0},{"damage":12.0,"enemies":"Large Slime","floor":10.0,"turns":5.0},{"damage":0.0,"enemies":"Exordium Thugs","floor":14.0,"turns":4.0},{"damage":8.0,"enemies":"The Guardian","floor":16.0,"turns":8.0},{"damage":14.0,"enemies":"2 Thieves","floor":18.0,"turns":4.0},{"damage":0.0,"enemies":"Masked Bandits","floor":19.0,"turns":3.0},{"damage":0.0,"enemies":"Chosen","floor":22.0,"turns":4.0},{"damage":22.0,"enemies":"Slavers","floor":23.0,"turns":6.0},{"damage":8.0,"enemies":"Snake Plant","floor":25.0,"turns":5.0},{"damage":0.0,"enemies":"Chosen and Byrds","floor":27.0,"turns":5.0},{"damage":0.0,"enemies":"Book of Stabbing","floor":29.0,"turns":6.0},{"damage":0.0,"enemies":"3 Cultists","floor":31.0,"turns":3.0},{"damage":0.0,"enemies":"Automaton","floor":33.0,"turns":8.0},{"damage":0.0,"enemies":"3 Darklings","floor":35.0,"turns":3.0},{"damage":0.0,"enemies":"Orb Walker","floor":36.0,"turns":3.0},{"damage":0,"enemies":"Mind Bloom Boss Battle","floor":37,"turns":7},{"damage":0,"enemies":"Maw","floor":41,"turns":7},{"damage":0,"enemies":"3 Darklings","floor":42,"turns":3},{"damage":14,"enemies":"Reptomancer","floor":44,"turns":9},{"damage":0,"enemies":"4 Shapes","floor":46,"turns":4},{"damage":0,"enemies":"Transient","floor":47,"turns":5},{"damage":17,"enemies":"2 Orb Walkers","floor":48,"turns":4},{"damage":52,"enemies":"Time Eater","floor":50,"turns":12}],"seed_played":"7764471441334700517","potions_obtained":[{"floor":5.0,"key":"CultistPotion"},{"floor":10.0,"key":"Poison Potion"},{"floor":18.0,"key":"SkillPotion"},{"floor":35.0,"key":"SteroidPotion"},{"floor":41,"key":"Strength Potion"},{"floor":42,"key":"Dexterity Potion"},{"floor":44,"key":"CultistPotion"},{"floor":48,"key":"LiquidMemories"}],"is_trial":false,"path_per_floor":["M","?","$","M","M","R","?","E","T","M","R","T","R","M","R","B",null,"M","?","?","$","M","E","R","M","T","M","R","E","?","M","R","B",null,"M","M","?","?","$","R","M","M","T","E","R","M","M","?","R","B",null],"character_chosen":"THE_SILENT","items_purchased":["Bag of Preparation","Backflip","Acrobatics"],"campfire_rested":3,"item_purchase_floors":[3,3,21],"current_hp_per_floor":[52,52,52,50,50,50,43,26,26,14,33,33,33,33,33,25,56,42,42,48,48,48,26,26,18,18,18,39,39,72,72,72,72,72,72,72,72,82,82,82,82,82,82,68,68,68,68,51,75,23],"gold":403,"neow_bonus":"BOSS_RELIC","is_daily":false,"chose_seed":false,"campfire_upgraded":7,"win_rate":0.0,"timestamp":1613575217,"path_taken":["M","?","$","M","M","R","?","E","T","M","R","?","R","M","R","BOSS","M","?","?","$","M","E","R","M","T","?","R","E","?","M","R","BOSS","M","?","?","?","$","R","M","M","T","E","R","?","M","?","R","BOSS"],"items_purchased_type":["Relic","Card","Card"],"build_version":"2020-12-22","purchased_purges":3,"victory":true,"max_hp_per_floor":[66,66,66,66,66,66,66,66,66,66,66,66,66,66,66,66,66,66,66,72,72,72,72,72,72,72,72,72,72,72,72,72,72,72,72,72,72,82,82,82,82,82,82,82,82,82,82,82,82,82],"card_choices":[{"not_picked":["Outmaneuver","Quick Slash"],"picked":"Prepared","floor":1.0},{"not_picked":["Flying Knee","Dagger Spray"],"picked":"PiercingWail","floor":4.0},{"not_picked":["Endless Agony","Leg Sweep","Cloak And Dagger"],"picked":"SKIP","floor":5.0},{"not_picked":["Quick Slash","Dagger Spray"],"picked":"Acrobatics","floor":8.0},{"not_picked":["Cloak And Dagger","Heel Hook"],"picked":"Die Die Die","floor":10.0},{"not_picked":["Backflip","Slice","Blade Dance"],"picked":"SKIP","floor":14.0},{"not_picked":["A Thousand Cuts","Storm of Steel"],"picked":"Burst","floor":16.0},{"not_picked":["Blade Dance","PiercingWail"],"picked":"Noxious Fumes+1","floor":18.0},{"not_picked":["Quick Slash","Sucker Punch+1","Bullet Time"],"picked":"SKIP","floor":22.0},{"not_picked":["Dagger Spray","Dodge and Roll","Backflip"],"picked":"SKIP","floor":23.0},{"not_picked":["Leg Sweep","Deadly Poison","Dagger Throw"],"picked":"SKIP","floor":25.0},{"not_picked":["Prepared","Expertise"],"picked":"Escape Plan+1","floor":27.0},{"not_picked":["Flechettes","Backflip"],"picked":"Crippling Poison+1","floor":29.0},{"not_picked":["Flying Knee","Sucker Punch"],"picked":"After Image","floor":31.0},{"not_picked":["Malaise","Bullet Time"],"picked":"Corpse Explosion","floor":33.0},{"not_picked":["Deadly Poison","Distraction+1"],"picked":"Calculated Gamble+1","floor":35.0},{"not_picked":["Bane+1","Acrobatics","Skewer"],"picked":"SKIP","floor":36.0},{"not_picked":["Cloak And Dagger","Prepared"],"picked":"Night Terror","floor":41},{"not_picked":["Quick Slash","Underhanded Strike","Poisoned Stab+1"],"picked":"SKIP","floor":42},{"not_picked":["Blade Dance","Predator","Outmaneuver+1"],"picked":"SKIP","floor":44},{"not_picked":["Cloak And Dagger","Dagger Throw","Dagger Spray"],"picked":"SKIP","floor":46},{"not_picked":["Heel Hook+1","Deflect"],"picked":"Bouncing Flask","floor":47}],"player_experience":549824,"relics_obtained":[{"floor":8.0,"key":"Mercury Hourglass"},{"floor":9.0,"key":"Blue Candle"},{"floor":12.0,"key":"HornCleat"},{"floor":17.0,"key":"Nunchaku"},{"floor":17.0,"key":"Darkstone Periapt"},{"floor":17.0,"key":"FossilizedHelix"},{"floor":19.0,"key":"Red Mask"},{"floor":23.0,"key":"War Paint"},{"floor":26.0,"key":"InkBottle"},{"floor":29.0,"key":"Anchor"},{"floor":37,"key":"Turnip"},{"floor":43,"key":"Thread and Needle"},{"floor":44,"key":"Ornamental Fan"},{"floor":48,"key":"Du-Vu Doll"}],"event_choices":[{"damage_healed":0.0,"max_hp_gain":0.0,"max_hp_loss":0.0,"gold_gain":150.0,"event_name":"Liars Game","player_choice":"AGREE","floor":2.0,"gold_loss":0.0,"damage_taken":0.0,"cards_obtained":["Doubt"]},{"cards_removed":["Defend_G"],"damage_healed":0.0,"max_hp_gain":0.0,"max_hp_loss":0.0,"gold_gain":0.0,"event_name":"Golden Wing","player_choice":"Card Removal","floor":7.0,"gold_loss":0.0,"damage_taken":7.0},{"damage_healed":0.0,"max_hp_gain":0.0,"max_hp_loss":0.0,"gold_gain":0.0,"event_name":"Masked Bandits","player_choice":"Fought Bandits","floor":19.0,"gold_loss":0.0,"damage_taken":0.0},{"damage_healed":0.0,"max_hp_gain":0.0,"max_hp_loss":0.0,"gold_gain":0.0,"event_name":"Accursed Blacksmith","player_choice":"Rummage","floor":20.0,"gold_loss":0.0,"damage_taken":0.0,"relics_obtained":["WarpedTongs"],"cards_obtained":["Pain"]},{"damage_healed":33.0,"max_hp_gain":0.0,"max_hp_loss":0.0,"gold_gain":0.0,"event_name":"Wheel of Change","player_choice":"Full Heal","floor":30.0,"gold_loss":0.0,"damage_taken":0.0},{"damage_healed":0,"gold_gain":0,"player_choice":"Fight","damage_taken":0,"max_hp_gain":0,"max_hp_loss":0,"event_name":"MindBloom","floor":37,"gold_loss":0},{"cards_removed":["Die Die Die"],"damage_healed":0,"gold_gain":0,"player_choice":"Offered Rare","damage_taken":0,"max_hp_gain":10,"max_hp_loss":0,"event_name":"Bonfire Elementals","floor":38,"gold_loss":0},{"damage_healed":0,"gold_gain":0,"player_choice":"Fight","damage_taken":0,"max_hp_gain":0,"max_hp_loss":0,"event_name":"Mysterious Sphere","floor":48,"gold_loss":0}],"is_beta":false,"boss_relics":[{"not_picked":["Coffee Dripper","Cursed Key"],"picked":"Calling Bell"},{"not_picked":["SlaversCollar","Velvet Choker"],"picked":"Runic Pyramid"}],"items_purged_floors":[3,21,39],"is_endless":false,"potions_floor_spawned":[5,10,18,25,27,35,41,42,44,48],"ascension_level":15}}