{"host":"2qv44oxt58ptq59r","time":1613591649,"event":{"mods":["AchievementEnabler","BaseMod","Colored Powertips","Highlight Path","Minty Spire (QoL Compilation)","Permanent Neow","StSLib"],"gold_per_floor":[119,38,50,63,63,75,100,100,178,217,217,12,46,59,59,187,187,205,23,36,60,84,84,105,120,120,120,139,139,139],"floor_reached":29,"language":"ENG","playtime":3222,"items_purged":[],"score":361,"play_id":"2578a16d-5638-4ffd-8a04-1551e79a43af","local_time":"20210217195409","is_ascension_mode":true,"campfire_choices":[{"floor":11,"key":"REST"},{"data":"Immolate","floor":15,"key":"SMITH"},{"data":"Apotheosis","floor":23,"key":"SMITH"},{"floor":27,"key":"REST"}],"circlet_count":0,"master_deck":["Strike_R","Strike_R","Strike_R","Strike_R","Strike_R","Defend_R+1","Defend_R+1","Defend_R","Defend_R","Bash+1","Intimidate","Shockwave","Headbutt","Immolate+1","Heavy Blade","Headbutt","Uppercut","Cleave+1","Apotheosis+1","Whirlwind","Searing Blow+1","Ghostly Armor","Headbutt+1"],"relics":["Black Blood","WingedGreaves","Golden Idol","Gremlin Horn","War Paint","Akabeko","Juzu Bracelet","Molten Egg 2"],"acts_visited":["Exordium","TheCity"],"potions_floor_usage":[6,7,13,13,21,21,22],"damage_taken":[{"damage":1,"enemies":"Cultist","floor":1,"turns":3},{"damage":1,"enemies":"Small Slimes","floor":3,"turns":4},{"damage":4,"enemies":"Jaw Worm","floor":4,"turns":6},{"damage":6,"enemies":"2 Fungi Beasts","floor":6,"turns":4},{"damage":9,"enemies":"3 Sentries","floor":7,"turns":4},{"damage":24,"enemies":"Gremlin Nob","floor":10,"turns":4},{"damage":4,"enemies":"3 Sentries","floor":13,"turns":2},{"damage":8,"enemies":"Large Slime","floor":14,"turns":4},{"damage":23,"enemies":"Slime Boss","floor":16,"turns":7},{"damage":25,"enemies":"Shell Parasite","floor":18,"turns":8},{"damage":3,"enemies":"Spheric Guardian","floor":20,"turns":3},{"damage":18,"enemies":"Snecko","floor":21,"turns":3},{"damage":8,"enemies":"Cultist and Chosen","floor":22,"turns":4},{"damage":38,"enemies":"Shelled Parasite and Fungi","floor":24,"turns":5},{"damage":33,"enemies":"Snake Plant","floor":25,"turns":5},{"damage":7,"enemies":"Snecko","floor":28,"turns":4},{"damage":19,"enemies":"Colosseum Slavers","floor":29,"turns":3},{"damage":55,"enemies":"Colosseum Nobs","floor":29,"turns":4}],"seed_played":"7252574226117585318","potions_obtained":[{"floor":4,"key":"DistilledChaos"},{"floor":6,"key":"ColorlessPotion"},{"floor":10,"key":"Swift Potion"},{"floor":14,"key":"Ancient Potion"},{"floor":16,"key":"Ancient Potion"},{"floor":18,"key":"DistilledChaos"},{"floor":20,"key":"Regen Potion"}],"is_trial":false,"path_per_floor":["M","$","M","M","?","M","E","?","T","E","R","$","E","M","R","B",null,"M","$","M","M","M","R","M","M","T","R","M","?"],"character_chosen":"IRONCLAD","items_purchased":["Intimidate","Akabeko","BlessingOfTheForge","Apotheosis"],"campfire_rested":2,"item_purchase_floors":[2,12,12,19],"current_hp_per_floor":[77,77,80,80,80,80,77,57,57,39,63,63,65,63,63,46,72,59,59,68,62,78,78,52,31,31,55,60,0,0],"gold":139,"neow_bonus":"UPGRADE_CARD","is_daily":false,"chose_seed":false,"campfire_upgraded":2,"win_rate":0.0,"timestamp":1613591649,"path_taken":["M","$","?","M","?","M","E","?","T","E","R","$","E","M","R","BOSS","M","$","M","M","M","R","M","M","T","R","M","?"],"items_purchased_type":["Card","Relic","Potion","Card"],"build_version":"2020-12-22","purchased_purges":0,"victory":false,"max_hp_per_floor":[80,80,80,80,80,80,80,80,80,80,80,80,80,80,80,80,80,80,80,80,80,80,80,80,80,80,80,80,80,80],"card_choices":[{"not_picked":["Havoc","Reckless Charge","Dual Wield"],"picked":"SKIP","floor":1},{"not_picked":["Rampage","Flex"],"picked":"Shockwave","floor":3},{"not_picked":["Armaments","Combust"],"picked":"Headbutt","floor":4},{"not_picked":["Sentinel","True Grit"],"picked":"Immolate","floor":6},{"not_picked":["Flex","Warcry"],"picked":"Heavy Blade","floor":7},{"not_picked":["Searing Blow","Pommel Strike"],"picked":"Headbutt","floor":10},{"not_picked":["Dual Wield","Shockwave","True Grit"],"picked":"SKIP","floor":13},{"not_picked":["Sentinel","Iron Wave"],"picked":"Uppercut","floor":14},{"not_picked":["Clothesline","True Grit"],"picked":"Cleave+1","floor":18},{"not_picked":["Headbutt","Twin Strike"],"picked":"Whirlwind","floor":20},{"not_picked":["Second Wind","Warcry+1"],"picked":"Searing Blow+1","floor":21},{"not_picked":["True Grit","Flex","Havoc"],"picked":"SKIP","floor":22},{"not_picked":["Havoc","True Grit"],"picked":"Ghostly Armor","floor":24},{"not_picked":["Infernal Blade","Immolate","Wild Strike"],"picked":"SKIP","floor":25},{"not_picked":["Flex","Anger+1"],"picked":"Headbutt+1","floor":28}],"player_experience":5751633,"relics_obtained":[{"floor":7,"key":"WingedGreaves"},{"floor":9,"key":"Gremlin Horn"},{"floor":10,"key":"War Paint"},{"floor":13,"key":"Juzu Bracelet"},{"floor":26,"key":"Molten Egg 2"}],"event_choices":[{"damage_healed":0,"gold_gain":0,"player_choice":"Ignored","damage_taken":0,"max_hp_gain":0,"max_hp_loss":0,"event_name":"Liars Game","floor":5,"gold_loss":0},{"damage_healed":0,"gold_gain":0,"player_choice":"Take Damage","damage_taken":20,"relics_obtained":["Golden Idol"],"max_hp_gain":0,"max_hp_loss":0,"event_name":"Golden Idol","floor":8,"gold_loss":0},{"damage_healed":0,"gold_gain":0,"player_choice":"Fight","damage_taken":0,"max_hp_gain":0,"max_hp_loss":0,"event_name":"Colosseum","floor":29,"gold_loss":0},{"damage_healed":0,"gold_gain":0,"player_choice":"Fought Nobs","damage_taken":0,"max_hp_gain":0,"max_hp_loss":0,"event_name":"Colosseum","floor":29,"gold_loss":0}],"is_beta":false,"boss_relics":[{"not_picked":["Tiny House","Runic Cube"],"picked":"Black Blood"}],"items_purged_floors":[],"is_endless":false,"potions_floor_spawned":[4,6,10,14,16,18,20,29],"killed_by":"Colosseum Nobs","ascension_level":9}}