{"host":"ciz475qwqkblmwrq","time":1613548921,"event":{"mods":["2.2 Compatiblity","AchievementEnabler","Act Like it!","Bard","BaseMod","Beaked The Cultist","Colored Map","Colored Powertips","Downfall","Ekko","Friendly Minions","Hallownest","Hermit","Highlight Path","Hubris","JesterMod","Mimic Mod","Minty Spire (QoL Compilation)","Rare Cards Sparkle","Replay The Spire","Shade Mod","StSLib","The Bug Knight","The Construct","The Cursed","The Disciple","The Hierophant","The Necromancer","The Runesmith","TheVacant","everything is the same but u backflip on backflip","slay the spire mod where everything is the same but ironclad has a cowboy hat"],"gold_per_floor":[116,310,322,362,376,376,376,396,419,419,519,48,48,80,80,181,181,201,212,223,37,56,56,56,56,82,102,102,112,140,154,246,342,442,459,459,459,478,478,478,478,478,478,504,533,558,583,11,11,11,11],"floor_reached":50,"language":"ENG","playtime":2742,"items_purged":["Sickly"],"score":629,"play_id":"a56934a9-1aaf-48bb-9e96-0be31b221fbc","local_time":"20210217000201","is_ascension_mode":true,"campfire_choices":[{"floor":7.0,"key":"REST"},{"floor":10.0,"key":"RECALL"},{"data":"Infinite Blades","floor":13.0,"key":"SMITH"},{"data":"Replay:Bag of Tricks","floor":15.0,"key":"SMITH"},{"data":"After Image","floor":23.0,"key":"SMITH"},{"data":"Accuracy","floor":25.0,"key":"SMITH"},{"floor":28.0,"key":"REST"},{"data":"After Image","floor":40,"key":"SMITH"},{"data":"Terror","floor":42,"key":"SMITH"},{"floor":49,"key":"REST"}],"circlet_count":0,"master_deck":["Strike_G","Strike_G","Strike_G","Strike_G","Strike_G","Defend_G","Defend_G","Defend_G","Defend_G","Defend_G","Survivor","Neutralize","hubris:Counter+1","Terror+1","Cloak And Dagger","Deadly Poison","Replay:Bag of Tricks+1","Blade Dance","Infinite Blades+1","Accuracy+1","After Image+1","Calculated Gamble","Dodge and Roll","Dagger Throw","Panache","Caltrops","Backflip+1","Flying Knee","Prepared","hubris:TrickCloak+1","PiercingWail+1","After Image+1","Escape Plan+1","Quick Slash+1","ReplayTheSpireMod:Shiv Toss","Master of Strategy","Master of Strategy","Prepared"],"relics":["Ring of the Snake","NeowsBlessing","Strawberry","Mirror","Pen Nib","Nunchaku","construct:WeddingRing","ReplayTheSpireMod:CursedCoin","Dream Catcher","Vajra","Replay:Wanted Poster","hubris:Icosahedron","Blue Candle","Blue Doll","MawBank","Calipers","Art of War"],"acts_visited":["Exordium","TheCity","TheBeyond"],"potions_floor_usage":[],"damage_taken":[{"damage":0.0,"enemies":"2 Louse","floor":1.0,"turns":1.0},{"damage":0.0,"enemies":"Small Slimes","floor":3.0,"turns":1.0},{"damage":0.0,"enemies":"Jaw Worm","floor":4.0,"turns":2.0},{"damage":1.0,"enemies":"Jaw Worm","floor":5.0,"turns":3.0},{"damage":1.0,"enemies":"2 Fungi Beasts","floor":8.0,"turns":2.0},{"damage":13.0,"enemies":"Gremlin Nob","floor":14.0,"turns":3.0},{"damage":8.0,"enemies":"Slime Boss","floor":16.0,"turns":7.0},{"damage":4.0,"enemies":"3 Byrds","floor":18.0,"turns":4.0},{"damage":7.0,"enemies":"Chosen","floor":19.0,"turns":4.0},{"damage":0.0,"enemies":"Snecko","floor":20.0,"turns":3.0},{"damage":9.0,"enemies":"Snake Plant","floor":22.0,"turns":4.0},{"damage":7.0,"enemies":"3 Cultists","floor":27.0,"turns":5.0},{"damage":1.0,"enemies":"Centurion and Healer","floor":29.0,"turns":5.0},{"damage":7.0,"enemies":"Slavers","floor":30.0,"turns":4.0},{"damage":5.0,"enemies":"Snake Plant","floor":31.0,"turns":3.0},{"damage":31.0,"enemies":"hubris:MusketHawk","floor":33.0,"turns":7.0},{"damage":3,"enemies":"3 Darklings","floor":35,"turns":3},{"damage":0,"enemies":"Orb Walker","floor":38,"turns":3},{"damage":24,"enemies":"Jaw Worm Horde","floor":45,"turns":4},{"damage":11,"enemies":"4 Shapes","floor":46,"turns":4},{"damage":10,"enemies":"Spire Growth","floor":47,"turns":3},{"damage":7,"enemies":"hubris:GrandSnecko","floor":50,"turns":3}],"seed_played":"-3910885869822702623","potions_obtained":[{"floor":1.0,"key":"Flashbang"},{"floor":3.0,"key":"LiquidMemories"},{"floor":8.0,"key":"sneckomod:MuddlingPotion"},{"floor":14.0,"key":"champ:CounterPotion"},{"floor":19.0,"key":"PowerPotion"},{"floor":22.0,"key":"Doom Potion"},{"floor":31.0,"key":"Strength Potion"},{"floor":35,"key":"GhostInAJar"}],"is_trial":false,"path_per_floor":["M","?","M","MIM","M","?","R","M","T","R","?","$","R","E","R","B",null,"M","M","M","$","M","R","?","R","T","M","R","M","E","M","R_BF","B",null,"M","?","?","M","?","R","?","R","T","T","M","M","M","$","R","B"],"character_chosen":"THE_SILENT","items_purchased":["Mirror","Pen Nib","Infinite Blades","ReplayTheSpireMod:CursedCoin","Panache","Caltrops","Master of Strategy","Calipers","Art of War"],"campfire_rested":3,"item_purchase_floors":[12,12,12,21,21,21,48,48,48],"current_hp_per_floor":[70,53,53,53,52,52,70,69,76,76,76,76,76,63,63,55,77,73,66,66,66,57,57,51,51,51,44,67,66,59,54,54,23,77,74,74,77,77,77,77,72,72,72,72,48,37,27,27,50,43,43],"gold":11,"neow_bonus":"THREE_ENEMY_KILL","is_daily":false,"chose_seed":false,"campfire_upgraded":6,"win_rate":0.0,"timestamp":1613548921,"path_taken":["M","?","M","?","M","?","R","M","T","R","?","$","R","E","R","BOSS","M","?","M","$","?","R","?","R","T","?","R","M","E","M","R_BF","BOSS","M","?","?","?","?","R","?","R","T","?","?","M","M","?","R","BOSS"],"items_purchased_type":["Relic","Relic","Card","Relic","Card","Card","Card","Relic","Relic"],"build_version":"2020-12-22","purchased_purges":1,"victory":false,"max_hp_per_floor":[70,70,70,70,70,70,70,70,77,77,77,77,77,77,77,77,77,77,77,77,77,77,77,77,77,77,77,77,77,77,77,77,77,77,77,77,77,77,77,77,77,77,77,77,77,77,77,77,77,77,77],"card_choices":[{"not_picked":["Deflect","Dodge and Roll"],"picked":"hubris:Counter","floor":1.0},{"not_picked":["Hidden Blade","hubris:TrickCloak"],"picked":"Terror","floor":2.0},{"not_picked":["ReplayTheSpireMod:The Works","Deflect"],"picked":"Cloak And Dagger","floor":3.0},{"not_picked":["Acrobatics","Blur"],"picked":"Deadly Poison","floor":4.0},{"not_picked":["Deflect","hubris:TrickCloak"],"picked":"Replay:Bag of Tricks","floor":5.0},{"not_picked":["Underhanded Strike","Hidden Blade"],"picked":"Blade Dance","floor":8.0},{"not_picked":["Deadly Poison","Masterful Stab"],"picked":"Accuracy","floor":14.0},{"not_picked":["Poison Darts","Doppelganger"],"picked":"After Image","floor":16.0},{"not_picked":["hubris:Counter","Masterful Stab"],"picked":"Calculated Gamble","floor":18.0},{"not_picked":["Acrobatics","ReplayTheSpireMod:Tripwire"],"picked":"Dodge and Roll","floor":19.0},{"not_picked":["Concentrate","Hidden Blade"],"picked":"Dagger Throw","floor":20.0},{"not_picked":["Hidden Blade+1","Dodge and Roll"],"picked":"Escape Plan","floor":22.0},{"not_picked":["Leg Sweep","Deadly Poison"],"picked":"Backflip+1","floor":27.0},{"not_picked":["Terror","Leg Sweep"],"picked":"Flying Knee","floor":28.0},{"not_picked":["Cloak And Dagger","Doppelganger"],"picked":"Prepared","floor":29.0},{"not_picked":["Deflect","Poisoned Stab"],"picked":"hubris:TrickCloak+1","floor":30.0},{"not_picked":["Dodge and Roll","Caltrops"],"picked":"PiercingWail+1","floor":31.0},{"not_picked":["Night Terror","Storm of Steel"],"picked":"After Image","floor":33.0},{"not_picked":["Underhanded Strike+1","Flying Knee"],"picked":"Escape Plan+1","floor":35},{"not_picked":["Riddle With Holes","Sneak Up+1"],"picked":"Quick Slash+1","floor":38},{"not_picked":["Dodge and Roll+1","Bane+1","Quick Slash"],"picked":"SKIP","floor":45},{"not_picked":["ReplayTheSpireMod:From All Sides","Dagger Spray","Riddle With Holes+1"],"picked":"SKIP","floor":46},{"not_picked":["ReplayTheSpireMod:Tripwire","Flying Knee+1"],"picked":"ReplayTheSpireMod:Shiv Toss","floor":47},{"not_picked":["Deadly Poison+1","Hidden Blade+1"],"picked":"Prepared","floor":49}],"player_experience":706874,"relics_obtained":[{"floor":9.0,"key":"Strawberry"},{"floor":14.0,"key":"Nunchaku"},{"floor":26.0,"key":"Dream Catcher"},{"floor":30.0,"key":"Vajra"},{"floor":43,"key":"Blue Doll"},{"floor":44,"key":"MawBank"}],"event_choices":[{"damage_healed":0.0,"max_hp_gain":0.0,"max_hp_loss":0.0,"gold_gain":100.0,"event_name":"Golden Shrine","player_choice":"Pray","floor":11.0,"gold_loss":0.0,"damage_taken":0.0},{"damage_healed":0.0,"max_hp_gain":0.0,"max_hp_loss":0.0,"gold_gain":0.0,"event_name":"Knowing Skull","player_choice":"","floor":24.0,"potions_obtained":[],"gold_loss":0.0,"damage_taken":6.0,"cards_obtained":[]},{"cards_removed":["Escape Plan"],"damage_healed":3,"gold_gain":0,"player_choice":"Offered Uncommon","damage_taken":0,"max_hp_gain":0,"max_hp_loss":0,"event_name":"Bonfire Elementals","floor":37,"gold_loss":0}],"is_beta":false,"boss_relics":[{"not_picked":["Philosopher\u0027s Stone","Sozu"],"picked":"construct:WeddingRing"},{"not_picked":["Runesmith:UraniumAnvil","construct:ClawGrip"],"picked":"Replay:Wanted Poster"}],"items_purged_floors":[21],"is_endless":false,"potions_floor_spawned":[1,3,8,14,19,20,22,31,35],"killed_by":"hubris:GrandSnecko","ascension_level":4}}