{"host":"pj05r22d3fegil3v","time":1613596835,"event":{"mods":["BaseMod","Better Altar","Better Match","Better Note","Better Sensory Stone","Better Skull","Better Third Choice","BetterRewards","Card Filter","Colored Powertips","Curses Come First","Custom Start","DeckTracker","Displayed Cursed Tome","Evolution","Minty Spire (QoL Compilation)","Quick Restart","Rare Cards Sparkle","Relic Filter Mod","Smile Girya","StSLib","Weighted Paths","everything is the same but u backflip on backflip","slay the spire mod where everything is the same but ironclad has a cowboy hat"],"gold_per_floor":[119,164,179,190,41,41,92,138,193,207,207,219,219,219,219,323,323,337,337,337],"floor_reached":19,"language":"ENG","playtime":844,"items_purged":[],"score":357,"play_id":"eb136a27-e95e-49a1-99d4-f0f470248691","local_time":"20210217162035","daily_mods":["Vintage","Heirloom","Flight","Binary"],"is_ascension_mode":true,"campfire_choices":[{"data":"Worship","floor":6.0,"key":"SMITH"},{"data":"Establishment","floor":11.0,"key":"SMITH"},{"data":"Wish","floor":13.0,"key":"SMITH"},{"data":"Study","floor":15.0,"key":"SMITH"}],"circlet_count":0,"master_deck":["Pray","Pray","Brilliance+1","Brilliance","Prostrate","Prostrate","Wish+1","MentalFortress","Nirvana","BattleHymn","Wireheading","MasterReality+1","Study+1","Worship+1","Worship","Worship","Establishment+1","Fasting2","DevaForm","Devotion","Pray","Pray","Pray","Prostrate","Prostrate","Prostrate","Brilliance","Brilliance+1","Brilliance"],"relics":["Unceasing Top","Busted Crown","EVO:Axolotl","Torii","Ornamental Fan","Art of War","Toy Ornithopter","HornCleat","Sling","Toxic Egg 2","Odd Mushroom","Dream Catcher","TeardropLocket","Whetstone","Velvet Choker","Orichalcum"],"acts_visited":["Exordium","TheCity"],"potions_floor_usage":[],"damage_taken":[{"damage":1.0,"enemies":"2 Louse","floor":1.0,"turns":2.0},{"damage":19.0,"enemies":"Small Slimes","floor":2.0,"turns":4.0},{"damage":0.0,"enemies":"Cultist","floor":3.0,"turns":1.0},{"damage":17.0,"enemies":"Exordium Wildlife","floor":4.0,"turns":4.0},{"damage":0.0,"enemies":"Lagavulin","floor":7.0,"turns":4.0},{"damage":18.0,"enemies":"The Mushroom Lair","floor":8.0,"turns":4.0},{"damage":1.0,"enemies":"Looter","floor":10.0,"turns":2.0},{"damage":0.0,"enemies":"2 Fungi Beasts","floor":12.0,"turns":1.0},{"damage":0.0,"enemies":"Slime Boss","floor":16.0,"turns":3.0},{"damage":20.0,"enemies":"2 Thieves","floor":18.0,"turns":4.0},{"damage":0,"enemies":"3 Byrds","floor":19,"turns":1}],"seed_played":"9031495137294906165","potions_obtained":[{"floor":1.0,"key":"Weak Potion"},{"floor":2.0,"key":"GamblersBrew"},{"floor":8.0,"key":"LiquidBronze"},{"floor":16.0,"key":"Energy Potion"},{"floor":18.0,"key":"Swift Potion"}],"is_trial":true,"path_per_floor":["M","M","M","M","$","R","E","?","T","M","R","M","R","?","R","B",null,"M","M"],"character_chosen":"WATCHER","items_purchased":["Sling"],"campfire_rested":0,"item_purchase_floors":[5],"current_hp_per_floor":[76,57,57,40,40,40,40,22,22,21,21,21,21,21,21,26,77,57,57,57],"gold":337,"neow_bonus":"","is_daily":false,"chose_seed":false,"campfire_upgraded":4,"win_rate":0.0,"timestamp":1613596835,"path_taken":["M","M","M","M","$","R","E","?","T","M","R","M","R","?","R","BOSS","M","M"],"items_purchased_type":["Relic"],"build_version":"2020-12-22","purchased_purges":0,"victory":false,"max_hp_per_floor":[77,77,77,77,77,77,77,77,77,77,77,77,77,77,77,77,77,77,77,77],"card_choices":[],"player_experience":157449,"relics_obtained":[{"floor":1.0,"key":"Ornamental Fan"},{"floor":2.0,"key":"Art of War"},{"floor":3.0,"key":"Toy Ornithopter"},{"floor":4.0,"key":"HornCleat"},{"floor":7.0,"key":"Toxic Egg 2"},{"floor":8.0,"key":"Odd Mushroom"},{"floor":9.0,"key":"Dream Catcher"},{"floor":10.0,"key":"TeardropLocket"},{"floor":12.0,"key":"Whetstone"},{"floor":18.0,"key":"Orichalcum"}],"event_choices":[{"damage_healed":0.0,"max_hp_gain":0.0,"max_hp_loss":0.0,"gold_gain":0.0,"event_name":"Mushrooms","player_choice":"Fought Mushrooms","floor":8.0,"gold_loss":0.0,"damage_taken":0.0},{"damage_healed":0.0,"max_hp_gain":0.0,"max_hp_loss":0.0,"gold_gain":0.0,"event_name":"Accursed Blacksmith","player_choice":"Forge","floor":14.0,"gold_loss":0.0,"damage_taken":0.0,"cards_upgraded":["MasterReality"]}],"is_beta":false,"boss_relics":[{"not_picked":["Snecko Eye","Pandora\u0027s Box"],"picked":"Velvet Choker"}],"items_purged_floors":[],"is_endless":false,"potions_floor_spawned":[1,2,8,16,18],"killed_by":"3 Byrds","ascension_level":1}}