{"host":"Ringo","time":1613570784,"event":{"mods":["BaseMod","Colored Map","Conspire","Dota2Spire","Hubris","Minty Spire (QoL Compilation)","Replay The Spire","StSLib","The Construct","[IsaacMod]ÒÔÈö¼âËþ","¡¾ÒÅÎï¿¨ÅÆ¡¿REMEMod"],"gold_per_floor":[111,126,26,26,104,131,159,194,194,223,223,253,279,299,299,377,377,393,411,411,45,78,111,140,173,173,208,234,248,279,305,305,383,383,399,418,495,199,218,251,185,219,274,300,332,343,370,370,370,370,370],"floor_reached":52,"language":"ZHS","playtime":1434,"items_purged":["Offering"],"score":3975,"play_id":"c64d5788-d79c-494d-b62a-6e77df205072","local_time":"20210217220624","daily_mods":["SealedDeck","Vintage","Red Cards","Green Cards","Colorless Cards","Heirloom","Time Dilation","Flight","DeadlyEvents","Elite Swarm","Lethality","Binary"],"is_ascension_mode":true,"campfire_choices":[{"floor":11,"key":"REST"},{"data":"ReplayTheSpireMod:Private Reserves","floor":15,"key":"SMITH"},{"data":"Hidden Blade","floor":32,"key":"SMITH"},{"data":"Sucker Punch","floor":49,"key":"SMITH"}],"circlet_count":0,"master_deck":["AscendersBane","Sucker Punch+1","Deflect","Madness","Cleave","Thunderclap","Backflip","Quick Slash","Shrug It Off","ReplayTheSpireMod:Private Reserves+1","ReplayTheSpireMod:The Works","Ghostly","Seeing Red","Entrench","Die Die Die","Dagger Spray","Hidden Blade+1","Prepared","ReplayTheSpireMod:Scrap Shanks","Feel No Pain+1","ReplayTheSpireMod:Trickstab"],"relics":["Ring of the Snake","Busted Crown","HushsDoor","REME_ComplimentaryCards","replay:Trail_Library","Ice Cream","Chaos","Paper Crane","Runic Pyramid","Bag of Preparation","Du-Vu Doll","hubris:ScarierMask","conspire:IceCreamScoop","Happy Flower","hubris:GlazedTorus","conspire:DecoderRing","King of Hearts","WristBlade","Dota2Spire:DivineRapier","MyShadow","Runic Dome","Dota2Spire:AssaultCuirass","Bronze Scales","PunchingBag","Replay:Baseball","CaptainsWheel","Omamori","Dota2Spire:ArmletOfMordiggian","Iron Hammer","Dota2Spire:EtherealBlade","Mirror","Incubus","Dota2Spire:UrnOfShadows","ReplayTheSpireMod:Ninjato","Dota2Spire:PowerTreads","SatanicBible","Dota2Spire:Vanguard","Bottled Lightning","conspire:GlowingRock","Replay:Antivirus Software","conspire:SpecialSausage","EdensBlessing","Ring of Fangs"],"acts_visited":["Exordium","TheCity","TheBeyond"],"potions_floor_usage":[16,51,51],"damage_taken":[{"damage":0,"enemies":"Jaw Worm","floor":1,"turns":1},{"damage":6,"enemies":"2 Louse","floor":2,"turns":1},{"damage":6,"enemies":"3 Sentries","floor":6,"turns":1},{"damage":0,"enemies":"Replay:BlueRogue","floor":7,"turns":1},{"damage":0,"enemies":"3 Sentries","floor":8,"turns":2},{"damage":0,"enemies":"Lagavulin","floor":10,"turns":2},{"damage":0,"enemies":"3 Sentries","floor":12,"turns":2},{"damage":6,"enemies":"Gremlin Nob","floor":13,"turns":1},{"damage":0,"enemies":"Cultist","floor":14,"turns":1},{"damage":6,"enemies":"Hexaghost","floor":16,"turns":2},{"damage":0,"enemies":"Shell Parasite","floor":18,"turns":1},{"damage":0,"enemies":"Spheric Guardian","floor":19,"turns":2},{"damage":0,"enemies":"Book of Stabbing","floor":22,"turns":1},{"damage":0,"enemies":"Slavers","floor":23,"turns":1},{"damage":0,"enemies":"Book of Stabbing","floor":24,"turns":2},{"damage":1,"enemies":"conspire:SneckoGhost","floor":25,"turns":3},{"damage":0,"enemies":"Gremlin Leader","floor":27,"turns":1},{"damage":0,"enemies":"Book of Stabbing","floor":28,"turns":1},{"damage":0,"enemies":"3 Cultists","floor":29,"turns":1},{"damage":0,"enemies":"Slavers","floor":30,"turns":1},{"damage":0,"enemies":"Gremlin Leader","floor":31,"turns":1},{"damage":0,"enemies":"Automaton","floor":33,"turns":2},{"damage":0,"enemies":"Orb Walker","floor":35,"turns":1},{"damage":0,"enemies":"3 Shapes","floor":36,"turns":1},{"damage":0,"enemies":"Maw","floor":39,"turns":1},{"damage":0,"enemies":"Reptomancer","floor":40,"turns":1},{"damage":0,"enemies":"R_Hoarder","floor":42,"turns":1},{"damage":0,"enemies":"Nemesis","floor":44,"turns":1},{"damage":0,"enemies":"R_Hoarder","floor":45,"turns":2},{"damage":0,"enemies":"Spire Growth","floor":46,"turns":1},{"damage":0,"enemies":"Reptomancer","floor":47,"turns":1},{"damage":0,"enemies":"Awakened One","floor":50,"turns":2},{"damage":0,"enemies":"Time Eater","floor":51,"turns":2}],"seed_played":"-5853602496302178265","potions_obtained":[{"floor":1,"key":"SmokeBomb"},{"floor":12,"key":"LiquidMemories"},{"floor":13,"key":"Elixir"},{"floor":16,"key":"Energy Potion"},{"floor":18,"key":"Dexterity Potion"},{"floor":46,"key":"Dexterity Potion"}],"is_trial":true,"path_per_floor":["M","M","?","?","?","E","E","E","T","E","R","E","E","M","R","B",null,"M","M","?","$","E","E","E","E","T","E","E","M","E","E","R","B",null,"M","M","?","$","M","E","$","E","T","E","E","M","E","?","R","B","B",null],"character_chosen":"THE_SILENT","items_purchased":["Entrench","Die Die Die","Dota2Spire:AssaultCuirass","Dagger Spray","Prepared","ReplayTheSpireMod:Scrap Shanks","Dota2Spire:PowerTreads","Feel No Pain+1"],"campfire_rested":1,"item_purchase_floors":[17,17,21,21,38,38,38,41],"current_hp_per_floor":[59,53,53,35,20,14,14,14,14,14,33,33,27,27,27,21,46,46,46,54,54,54,54,54,53,53,53,53,53,53,53,53,53,54,54,54,39,39,39,39,39,39,39,39,39,39,39,39,39,39,39],"gold":370,"neow_bonus":"","is_daily":false,"chose_seed":false,"campfire_upgraded":3,"win_rate":0.0,"timestamp":1613570784,"path_taken":["M","M","?","?","?","E","E","E","T","E","R","E","E","?","R","BOSS","M","M","?","$","?","E","E","E","T","E","E","M","?","E","R","BOSS","M","M","?","$","M","E","$","E","T","E","E","?","E","?","R","BOSS","BOSS"],"items_purchased_type":["Card","Card","Relic","Card","Card","Card","Relic","Card"],"build_version":"2020-12-18","purchased_purges":1,"victory":true,"max_hp_per_floor":[66,66,66,66,66,66,66,66,66,66,66,66,66,66,66,66,54,54,54,54,54,54,54,54,54,54,54,54,54,54,54,54,54,54,54,54,54,54,54,54,54,54,54,54,54,54,54,54,54,54,54],"card_choices":[],"player_experience":712425,"relics_obtained":[{"floor":1,"key":"Paper Crane"},{"floor":2,"key":"Runic Pyramid"},{"floor":6,"key":"Du-Vu Doll"},{"floor":7,"key":"hubris:ScarierMask"},{"floor":8,"key":"conspire:IceCreamScoop"},{"floor":9,"key":"Happy Flower"},{"floor":10,"key":"hubris:GlazedTorus"},{"floor":12,"key":"conspire:DecoderRing"},{"floor":13,"key":"King of Hearts"},{"floor":14,"key":"WristBlade"},{"floor":18,"key":"MyShadow"},{"floor":19,"key":"Runic Dome"},{"floor":22,"key":"Bronze Scales"},{"floor":23,"key":"PunchingBag"},{"floor":24,"key":"Replay:Baseball"},{"floor":25,"key":"CaptainsWheel"},{"floor":26,"key":"Omamori"},{"floor":27,"key":"Dota2Spire:ArmletOfMordiggian"},{"floor":28,"key":"Iron Hammer"},{"floor":29,"key":"Dota2Spire:EtherealBlade"},{"floor":30,"key":"Mirror"},{"floor":31,"key":"Incubus"},{"floor":35,"key":"ReplayTheSpireMod:Ninjato"},{"floor":39,"key":"SatanicBible"},{"floor":40,"key":"Dota2Spire:Vanguard"},{"floor":42,"key":"Bottled Lightning"},{"floor":43,"key":"conspire:GlowingRock"},{"floor":44,"key":"Replay:Antivirus Software"},{"floor":45,"key":"conspire:SpecialSausage"},{"floor":46,"key":"EdensBlessing"},{"floor":48,"key":"Ring of Fangs"}],"event_choices":[{"damage_healed":0,"gold_gain":0,"player_choice":"Argue","damage_taken":0,"max_hp_gain":0,"max_hp_loss":0,"event_name":"conspire:LoneGhost","floor":3,"gold_loss":0},{"damage_healed":0,"gold_gain":0,"player_choice":"Success","damage_taken":18,"relics_obtained":["Bag of Preparation"],"max_hp_gain":0,"max_hp_loss":0,"event_name":"Scrap Ooze","floor":4,"gold_loss":0},{"damage_healed":8,"gold_gain":0,"player_choice":"Full Heal","damage_taken":0,"max_hp_gain":0,"max_hp_loss":0,"event_name":"Wheel of Change","floor":20,"gold_loss":0}],"is_beta":true,"boss_relics":[{"not_picked":["Ancient Tea Set","SacredBark"],"picked":"Dota2Spire:DivineRapier"},{"not_picked":[]},{"not_picked":["NineVolt","Astrolabe"],"picked":"Dota2Spire:UrnOfShadows"},{"not_picked":[]}],"items_purged_floors":[17],"is_endless":false,"potions_floor_spawned":[1,12,13,16,18,19,28,30,31,36,42,46,47],"ascension_level":20}}