{"host":"rolltorest","time":1613521662,"event":{"mods":["BaseMod","Minty Spire (QoL Compilation)","Relic Stats","Slay the Relics Exporter","StSLib"],"gold_per_floor":[115,115,135,154,79,79,104,104,104,179,197,197,197],"floor_reached":12,"language":"ENG","playtime":348,"items_purged":[],"score":156,"play_id":"f9c1f616-b379-4c33-b62f-7ae158ee741b","local_time":"20210216162742","is_ascension_mode":true,"campfire_choices":[{"data":"Perfected Strike","floor":6,"key":"SMITH"},{"data":"Dark Embrace","floor":8,"key":"SMITH"}],"circlet_count":0,"master_deck":["AscendersBane","Strike_R","Strike_R","Strike_R","Strike_R","Defend_R","Defend_R","Defend_R","Defend_R","Bash","Iron Wave","Dark Embrace+1","Perfected Strike+1","Clash","Pommel Strike"],"relics":["Burning Blood","NeowsBlessing","Meat on the Bone","Ornamental Fan","Dream Catcher"],"acts_visited":["Exordium"],"potions_floor_usage":[12],"damage_taken":[{"damage":0,"enemies":"Cultist","floor":1,"turns":1},{"damage":0,"enemies":"Small Slimes","floor":3,"turns":1},{"damage":0,"enemies":"2 Louse","floor":4,"turns":1},{"damage":52,"enemies":"Lagavulin","floor":7,"turns":6},{"damage":12,"enemies":"Exordium Wildlife","floor":11,"turns":4},{"damage":50,"enemies":"Gremlin Nob","floor":12,"turns":4}],"seed_played":"6577001739298464346","potions_obtained":[{"floor":3,"key":"GamblersBrew"},{"floor":4,"key":"Regen Potion"}],"is_trial":false,"path_per_floor":["M","T","M","M","?","R","E","R","T","?","M","E"],"character_chosen":"IRONCLAD","items_purchased":[],"campfire_rested":0,"item_purchase_floors":[],"current_hp_per_floor":[74,74,75,75,75,75,41,41,41,30,36,0,0],"gold":197,"neow_bonus":"THREE_ENEMY_KILL","is_daily":false,"chose_seed":false,"campfire_upgraded":2,"win_rate":0.0,"timestamp":1613521662,"path_taken":["M","?","M","M","?","R","E","R","T","?","?","E"],"items_purchased_type":[],"build_version":"2020-12-18","purchased_purges":0,"victory":false,"max_hp_per_floor":[75,75,75,75,75,75,75,75,75,75,75,75,75],"relic_stats":{"Dream Catcher":0,"counters":[6,17],"Ornamental Fan":[0],"obtain_stats":[{"Dream Catcher":9,"NeowsBlessing":0,"Ornamental Fan":7,"Burning Blood":0,"Meat on the Bone":2},{"Dream Catcher":4,"NeowsBlessing":0,"Ornamental Fan":4,"Burning Blood":0,"Meat on the Bone":1},{"Dream Catcher":9,"NeowsBlessing":0,"Ornamental Fan":9,"Burning Blood":0,"Meat on the Bone":1}],"Burning Blood":19,"Meat on the Bone":24},"card_choices":[{"not_picked":["Wild Strike","Cleave"],"picked":"Iron Wave","floor":1},{"not_picked":["Heavy Blade","Cleave"],"picked":"Dark Embrace","floor":3},{"not_picked":["Havoc","Burning Pact"],"picked":"Perfected Strike","floor":4},{"not_picked":["Bloodletting","Flex"],"picked":"Clash","floor":7},{"not_picked":["Wild Strike","Armaments"],"picked":"Pommel Strike","floor":11}],"player_experience":1995885,"relics_obtained":[{"floor":2,"key":"Meat on the Bone"},{"floor":7,"key":"Ornamental Fan"},{"floor":9,"key":"Dream Catcher"}],"event_choices":[{"cards_removed":["Strike_R"],"damage_healed":0,"gold_gain":0,"player_choice":"Card Removal","damage_taken":0,"max_hp_gain":0,"max_hp_loss":0,"event_name":"The Cleric","floor":5,"gold_loss":75},{"damage_healed":0,"gold_gain":75,"player_choice":"Gather Gold","damage_taken":11,"max_hp_gain":0,"max_hp_loss":0,"event_name":"World of Goop","floor":10,"gold_loss":0}],"is_beta":true,"boss_relics":[],"items_purged_floors":[],"is_endless":false,"potions_floor_spawned":[3,4],"killed_by":"Gremlin Nob","ascension_level":20}}