{"host":"w5thk1acqacem6ba","time":1613549416,"event":{"mods":["AchievementEnabler","BaseMod","Colored Map","KOR Keyword Fix","Minty Spire (QoL Compilation)","SuperFastMode"],"gold_per_floor":[113,113,123,142,157,187,187,203,203,203,104,117,80,80,80,180,180,194,212,223,223,223],"floor_reached":21,"language":"KOR","playtime":707,"items_purged":["Strike_P"],"score":260,"play_id":"b9589340-698c-41b1-9034-0eb3bbc841d3","local_time":"20210217171016","is_ascension_mode":true,"campfire_choices":[{"data":"Alpha","floor":7,"key":"SMITH"},{"floor":10,"key":"REST"},{"floor":15,"key":"REST"}],"circlet_count":0,"master_deck":["Strike_P","Strike_P","Strike_P","Defend_P","Defend_P","Defend_P","Defend_P","Eruption+1","Vigilance","Tantrum","FollowUp","DeceiveReality","Alpha+1","EmptyBody","ThirdEye","Protect","JustLucky"],"relics":["Black Star","Dead Branch","Damaru","White Beast Statue","StrikeDummy","SacredBark"],"acts_visited":["Exordium","TheCity"],"potions_floor_usage":[6,6,18,19,19,21],"damage_taken":[{"damage":2.0,"enemies":"Jaw Worm","floor":1.0,"turns":3.0},{"damage":0.0,"enemies":"Cultist","floor":3.0,"turns":2.0},{"damage":12.0,"enemies":"Small Slimes","floor":4.0,"turns":2.0},{"damage":8,"enemies":"Exordium Wildlife","floor":5,"turns":3},{"damage":0,"enemies":"Lagavulin","floor":6,"turns":2},{"damage":42,"enemies":"Gremlin Gang","floor":8,"turns":4},{"damage":22,"enemies":"Lots of Slimes","floor":12,"turns":4},{"damage":13,"enemies":"Hexaghost","floor":16,"turns":8},{"damage":1,"enemies":"3 Byrds","floor":18,"turns":2},{"damage":22,"enemies":"2 Thieves","floor":19,"turns":4},{"damage":39,"enemies":"Shelled Parasite and Fungi","floor":20,"turns":4},{"damage":7,"enemies":"Centurion and Healer","floor":21,"turns":1}],"seed_played":"-6490529246848228257","potions_obtained":[{"floor":1.0,"key":"SneckoOil"},{"floor":5,"key":"AttackPotion"},{"floor":12,"key":"LiquidBronze"},{"floor":16,"key":"Strength Potion"},{"floor":18,"key":"SkillPotion"},{"floor":19,"key":"Fruit Juice"},{"floor":20,"key":"Swift Potion"}],"is_trial":false,"path_per_floor":["M","?","M","M","M","E","R","M","T","R","$","M","?","T","R","B",null,"M","M","M","M"],"character_chosen":"WATCHER","items_purchased":["ThirdEye"],"campfire_rested":2,"item_purchase_floors":[11],"current_hp_per_floor":[70,70,70,58,50,50,50,8,8,29,29,7,7,7,28,15,58,57,45,6,0,0],"gold":223,"neow_bonus":"BOSS_RELIC","is_daily":false,"chose_seed":false,"campfire_upgraded":1,"win_rate":0.0,"timestamp":1613549416,"path_taken":["M","?","M","?","M","E","R","M","T","R","$","M","?","?","R","BOSS","M","?","M","M"],"items_purchased_type":["Card"],"build_version":"2020-12-22","purchased_purges":1,"victory":false,"max_hp_per_floor":[72,72,72,72,72,72,72,72,72,72,72,72,72,72,72,72,72,72,82,82,82,82],"card_choices":[{"not_picked":["FollowUp","LikeWater"],"picked":"Tantrum","floor":1.0},{"not_picked":["Consecrate","BowlingBash"],"picked":"FollowUp","floor":3.0},{"not_picked":["CarveReality","BowlingBash"],"picked":"DeceiveReality","floor":4.0},{"not_picked":["CrushJoints","EmptyFist","CutThroughFate"],"picked":"SKIP","floor":5},{"not_picked":["BowlingBash","ClearTheMind"],"picked":"Alpha","floor":6},{"not_picked":["WreathOfFlame","BowlingBash"],"picked":"EmptyBody","floor":8},{"not_picked":["WindmillStrike","Fasting2"],"picked":"Protect","floor":12},{"not_picked":["ClearTheMind","FollowUp","BowlingBash"],"picked":"SKIP","floor":18},{"not_picked":["Crescendo","Pray+1"],"picked":"JustLucky","floor":19},{"not_picked":["ClearTheMind","WreathOfFlame+1","Crescendo+1"],"picked":"SKIP","floor":20}],"player_experience":411732,"relics_obtained":[{"floor":6,"key":"Dead Branch"},{"floor":6,"key":"Damaru"},{"floor":9,"key":"White Beast Statue"},{"floor":14,"key":"StrikeDummy"}],"event_choices":[{"damage_healed":0.0,"max_hp_gain":0.0,"max_hp_loss":0.0,"gold_gain":0.0,"event_name":"Accursed Blacksmith","player_choice":"Forge","floor":2.0,"gold_loss":0.0,"damage_taken":0.0,"cards_upgraded":["Eruption"]},{"damage_healed":0,"gold_gain":0,"player_choice":"Left Gold","damage_taken":0,"max_hp_gain":0,"max_hp_loss":0,"event_name":"World of Goop","floor":13,"gold_loss":37}],"is_beta":false,"boss_relics":[{"not_picked":["Tiny House","Busted Crown"],"picked":"SacredBark"}],"items_purged_floors":[11],"is_endless":false,"potions_floor_spawned":[1,5,12,16,18,19,20],"killed_by":"Centurion and Healer","ascension_level":5}}