{"host":"kfzb6d1vwx0oeud7","time":1613590967,"event":{"mods":["BaseMod","Colored Map","Colored Powertips","Infinite Spire","Marisa????????","Minty Spire (QoL Compilation)","Remilia??????","StSLib","The Cursed","The Disciple","The Servant 0.9.4"],"gold_per_floor":[111,125,135,135,67,67,92,92,92,92,92,92,117,142,142,266,266,279,297,297,297,0,0,25,25,48,61,61,38,71,96,96,96,96],"floor_reached":33,"language":"ENG","playtime":2757,"items_purged":[],"score":261,"play_id":"9c76b485-bc9b-4d77-95f4-652f762225bf","local_time":"20210217144247","is_ascension_mode":false,"campfire_choices":[{"floor":6,"key":"REST"},{"floor":10,"key":"REST"},{"floor":15,"key":"REST"},{"floor":23,"key":"REST"},{"floor":25,"key":"REST"},{"data":"TheWorld","floor":28,"key":"SMITH"},{"data":"Mayhem","floor":32,"key":"SMITH"}],"circlet_count":0,"master_deck":["Strike_S+1","Strike_S+1","Strike_S+1","Strike_S+1","Defend_S+1","Defend_S+1","Defend_S+1","Defend_S+1","KidneyShot","Exchange","Mayhem+1","Shuttle","Misdirection","SpecialFormula","TheWorld+1","Unruled","Injury","Sabotage","PendulumOfEternity","Desolation+1","ShatteredReality","Starlight+1","FastForward","BottledTime","Luminosity+1"],"relics":["Uniform","Calipers","Golden Idol","Incense Burner","infinitespire:Lucky Rock","Toy Ornithopter","Philosopher\u0027s Stone","Enchiridion","Happy Flower","infinitespire:ShieldingShard","Nunchaku"],"acts_visited":["Exordium","TheCity"],"potions_floor_usage":[7,16,19,27,27,30,33],"damage_taken":[{"damage":5,"enemies":"infinitespire:Voidling","floor":1,"turns":5},{"damage":5,"enemies":"Small Slimes","floor":2,"turns":4},{"damage":0,"enemies":"2 Louse","floor":3,"turns":3},{"damage":50,"enemies":"Gremlin Nob","floor":7,"turns":6},{"damage":9,"enemies":"Looter","floor":14,"turns":4},{"damage":24,"enemies":"The Guardian","floor":16,"turns":12},{"damage":10,"enemies":"Chosen","floor":18,"turns":5},{"damage":36,"enemies":"3 Byrds","floor":19,"turns":7},{"damage":1,"enemies":"Snecko","floor":24,"turns":4},{"damage":11,"enemies":"3 Cultists","floor":27,"turns":5},{"damage":8,"enemies":"Slavers","floor":30,"turns":4},{"damage":67,"enemies":"Collector","floor":33,"turns":8}],"seed_played":"-1893737418931859006","potions_obtained":[{"floor":1,"key":"SpeedPotion"},{"floor":3,"key":"Weak Potion"},{"floor":7,"key":"Block Potion"},{"floor":14,"key":"DistilledChaos"},{"floor":18,"key":"Energy Potion"},{"floor":24,"key":"Block Potion"},{"floor":27,"key":"LiquidBronze"}],"is_trial":false,"path_per_floor":["M","M","M","?","$","R","E","?","T","R","?","?","T","M","R","B",null,"M","M","?","?","?","R","M","R","T","M","R","$","E","T","R","B"],"character_chosen":"THE_SERVANT","items_purchased":["TheWorld","BottledTime"],"campfire_rested":5,"item_purchase_floors":[5,29],"current_hp_per_floor":[46,41,41,41,41,60,15,15,15,34,34,34,34,30,49,35,65,60,34,18,18,18,37,36,55,55,54,54,54,51,51,51,0,0],"gold":96,"neow_bonus":"RANDOM_COLORLESS_2","is_daily":false,"chose_seed":false,"campfire_upgraded":2,"win_rate":0.0,"timestamp":1613590967,"path_taken":["M","M","?","?","$","R","E","?","T","R","?","?","?","M","R","BOSS","M","M","?","?","?","R","M","R","T","?","R","$","E","?","R","BOSS"],"items_purchased_type":["Card","Card"],"build_version":"2020-12-22","purchased_purges":0,"victory":false,"max_hp_per_floor":[65,65,65,65,65,65,65,65,65,65,65,65,65,65,65,65,65,65,65,65,65,65,65,65,65,65,65,65,65,65,65,65,65,65],"card_choices":[{"not_picked":["Chrysalis","Violence"],"picked":"Mayhem","floor":0},{"not_picked":["Revamp","Rewind"],"picked":"Shuttle","floor":1},{"not_picked":["Desolation","InstantArmor"],"picked":"Misdirection","floor":2},{"not_picked":["Ricochet","Rewind"],"picked":"SpecialFormula","floor":3},{"not_picked":["Revamp","Starlight"],"picked":"Unruled","floor":7},{"not_picked":["Alleviate","Unruled"],"picked":"Sabotage","floor":14},{"not_picked":["SoulSculpture","FloweringNight"],"picked":"PendulumOfEternity","floor":16},{"not_picked":["Defy","Comet"],"picked":"Desolation+1","floor":18},{"not_picked":["Contraction","Alleviate"],"picked":"ShatteredReality","floor":19},{"not_picked":["Alleviate+1","Spin"],"picked":"Starlight+1","floor":24},{"not_picked":["Alleviate","Revamp"],"picked":"FastForward","floor":27},{"not_picked":["Foresight","Defy"],"picked":"Luminosity+1","floor":30}],"player_experience":434810,"relics_obtained":[{"floor":7,"key":"Calipers"},{"floor":9,"key":"Incense Burner"},{"floor":11,"key":"infinitespire:Lucky Rock"},{"floor":20,"key":"Enchiridion"},{"floor":26,"key":"Happy Flower"},{"floor":30,"key":"infinitespire:ShieldingShard"},{"floor":31,"key":"Nunchaku"}],"event_choices":[{"damage_healed":0,"gold_gain":0,"player_choice":"Ignored","damage_taken":0,"max_hp_gain":0,"max_hp_loss":0,"event_name":"Golden Wing","floor":4,"gold_loss":0},{"damage_healed":0,"gold_gain":0,"player_choice":"Take Wound","damage_taken":0,"relics_obtained":["Golden Idol"],"max_hp_gain":0,"max_hp_loss":0,"event_name":"Golden Idol","floor":8,"gold_loss":0,"cards_obtained":["Injury"]},{"damage_healed":0,"gold_gain":0,"player_choice":"Searched \u00271\u0027 times","damage_taken":0,"relics_obtained":["Toy Ornithopter"],"max_hp_gain":0,"max_hp_loss":0,"event_name":"Dead Adventurer","floor":12,"gold_loss":0},{"damage_healed":0,"gold_gain":0,"player_choice":"Obtained Book","damage_taken":16,"max_hp_gain":0,"max_hp_loss":0,"event_name":"Cursed Tome","floor":20,"gold_loss":0},{"damage_healed":0,"gold_gain":0,"player_choice":"Simplicity","damage_taken":0,"max_hp_gain":0,"max_hp_loss":0,"event_name":"Back to Basics","floor":21,"gold_loss":0,"cards_upgraded":["Strike_S","Strike_S","Strike_S","Strike_S","Defend_S","Defend_S","Defend_S","Defend_S"]},{"damage_healed":0,"gold_gain":0,"player_choice":"Paid Fearfully","damage_taken":0,"max_hp_gain":0,"max_hp_loss":0,"event_name":"Masked Bandits","floor":22,"gold_loss":297}],"is_beta":false,"boss_relics":[{"not_picked":["Snecko Eye","Fusion Hammer"],"picked":"Philosopher\u0027s Stone"}],"items_purged_floors":[],"is_endless":false,"potions_floor_spawned":[1,3,7,14,18,24,27],"killed_by":"Collector","ascension_level":0}}