{"host":"i09pxcjttd31eh4q","time":1613570815,"event":{"mods":["AchievementEnabler","BaseMod","Colored Map","Keyboard Shortcuts","Minty Spire (QoL Compilation)","StSLib","SuperFastMode"],"gold_per_floor":[112,124,124,142,142,142,154,35,82,7,27,27,27,41,41,134,134,158,58,58,58,82,82,106,141,164,164,178,191,191,191],"floor_reached":30,"language":"KOR","playtime":777,"items_purged":["Strike_G","Strike_G"],"score":484,"play_id":"ff8b8315-8418-4ef8-a54d-d1c6379e491f","local_time":"20210217230655","is_ascension_mode":true,"campfire_choices":[{"data":"Apotheosis","floor":6,"key":"SMITH"},{"data":"Noxious Fumes","floor":12,"key":"SMITH"},{"floor":15,"key":"RECALL"},{"data":"Footwork","floor":23,"key":"SMITH"},{"floor":27,"key":"REST"}],"circlet_count":0,"master_deck":["AscendersBane","Defend_G","Defend_G","Defend_G","Defend_G","Defend_G","Survivor","Neutralize","Apotheosis+1","Acrobatics","Escape Plan","Blur","Noxious Fumes+1","Crippling Poison","Catalyst","Footwork+1","Night Terror","Deadly Poison","Crippling Poison","Backflip+1","Acrobatics"],"relics":["Ring of the Snake","Bag of Preparation","Golden Idol","Sozu","Bronze Scales","Anchor"],"acts_visited":["Exordium","TheCity"],"potions_floor_usage":[7,25,25],"damage_taken":[{"damage":1.0,"enemies":"Jaw Worm","floor":1.0,"turns":4.0},{"damage":0.0,"enemies":"Small Slimes","floor":2.0,"turns":4.0},{"damage":1,"enemies":"2 Louse","floor":4,"turns":4},{"damage":0,"enemies":"Looter","floor":7,"turns":4},{"damage":0,"enemies":"2 Fungi Beasts","floor":11,"turns":4},{"damage":0,"enemies":"Red Slaver","floor":14,"turns":4},{"damage":1,"enemies":"Hexaghost","floor":16,"turns":8},{"damage":0,"enemies":"3 Byrds","floor":18,"turns":5},{"damage":9,"enemies":"Shell Parasite","floor":22,"turns":4},{"damage":19,"enemies":"Shelled Parasite and Fungi","floor":24,"turns":4},{"damage":24,"enemies":"Gremlin Leader","floor":25,"turns":5},{"damage":0,"enemies":"Centurion and Healer","floor":28,"turns":9},{"damage":13,"enemies":"Cultist and Chosen","floor":29,"turns":4},{"damage":27,"enemies":"Slavers","floor":30,"turns":3}],"seed_played":"-8612894695927030181","potions_obtained":[{"floor":4,"key":"CunningPotion"},{"floor":7,"key":"CunningPotion"},{"floor":16,"key":"Fire Potion"}],"is_trial":false,"path_per_floor":["M","M","?","M","?","R","M","$","T","?","M","R","?","M","R","B",null,"M","$","?","?","M","R","M","E","T","R","M","M","E"],"character_chosen":"THE_SILENT","items_purchased":["Crippling Poison"],"campfire_rested":1,"item_purchase_floors":[8],"current_hp_per_floor":[43,43,43,42,42,42,42,42,42,42,42,42,42,42,42,41,55,55,55,55,55,46,46,27,3,3,21,21,8,0,0],"gold":191,"neow_bonus":"RANDOM_COLORLESS_2","is_daily":false,"chose_seed":false,"campfire_upgraded":3,"win_rate":0.0,"timestamp":1613570815,"path_taken":["M","M","?","M","?","R","M","$","T","?","M","R","?","M","R","BOSS","M","$","?","?","M","R","M","E","T","R","M","M","E"],"items_purchased_type":["Card"],"build_version":"2020-12-22","purchased_purges":2,"victory":false,"max_hp_per_floor":[66,66,66,66,66,66,66,66,66,66,66,66,60,60,60,60,60,60,60,60,60,60,60,60,60,60,60,60,60,60,60],"card_choices":[{"not_picked":["The Bomb","Magnetism"],"picked":"Apotheosis","floor":0.0},{"not_picked":["Reflex","Leg Sweep"],"picked":"Acrobatics","floor":1.0},{"not_picked":["Poisoned Stab","Quick Slash"],"picked":"Escape Plan","floor":2.0},{"not_picked":["Skewer","Dagger Spray"],"picked":"Blur","floor":4},{"not_picked":["Deadly Poison","Poisoned Stab"],"picked":"Noxious Fumes","floor":7},{"not_picked":["Cloak And Dagger","Heel Hook"],"picked":"Catalyst","floor":11},{"not_picked":["Dagger Throw","Underhanded Strike"],"picked":"Footwork","floor":14},{"not_picked":["Grand Finale","Bullet Time"],"picked":"Night Terror","floor":16},{"not_picked":["Tactician","Bane"],"picked":"Deadly Poison","floor":18},{"not_picked":["Blade Dance","Prepared"],"picked":"Crippling Poison","floor":22},{"not_picked":["Dodge and Roll","Outmaneuver"],"picked":"Backflip+1","floor":24},{"not_picked":["Distraction","Dagger Spray+1","Setup+1"],"picked":"SKIP","floor":25},{"not_picked":["Predator","Skewer","Quick Slash"],"picked":"SKIP","floor":28},{"not_picked":["Sucker Punch","Blade Dance+1"],"picked":"Acrobatics","floor":29}],"player_experience":919878,"relics_obtained":[{"floor":9,"key":"Bag of Preparation"},{"floor":25,"key":"Bronze Scales"},{"floor":26,"key":"Anchor"}],"event_choices":[{"cards_removed":["Strike_G"],"damage_healed":0,"gold_gain":0,"player_choice":"Forget","damage_taken":0,"max_hp_gain":0,"max_hp_loss":0,"event_name":"Living Wall","floor":3,"gold_loss":0},{"damage_healed":0,"gold_gain":0,"player_choice":"Ignored","damage_taken":0,"max_hp_gain":0,"max_hp_loss":0,"event_name":"Liars Game","floor":5,"gold_loss":0},{"cards_removed":["Strike_G"],"damage_healed":0,"gold_gain":0,"player_choice":"Card Removal","damage_taken":0,"max_hp_gain":0,"max_hp_loss":0,"event_name":"The Cleric","floor":10,"gold_loss":75},{"damage_healed":0,"gold_gain":0,"player_choice":"Lose Max HP","damage_taken":0,"relics_obtained":["Golden Idol"],"max_hp_gain":0,"max_hp_loss":6,"event_name":"Golden Idol","floor":13,"gold_loss":0},{"damage_healed":0,"gold_gain":0,"player_choice":"Ignored","damage_taken":0,"max_hp_gain":0,"max_hp_loss":0,"event_name":"The Mausoleum","floor":20,"gold_loss":0},{"cards_removed":["Strike_G"],"damage_healed":0,"gold_gain":0,"player_choice":"Offered Basic","damage_taken":0,"max_hp_gain":0,"max_hp_loss":0,"event_name":"Bonfire Elementals","floor":21,"gold_loss":0}],"is_beta":false,"boss_relics":[{"not_picked":["Runic Dome","Ectoplasm"],"picked":"Sozu"}],"items_purged_floors":[8,19],"is_endless":false,"potions_floor_spawned":[4,7,16,18,25,28],"killed_by":"Slavers","ascension_level":20}}