{"host":"v6biu77h43umse0l","time":1613530021,"event":{"mods":["BaseMod","DeckTracker","Minty Spire (QoL Compilation)","StSLib","SuperFastMode"],"gold_per_floor":[116,116,131,56,72,72,72,35,85,121,121,148,182,182,182,288,288,309,328,167,201,212,249,249,249,249,264,303,402,442,452,452,452,452],"floor_reached":33,"language":"KOR","playtime":1182,"items_purged":["Defend_B","Strike_B"],"score":423,"play_id":"d5e31825-797f-4914-86db-1df08c65e763","local_time":"20210217114701","is_ascension_mode":true,"campfire_choices":[{"data":"Zap","floor":6.0,"key":"SMITH"},{"floor":11.0,"key":"REST"},{"data":"Static Discharge","floor":15.0,"key":"SMITH"},{"data":"Sunder","floor":32,"key":"SMITH"}],"circlet_count":0,"master_deck":["Strike_B","Defend_B","Defend_B","Defend_B","Zap+1","Dualcast+1","Turbo","Doom and Gloom","Melter","Static Discharge+1","Cold Snap","Self Repair","Meteor Strike","Sweeping Beam+1","Biased Cognition","Sunder+1","Coolheaded","Biased Cognition","Capacitor","Chaos+1"],"relics":["Cracked Core","CeramicFish","CaptainsWheel","Sundial","Mercury Hourglass","Snecko Eye","Red Mask","Toy Ornithopter","Kunai","Blood Vial","Ornamental Fan","Dream Catcher"],"acts_visited":["Exordium","TheCity"],"potions_floor_usage":[23,33],"damage_taken":[{"damage":8.0,"enemies":"2 Louse","floor":1.0,"turns":3.0},{"damage":1.0,"enemies":"Cultist","floor":3.0,"turns":3.0},{"damage":7.0,"enemies":"Jaw Worm","floor":5.0,"turns":2.0},{"damage":30.0,"enemies":"Lagavulin","floor":10.0,"turns":4.0},{"damage":1.0,"enemies":"Exordium Thugs","floor":12.0,"turns":3.0},{"damage":30.0,"enemies":"3 Sentries","floor":13.0,"turns":5.0},{"damage":13.0,"enemies":"Slime Boss","floor":16.0,"turns":6.0},{"damage":0,"enemies":"Spheric Guardian","floor":18,"turns":1},{"damage":7,"enemies":"Chosen","floor":19,"turns":2},{"damage":7,"enemies":"Masked Bandits","floor":21,"turns":2},{"damage":18,"enemies":"Snake Plant","floor":22,"turns":2},{"damage":39,"enemies":"Slavers","floor":23,"turns":5},{"damage":0,"enemies":"Snecko","floor":27,"turns":3},{"damage":0,"enemies":"Gremlin Leader","floor":28,"turns":4},{"damage":29,"enemies":"Book of Stabbing","floor":30,"turns":4},{"damage":1,"enemies":"Centurion and Healer","floor":31,"turns":3},{"damage":46,"enemies":"Champ","floor":33,"turns":6}],"seed_played":"-3674046526413496669","potions_obtained":[{"floor":10.0,"key":"Regen Potion"},{"floor":12.0,"key":"PotionOfCapacity"},{"floor":13.0,"key":"Ancient Potion"},{"floor":27,"key":"SneckoOil"}],"is_trial":false,"path_per_floor":["M","?","M","$","M","R","?","$","T","E","R","M","E","?","R","B",null,"M","M","$","?","M","E","?","?","T","M","E","?","E","M","R","B"],"character_chosen":"DEFECT","items_purchased":["Static Discharge","Sunder"],"campfire_rested":1,"item_purchase_floors":[8,20],"current_hp_per_floor":[67,67,66,66,59,59,59,59,59,29,51,50,27,27,27,21,62,62,55,55,55,37,17,17,42,42,51,60,60,33,34,34,0,0],"gold":452,"neow_bonus":"TRANSFORM_CARD","is_daily":false,"chose_seed":false,"campfire_upgraded":3,"win_rate":0.0,"timestamp":1613530021,"path_taken":["M","?","M","$","?","R","?","?","T","E","R","M","E","?","R","BOSS","M","M","$","?","M","E","?","?","T","M","E","?","E","M","R","BOSS"],"items_purchased_type":["Card","Card"],"build_version":"2020-12-22","purchased_purges":2,"victory":false,"max_hp_per_floor":[75,75,75,75,75,75,75,75,75,75,75,75,75,75,75,75,75,75,75,75,75,75,75,75,75,75,75,75,75,75,75,75,75,75],"card_choices":[{"not_picked":["Beam Cell","Turbo"],"picked":"Doom and Gloom","floor":1.0},{"not_picked":["Stack","Force Field"],"picked":"Melter","floor":3.0},{"not_picked":["Leap","Redo","Go for the Eyes"],"picked":"SKIP","floor":5.0},{"not_picked":["Compile Driver","Stack"],"picked":"Cold Snap","floor":10.0},{"not_picked":["Undo","Melter"],"picked":"Self Repair","floor":12.0},{"not_picked":["Gash","Stack","Redo"],"picked":"SKIP","floor":13.0},{"not_picked":["Seek","All For One"],"picked":"Meteor Strike","floor":16.0},{"not_picked":["Barrage+1","Streamline"],"picked":"Sweeping Beam+1","floor":18},{"not_picked":["Chaos","Defragment"],"picked":"Biased Cognition","floor":19},{"not_picked":["Redo","Compile Driver"],"picked":"Coolheaded","floor":21},{"not_picked":["Rip and Tear","Redo","Darkness"],"picked":"SKIP","floor":22},{"not_picked":["Reinforced Body","Stack"],"picked":"Biased Cognition","floor":23},{"not_picked":["Recycle","Gash","BootSequence"],"picked":"SKIP","floor":27},{"not_picked":["Go for the Eyes","Steam Power"],"picked":"Capacitor","floor":28},{"not_picked":["Lockon","Steam+1"],"picked":"Chaos+1","floor":30},{"not_picked":["Steam","Streamline","All For One"],"picked":"SKIP","floor":31}],"player_experience":379306,"relics_obtained":[{"floor":9.0,"key":"CeramicFish"},{"floor":10.0,"key":"CaptainsWheel"},{"floor":13.0,"key":"Sundial"},{"floor":21,"key":"Red Mask"},{"floor":23,"key":"Toy Ornithopter"},{"floor":26,"key":"Blood Vial"},{"floor":28,"key":"Ornamental Fan"},{"floor":30,"key":"Dream Catcher"}],"event_choices":[{"damage_healed":0.0,"max_hp_gain":0.0,"max_hp_loss":0.0,"gold_gain":0.0,"event_name":"Upgrade Shrine","player_choice":"Upgraded","floor":2.0,"gold_loss":0.0,"damage_taken":0.0,"cards_upgraded":["Dualcast"]},{"cards_removed":["Strike_B"],"damage_healed":0.0,"max_hp_gain":0.0,"max_hp_loss":0.0,"gold_gain":0.0,"event_name":"Purifier","player_choice":"Purged","floor":7.0,"gold_loss":0.0,"damage_taken":0.0},{"damage_healed":0.0,"max_hp_gain":0.0,"max_hp_loss":0.0,"gold_gain":0.0,"event_name":"Dead Adventurer","player_choice":"Searched \u00272\u0027 times","floor":14.0,"gold_loss":0.0,"damage_taken":0.0,"relics_obtained":["Mercury Hourglass"]},{"damage_healed":0,"gold_gain":0,"player_choice":"Fought Bandits","damage_taken":0,"max_hp_gain":0,"max_hp_loss":0,"event_name":"Masked Bandits","floor":21,"gold_loss":0},{"damage_healed":0,"gold_gain":0,"player_choice":"Opened","damage_taken":0,"relics_obtained":["Kunai"],"max_hp_gain":0,"max_hp_loss":0,"event_name":"The Mausoleum","floor":24,"gold_loss":0},{"damage_healed":25,"gold_gain":0,"player_choice":"Heal","damage_taken":0,"max_hp_gain":0,"max_hp_loss":0,"event_name":"The Library","floor":25,"gold_loss":0},{"damage_healed":0,"gold_gain":99,"player_choice":"Stole From Cult","damage_taken":0,"max_hp_gain":0,"max_hp_loss":0,"event_name":"Nest","floor":29,"gold_loss":0}],"is_beta":false,"boss_relics":[{"not_picked":["Cursed Key","Velvet Choker"],"picked":"Snecko Eye"}],"items_purged_floors":[4,20],"is_endless":false,"potions_floor_spawned":[10,12,13,16,19,22,27],"killed_by":"Champ","ascension_level":5}}