{"host":"k4hb7medsm45vqxu","time":1613595158,"event":{"mods":["AchievementEnabler","Act Like it!","Arknights","BaseMod","BetterRewards","Colored Map","Colored Powertips","DeckTracker","Downfall","Friendly Minions","Highlight Path","Marisa????????","Minty Spire (QoL Compilation)","Permanent Neow","READ ME - Guardian Mod","Rare Cards Sparkle","Replay The Spire","Shop Mod","StSLib","SuperFastMode","The Death Knight","The Forsaken","Together in Spire","Waifu the Spire","Yuyuko"],"gold_per_floor":[99,118,135,19,31,31,58,58,71,71,91,102,102,114,131,131,131,131],"floor_reached":16,"language":"ENG","playtime":1112,"items_purged":[],"score":96,"play_id":"317c9a2f-9841-41fb-9ff0-a531081bc934","local_time":"20210217145238","is_ascension_mode":false,"campfire_choices":[{"floor":1,"key":"DIG"},{"floor":10,"key":"REST"},{"floor":13,"key":"REST"}],"circlet_count":0,"master_deck":["Guardian:Strike_Guardian","Guardian:Strike_Guardian","Guardian:Strike_Guardian","Guardian:Strike_Guardian","Guardian:Defend_Guardian","Guardian:Defend_Guardian","Guardian:Defend_Guardian","Guardian:Defend_Guardian","Guardian:CurlUp","Guardian:TwinSlam","Guardian:GuardianWhirl","Guardian:ShieldCharger","Guardian:Gem_Cyan","Guardian:TemporalStrike","Guardian:Gem_Lightblue","theForsaken:PlagueCurse","Guardian:Gem_Yellow","Guardian:DecasProtection","Guardian:WalkerClaw","Guardian:SphericShield"],"relics":["Guardian:ModeShifter","Simple Rune","theForsaken:PlagueMask","DeathKnight:PutricidesVial"],"acts_visited":["Exordium"],"potions_floor_usage":[4,9,12],"damage_taken":[{"damage":9,"enemies":"2 Louse","floor":2,"turns":2},{"damage":8,"enemies":"Jaw Worm","floor":3,"turns":5},{"damage":10,"enemies":"downfall:FleeingMerchant","floor":4,"turns":4},{"damage":4,"enemies":"Small Slimes","floor":5,"turns":5},{"damage":16,"enemies":"2 Fungi Beasts","floor":9,"turns":6},{"damage":17,"enemies":"3 Louse","floor":11,"turns":3},{"damage":10,"enemies":"Large Slime","floor":12,"turns":8},{"damage":14,"enemies":"2 Fungi Beasts","floor":14,"turns":6},{"damage":2,"enemies":"Blue Slaver","floor":15,"turns":4},{"damage":53,"enemies":"IC_STATUS_ARCHETYPE","floor":16,"turns":13}],"seed_played":"-1514196405290516679","potions_obtained":[{"floor":2,"key":"DeathKnight:RimePotion"},{"floor":3,"key":"AttackPotion"},{"floor":11,"key":"AttackPotion"}],"is_trial":false,"path_per_floor":["R_BF","M","M","$","M","?","T","?","M","R","M","M","R","M","M","B"],"character_chosen":"GUARDIAN","items_purchased":["Guardian:Gem_Cyan","Guardian:TemporalStrike"],"campfire_rested":2,"item_purchase_floors":[4,4],"current_hp_per_floor":[80,71,63,53,49,49,49,54,38,63,46,36,61,47,45,0,0,0],"gold":131,"neow_bonus":"THREE_CARDS","is_daily":false,"chose_seed":false,"campfire_upgraded":0,"win_rate":0.0,"timestamp":1613595158,"path_taken":["R_BF","M","M","$","M","?","T","?","M","R","M","M","R","M","M","BOSS"],"items_purchased_type":["Card","Card"],"build_version":"2020-12-22","purchased_purges":0,"victory":false,"max_hp_per_floor":[80,80,80,80,80,80,80,85,85,85,85,85,85,85,85,85,85,85],"card_choices":[{"not_picked":["Guardian:Suspension","Guardian:Recover"],"picked":"Guardian:Gem_Lightblue","floor":0},{"not_picked":["Guardian:Gem_Cyan","Guardian:VentSteam"],"picked":"Guardian:GuardianWhirl","floor":2},{"not_picked":["Guardian:PrismaticBeam","Guardian:VentSteam"],"picked":"Guardian:Gem_Lightblue","floor":3},{"not_picked":["Guardian:Incinerate","Guardian:Recover"],"picked":"Guardian:ShieldCharger","floor":4},{"not_picked":["Guardian:Clone","Guardian:Emergency"],"picked":"Guardian:Gem_Lightblue","floor":5},{"not_picked":["Guardian:ShieldSpikes","Guardian:VentSteam"],"picked":"Guardian:Gem_Red","floor":9},{"not_picked":["Guardian:Gem_White","Guardian:TemporalShield"],"picked":"Guardian:Gem_Yellow","floor":11},{"not_picked":["Guardian:Gem_Red","Guardian:Gem_Crimson"],"picked":"Guardian:DecasProtection","floor":12},{"not_picked":["Guardian:RollAttack","Guardian:Gem_Cyan"],"picked":"Guardian:WalkerClaw","floor":14},{"not_picked":["Guardian:WalkerClaw","Guardian:Gem_Lightblue"],"picked":"Guardian:SphericShield","floor":15}],"player_experience":5208,"relics_obtained":[{"floor":1,"key":"Simple Rune"},{"floor":7,"key":"DeathKnight:PutricidesVial"}],"event_choices":[{"damage_healed":0,"gold_gain":0,"player_choice":"Obtain Plague Curse","damage_taken":0,"max_hp_gain":0,"max_hp_loss":0,"event_name":"Plague Doctor","floor":6,"gold_loss":0,"cards_obtained":["theForsaken:PlagueCurse"]},{"damage_healed":0,"gold_gain":0,"player_choice":"Donut","damage_taken":0,"max_hp_gain":5,"max_hp_loss":0,"event_name":"Big Fish","floor":8,"gold_loss":0}],"is_beta":false,"boss_relics":[],"items_purged_floors":[],"is_endless":false,"potions_floor_spawned":[2,3,11],"killed_by":"IC_STATUS_ARCHETYPE","ascension_level":0}}