{"host":"l7ku00cw7dmofayg","time":1613525273,"event":{"mods":["ATMod(°¢èªMod)","BaseMod","Dota2Spire","Marisa£¨ìFÓê¡¡Ä§ÀíÉ³£©","Minty Spire (QoL Compilation)","StSLib","The Invoker Mod"],"gold_per_floor":[110,110,110,126,126,35,53,78,78,78,114,114,55,70,70,159,159,182,196,196,196,36,67,67,100,100,100,100,15,50,62,74,182,194,219,256,286,298,310,322,370,597,661,687,724,774,786,811,823,911],"floor_reached":51,"language":"ZHS","playtime":1900,"items_purged":[],"score":1539,"play_id":"98f98b4b-5c8b-404e-9f99-839e3e1791ae","local_time":"20210217092753","is_ascension_mode":true,"campfire_choices":[{"floor":10.0,"key":"REST"},{"data":"AT_Dispersion","floor":12.0,"key":"SMITH"},{"floor":15.0,"key":"REST"},{"data":"Discovery","floor":24.0,"key":"SMITH"},{"floor":27.0,"key":"REST"},{"floor":32.0,"key":"REST"},{"data":"MillisecondPulsars","floor":40,"key":"SMITH"},{"data":"MagicChant","floor":47,"key":"SMITH"},{"data":"MilkyWay","floor":49,"key":"SMITH"}],"circlet_count":0,"master_deck":["AscendersBane","Strike_MRS+1","Defend_MRS+1","Defend_MRS+1","Defend_MRS+1","MasterSpark","UpSweep","AT_Dispersion+1","MagicChant+1","LuminesStrike","DarkSpark","Discovery+1","NonDirectionalLaser","MilkyWay+1","IllusionStar","ShootTheMoon","CasketOfStar","CurseOfTheBell","AsteroidBelt","EventHorizon+1","DoubleSpark","MysteriousBeam+1","ManaConvection","ShootingEcho","MillisecondPulsars+1","OrrerysSun+1","Orbital+1","Robbery","Singularity","StarDustReverie","SuperPerseids"],"relics":["BewitchedHakkero","AT_ATBox","NeowsBlessing","Golden Idol","AT_SunfireAegis","AT_BellowingDragoncrestRing","Calling Bell","Orichalcum","AT_RedNoBalance","Dota2Spire:OctarineCore","Kunai","Dota2Spire:UrnOfShadows","Boot","Nunchaku","Mango","MawBank","Dota2Spire:ShadowBlade","AT_ImmortalShieldbow","Dota2Spire:Satanic","AT_RedTearstoneRing","Dota2Spire:DrumOfEndurance","Incense Burner"],"acts_visited":["Exordium","TheCity","TheBeyond"],"potions_floor_usage":[37,45,48,50],"damage_taken":[{"damage":0.0,"enemies":"2 Louse","floor":1.0,"turns":1.0},{"damage":0.0,"enemies":"Jaw Worm","floor":4.0,"turns":1.0},{"damage":0.0,"enemies":"Cultist","floor":7.0,"turns":1.0},{"damage":6.0,"enemies":"Lots of Slimes","floor":8.0,"turns":2.0},{"damage":23.0,"enemies":"Gremlin Nob","floor":11.0,"turns":4.0},{"damage":0.0,"enemies":"Blue Slaver","floor":14.0,"turns":1.0},{"damage":22.0,"enemies":"Slime Boss","floor":16.0,"turns":6.0},{"damage":0.0,"enemies":"Chosen","floor":18.0,"turns":3.0},{"damage":3.0,"enemies":"Shell Parasite","floor":19.0,"turns":3.0},{"damage":21.0,"enemies":"Slavers","floor":23.0,"turns":4.0},{"damage":47.0,"enemies":"Book of Stabbing","floor":25.0,"turns":5.0},{"damage":16.0,"enemies":"Snake Plant","floor":30.0,"turns":3.0},{"damage":19.0,"enemies":"Collector","floor":33.0,"turns":4.0},{"damage":7,"enemies":"3 Shapes","floor":35,"turns":1},{"damage":18,"enemies":"3 Darklings","floor":37,"turns":4},{"damage":8,"enemies":"Giant Head","floor":41,"turns":4},{"damage":12,"enemies":"Writhing Mass","floor":42,"turns":2},{"damage":3,"enemies":"Transient","floor":44,"turns":6},{"damage":17,"enemies":"Sphere and 2 Shapes","floor":45,"turns":3},{"damage":15,"enemies":"Nemesis","floor":46,"turns":4},{"damage":3,"enemies":"Jaw Worm Horde","floor":48,"turns":2},{"damage":43,"enemies":"Time Eater","floor":50,"turns":6}],"seed_played":"-6804365665800020760","potions_obtained":[{"floor":1.0,"key":"SneckoOil"},{"floor":4.0,"key":"FairyPotion"},{"floor":8.0,"key":"LiquidMemories"},{"floor":19.0,"key":"Energy Potion"},{"floor":23.0,"key":"Strength Potion"},{"floor":35,"key":"ColorlessPotion"},{"floor":42,"key":"AttackPotion"},{"floor":45,"key":"FearPotion"},{"floor":48,"key":"BlessingOfTheForge"}],"is_trial":false,"path_per_floor":["M","?","?","M","?","$","M","M","T","R","E","R","$","M","R","B",null,"M","M","?","T","$","E","R","E","T","R","?","?","M","?","R","B",null,"M","T","M","T","?","R","E","M","T","M","M","E","R","M","R","B",null],"character_chosen":"MARISA","items_purchased":["Discovery","IllusionStar","Dota2Spire:UrnOfShadows"],"campfire_rested":4,"item_purchase_floors":[6,13,22],"current_hp_per_floor":[63,39,32,32,32,32,32,26,26,47,24,24,24,24,45,23,58,35,32,32,32,32,20,20,14,28,53,53,53,26,26,51,29,70,35,35,20,20,20,20,84,72,72,75,58,49,49,46,46,73],"gold":923,"neow_bonus":"THREE_ENEMY_KILL","is_daily":false,"chose_seed":false,"campfire_upgraded":5,"win_rate":0.0,"timestamp":1613525273,"path_taken":["M","?","?","M","?","$","?","M","T","R","E","R","?","M","R","BOSS","M","M","?","?","$","E","R","E","T","R","?","?","M","?","R","BOSS","M","?","?","?","?","R","E","M","T","M","M","E","R","M","R","BOSS"],"items_purchased_type":["Card","Card","Relic"],"build_version":"2020-12-22","purchased_purges":0,"victory":true,"max_hp_per_floor":[70,70,70,70,70,70,70,70,70,70,70,70,70,70,70,70,70,70,70,70,70,70,70,70,70,84,84,84,84,84,84,84,84,84,84,84,84,84,84,84,84,84,84,84,84,84,84,84,84,84],"card_choices":[{"not_picked":["Singularity","DoubleSpark"],"picked":"MagicChant","floor":1.0},{"not_picked":["OpenUniverse","UnstableBomb"],"picked":"LuminesStrike","floor":4.0},{"not_picked":["DragonMeteor","LuminesStrike","RefractionSpark"],"picked":"SKIP","floor":7.0},{"not_picked":["GalacticHalo","AlicesGift"],"picked":"NonDirectionalLaser","floor":8.0},{"not_picked":["Occultation","DarkSpark"],"picked":"MilkyWay","floor":11.0},{"not_picked":["AbsoluteMagnitude","6A"],"picked":"ShootTheMoon","floor":14.0},{"not_picked":["EscapeVelocity","JA"],"picked":"CasketOfStar","floor":16.0},{"not_picked":["ShootingEcho","OrrerysSun"],"picked":"AsteroidBelt","floor":18.0},{"not_picked":["OneTimeOff","DragonMeteor"],"picked":"EventHorizon+1","floor":19.0},{"not_picked":["DoubleSpark","OneTimeOff"],"picked":"MysteriousBeam+1","floor":23.0},{"not_picked":["UnstableBomb","ChargeUpSpray"],"picked":"ManaConvection","floor":25.0},{"not_picked":["SporeBomb+1","DarkSpark"],"picked":"ShootingEcho","floor":30.0},{"not_picked":["CasketOfStar","BigCrunch"],"picked":"MillisecondPulsars","floor":33.0},{"not_picked":["LuminesStrike","DoubleSpark+1"],"picked":"OrrerysSun+1","floor":35},{"not_picked":["RefractionSpark","NonDirectionalLaser"],"picked":"Orbital+1","floor":37},{"not_picked":["OortCloud","MysteriousBeam"],"picked":"Robbery","floor":41},{"not_picked":["MysteriousBeam","DC+1"],"picked":"Singularity","floor":42},{"not_picked":["DoubleSpark","MeteoricShower","DarkMatter+1"],"picked":"SKIP","floor":44},{"not_picked":["ShootTheMoon","GalacticHalo","EventHorizon"],"picked":"SKIP","floor":45},{"not_picked":["ShootingEcho","GravityBeat"],"picked":"StarDustReverie","floor":46},{"not_picked":["DC","AsteroidBelt"],"picked":"SuperPerseids","floor":48}],"player_experience":70854,"relics_obtained":[{"floor":9.0,"key":"AT_SunfireAegis"},{"floor":11.0,"key":"AT_BellowingDragoncrestRing"},{"floor":17.0,"key":"Orichalcum"},{"floor":17.0,"key":"AT_SilverBalance"},{"floor":17.0,"key":"Dota2Spire:OctarineCore"},{"floor":21.0,"key":"Kunai"},{"floor":23.0,"key":"Boot"},{"floor":25.0,"key":"Nunchaku"},{"floor":26.0,"key":"Mango"},{"floor":36,"key":"Dota2Spire:ShadowBlade"},{"floor":38,"key":"AT_ImmortalShieldbow"},{"floor":39,"key":"Dota2Spire:Satanic"},{"floor":41,"key":"AT_RedTearstoneRing"},{"floor":43,"key":"Dota2Spire:DrumOfEndurance"},{"floor":46,"key":"Incense Burner"}],"event_choices":[{"damage_healed":0.0,"max_hp_gain":0.0,"max_hp_loss":0.0,"gold_gain":0.0,"event_name":"Golden Idol","player_choice":"Take Damage","floor":2.0,"gold_loss":0.0,"damage_taken":24.0,"relics_obtained":["Golden Idol"]},{"cards_removed":["Strike_MRS"],"damage_healed":0.0,"max_hp_gain":0.0,"max_hp_loss":0.0,"gold_gain":0.0,"event_name":"Golden Wing","player_choice":"Card Removal","floor":3.0,"gold_loss":0.0,"damage_taken":7.0},{"damage_healed":0.0,"max_hp_gain":0.0,"max_hp_loss":0.0,"gold_gain":0.0,"cards_transformed":["Defend_MRS"],"event_name":"Transmorgrifier","player_choice":"Transformed","floor":5.0,"gold_loss":0.0,"damage_taken":0.0,"cards_obtained":["DarkSpark"]},{"damage_healed":0.0,"max_hp_gain":0.0,"max_hp_loss":0.0,"gold_gain":0.0,"cards_transformed":["Strike_MRS","Strike_MRS"],"event_name":"Drug Dealer","player_choice":"Became Test Subject","floor":20.0,"gold_loss":0.0,"damage_taken":0.0,"cards_obtained":["DoubleSpark","DarkSpark"]},{"damage_healed":0.0,"max_hp_gain":0.0,"max_hp_loss":0.0,"gold_gain":0.0,"event_name":"Back to Basics","player_choice":"Simplicity","floor":28.0,"gold_loss":0.0,"damage_taken":0.0,"cards_upgraded":["Strike_MRS","Defend_MRS","Defend_MRS","Defend_MRS"]},{"damage_healed":0.0,"max_hp_gain":0.0,"max_hp_loss":0.0,"gold_gain":0.0,"event_name":"Addict","player_choice":"Obtained Relic","floor":29.0,"gold_loss":85.0,"damage_taken":0.0,"relics_obtained":["MawBank"]},{"cards_removed":["DarkSpark"],"damage_healed":0.0,"max_hp_gain":0.0,"max_hp_loss":0.0,"gold_gain":0.0,"event_name":"Wheel of Change","player_choice":"Card Removal","floor":31.0,"gold_loss":0.0,"damage_taken":0.0},{"damage_healed":0,"gold_gain":0,"player_choice":"Relic","damage_taken":0,"max_hp_gain":0,"max_hp_loss":0,"event_name":"Wheel of Change","floor":39,"gold_loss":0}],"is_beta":false,"boss_relics":[{"not_picked":["Runic Pyramid","Cursed Key"],"picked":"Calling Bell"},{"not_picked":["Empty Cage","SacredBark"],"picked":"BewitchedHakkero"}],"items_purged_floors":[],"is_endless":false,"potions_floor_spawned":[1,4,8,14,19,23,35,42,45,48],"ascension_level":18}}