{"host":"og21o26alpnbwmz8","time":1613593073,"event":{"mods":["2.2 Compatiblity","A Magickal Journey","Act Like it!","Aspiration","BaseMod","Conspire","Downfall","Gensokyo","GungeonMod","Halation","Hubris","Jedi Mod","Mimic Mod","Minty Spire (QoL Compilation)","Pale of the Ancients","Reliquary","Replay The Spire","Shop Mod","Spikes Relics","StSLib","The Alterego","The Animator","The Blue Laboratory","The Exalted","The Florist","The Poker Player","Waifu the Spire","Yuri Mod"],"gold_per_floor":[110,129,129,1,14,49,1,1,1,20,37,57,82,95,95,95,95],"floor_reached":16,"language":"ENG","playtime":623,"items_purged":["Bromod:Strike_Bro"],"score":114,"play_id":"d3f13088-a8ec-453f-990a-7d02d8ff75dc","local_time":"20210217151753","is_ascension_mode":false,"campfire_choices":[{"data":"Bromod:PointStrike","floor":8,"key":"SMITH"},{"data":"Bromod:PointStrike","floor":15,"key":"SMITH"}],"circlet_count":0,"master_deck":["Bromod:Strike_Bro","Bromod:Defend_Bro","Bromod:Defend_Bro","Bromod:Defend_Bro","Bromod:Defend_Bro","Bromod:SlashDash","Bromod:SlashDash","Bromod:SlashDash","Bromod:PointStrike+1","Bromod:OrganShatter","Bromod:PointStrike+1","Bromod:Berserker"],"relics":["Bromod:Ordis","Bromod:AscarisDevice","NeowsBlessing","Ginger","Bag of Marbles","conspire:GiftBox"],"acts_visited":["Exordium"],"potions_floor_usage":[13],"damage_taken":[{"damage":0,"enemies":"conspire:RoseBush","floor":1,"turns":1},{"damage":0,"enemies":"Jaw Worm","floor":2,"turns":1},{"damage":0,"enemies":"2 Louse","floor":5,"turns":1},{"damage":4,"enemies":"Gremlin Nob","floor":6,"turns":3},{"damage":8,"enemies":"conspire:2 RoseBushes","floor":10,"turns":6},{"damage":6,"enemies":"Blue Slaver","floor":11,"turns":3},{"damage":6,"enemies":"Lots of Slimes","floor":12,"turns":4},{"damage":25,"enemies":"3 Sentries","floor":13,"turns":7},{"damage":4,"enemies":"2 Fungi Beasts","floor":14,"turns":3},{"damage":25,"enemies":"Slime Boss","floor":16,"turns":3}],"seed_played":"-6767634771623741512","potions_obtained":[{"floor":1,"key":"Toxic Potion"},{"floor":5,"key":"champ:CounterPotion"},{"floor":10,"key":"Strength Potion"}],"is_trial":false,"path_per_floor":["M","M","?","$","M","E","$","R","T","M","M","M","E","M","R","B"],"character_chosen":"THE_EXALTED","items_purchased":["Bromod:OrganShatter","Bromod:PointStrike"],"campfire_rested":0,"item_purchase_floors":[4,7],"current_hp_per_floor":[75,75,75,75,75,71,71,71,71,63,57,51,26,22,22,0,0],"gold":95,"neow_bonus":"THREE_ENEMY_KILL","is_daily":false,"chose_seed":false,"campfire_upgraded":2,"win_rate":0.0,"timestamp":1613593073,"path_taken":["M","M","?","$","M","E","$","R","T","?","M","M","E","M","R","BOSS"],"items_purchased_type":["Card","Card"],"build_version":"2020-12-22","purchased_purges":1,"victory":false,"max_hp_per_floor":[75,75,75,75,75,75,75,75,75,75,75,75,75,75,75,75,75],"card_choices":[{"not_picked":["Bromod:SteelFiber","Bromod:OrganShatter"],"picked":"Bromod:PointStrike","floor":1},{"not_picked":["Bromod:SlipMagazine","Bromod:Fury","Bromod:Vitality"],"picked":"SKIP","floor":2},{"not_picked":["Bromod:BriefRespite","Bromod:Reflection","Bromod:Vitality"],"picked":"SKIP","floor":5},{"not_picked":["Bromod:Vitality","Bromod:ContagiousSpread","Bromod:SlipMagazine"],"picked":"SKIP","floor":6},{"not_picked":["Bromod:PointBlank","Bromod:SeismicWave","Bromod:HeatedCharge"],"picked":"SKIP","floor":10},{"not_picked":["Bromod:BulletJump","Bromod:Serration","Bromod:PressurePoint"],"picked":"SKIP","floor":11},{"not_picked":["Bromod:Vitality","Bromod:TargetCracker","Bromod:HellsChamber"],"picked":"SKIP","floor":12},{"not_picked":["Bromod:HellsChamber","Bromod:Continuity"],"picked":"Bromod:Berserker","floor":13},{"not_picked":["Bromod:Vitality","Bromod:HornetStrike","Bromod:FormaBlueprint"],"picked":"SKIP","floor":13},{"not_picked":["Bromod:SpeedTrigger","Bromod:Foundry","Bromod:Stretch"],"picked":"SKIP","floor":14}],"player_experience":347573,"relics_obtained":[{"floor":6,"key":"Ginger"},{"floor":9,"key":"Bag of Marbles"},{"floor":13,"key":"conspire:GiftBox"}],"event_choices":[{"cards_removed":["Bromod:Strike_Bro"],"damage_healed":0,"gold_gain":0,"player_choice":"Card Removal","damage_taken":0,"max_hp_gain":0,"max_hp_loss":0,"event_name":"Wheel of Change","floor":3,"gold_loss":0}],"is_beta":false,"boss_relics":[],"items_purged_floors":[4],"is_endless":false,"potions_floor_spawned":[1,5,10],"killed_by":"Slime Boss","ascension_level":0}}