{"host":"iovigr651ajk16h5","time":1613601045,"event":{"mods":["2.2 Compatiblity","AchievementEnabler","Aspiration","BaseMod","Better Altar","Better Match","Better Note","Better Sensory Stone","Better Skull","Better Third Choice","Block Reminder","Colored Map","Ekko","Energized Spire","GifTheSpireLib","GungeonMod","Halation","Hermit","Highlight Path","Hubris","Infinite Spire","Koishi","Luminous","Marisa????????","Minty Spire (QoL Compilation)","Nova Terra(??·??)","Onozuka Komachi Mod","Permanent Neow","Prisma Mod","Quick Restart","Railgun Mod","Remilia??????","Replay The Spire","StSLib","Stuff the Spire","Td1madao Mod","The Administrix","The Bladedancer","The Bug Knight","The Construct","The Marked","TheSwordswoman","Trackpad","Waifu the Spire","WarShipGirlsR/????R mod","everything is the same but u backflip on backflip"],"gold_per_floor":[119,69,59,18,28,28,60,60,60,60,60,60,60,74,74,104,104,204,204,204,204],"floor_reached":20,"language":"ENG","playtime":1129,"items_purged":[],"score":201,"play_id":"2e5ea481-f140-41ce-9047-1707fdd51614","local_time":"20210217173045","is_ascension_mode":false,"campfire_choices":[{"data":"DragonMeteor","floor":6.0,"key":"SMITH"},{"floor":8.0,"key":"REST"},{"data":"ManaConvection","floor":10.0,"key":"SMITH"},{"data":"SuperPerseids","floor":17.0,"key":"SMITH"}],"circlet_count":0,"master_deck":["Strike_MRS","Strike_MRS","Strike_MRS","Defend_MRS","Defend_MRS","Defend_MRS","MasterSpark","UpSweep","DragonMeteor+1","Orbital","ManaConvection+1","OortCloud","LuminesStrike","SuperPerseids+1","StarDustReverie"],"relics":["MiniHakkero","DemoMod:NanoMachines","TungstenRod","StuffTheSpire:NeowsTribute","aspiration:HummingbirdHeart"],"acts_visited":["Exordium","TheCity"],"potions_floor_usage":[],"damage_taken":[{"damage":4.0,"enemies":"Cultist","floor":1.0,"turns":4.0},{"damage":1.0,"enemies":"2 Louse","floor":5.0,"turns":3.0},{"damage":27.0,"enemies":"Gremlin Nob","floor":7.0,"turns":4.0},{"damage":0.0,"enemies":"Jaw Worm","floor":14.0,"turns":4.0},{"damage":0.0,"enemies":"Lagavulin","floor":16.0,"turns":5.0},{"damage":22,"enemies":"Hexaghost","floor":18,"turns":9},{"damage":0,"enemies":"3 Byrds","floor":20,"turns":2}],"seed_played":"1283979304358865408","potions_obtained":[{"floor":13.0,"key":"Milkshake"},{"floor":13.0,"key":"Strength Potion"},{"floor":13.0,"key":"Toxic Potion"},{"floor":14.0,"key":"Block Potion"},{"floor":16.0,"key":"Strength Potion"}],"is_trial":false,"path_per_floor":["M","?","?","$","M","R","E","R","T","R","PTL","PTL","?","M","?","E","R","B",null,"M"],"character_chosen":"MARISA","items_purchased":["Orbital"],"campfire_rested":1,"item_purchase_floors":[4],"current_hp_per_floor":[71,71,71,71,70,70,43,65,65,65,65,65,65,65,65,65,65,43,75,75,75],"gold":204,"neow_bonus":"RANDOM_EVENT","is_daily":false,"chose_seed":false,"campfire_upgraded":3,"win_rate":0.0,"timestamp":1613601045,"path_taken":["M","?","?","$","M","R","E","R","T","R","PTL","PTL","?","?","?","E","R","BOSS","M"],"items_purchased_type":["Card"],"build_version":"2020-12-22","purchased_purges":0,"victory":false,"max_hp_per_floor":[75,75,75,75,75,75,75,75,75,75,75,75,75,75,75,75,75,75,75,75,75],"card_choices":[{"not_picked":["UnstableBomb","NonDirectionalLaser"],"picked":"DragonMeteor","floor":1.0},{"not_picked":["MeteoricShower","PulseMagic"],"picked":"ManaConvection","floor":5.0},{"not_picked":["IllusionStar","Robbery"],"picked":"OortCloud","floor":7.0},{"not_picked":["DC","AsteroidBelt"],"picked":"LuminesStrike","floor":14.0},{"not_picked":["Acceleration","6A"],"picked":"SuperPerseids","floor":16.0},{"not_picked":["UltimateShortwave","BlazingStar"],"picked":"StarDustReverie","floor":18}],"player_experience":357647,"relics_obtained":[{"floor":7.0,"key":"DemoMod:NanoMachines"},{"floor":9.0,"key":"TungstenRod"},{"floor":15.0,"key":"StuffTheSpire:NeowsTribute"},{"floor":16.0,"key":"aspiration:HummingbirdHeart"}],"event_choices":[{"cards_removed":["Defend_MRS"],"damage_healed":0.0,"max_hp_gain":0.0,"max_hp_loss":0.0,"gold_gain":0.0,"event_name":"The Cleric","player_choice":"Card Removal","floor":2.0,"gold_loss":50.0,"damage_taken":0.0},{"damage_healed":0.0,"max_hp_gain":0.0,"max_hp_loss":0.0,"gold_gain":0.0,"event_name":"Lab","player_choice":"Got Potions","floor":13.0,"gold_loss":0.0,"damage_taken":0.0}],"is_beta":false,"boss_relics":[{"not_picked":["Kintsugi","halation:Yufonium","halation:LoveArrow"]}],"items_purged_floors":[],"is_endless":false,"potions_floor_spawned":[14,16,18],"killed_by":"3 Byrds","ascension_level":0}}