{"host":"iv5atf0fne3n7zmv","time":1613604918,"event":{"mods":["BaseMod","Minty Spire (QoL Compilation)","StSLib"],"gold_per_floor":[113,124,139,139,157,157,186,186,186,186,186,186,30,40,40,136,136,151,25,42,42,71,71,99,99,99,114,140,153,153,153,153],"floor_reached":31,"language":"ENG","playtime":2152,"items_purged":["Strike_R"],"score":312,"play_id":"86e5388f-1f03-4bca-acb6-737bfb7c4a53","local_time":"20210217153518","is_ascension_mode":true,"campfire_choices":[{"data":"Reaper","floor":6,"key":"SMITH"},{"data":"Cleave","floor":8,"key":"SMITH"},{"data":"Rampage","floor":10,"key":"SMITH"},{"floor":15,"key":"REST"},{"floor":23,"key":"REST"},{"data":"Fire Breathing","floor":25,"key":"SMITH"}],"circlet_count":0,"master_deck":["Strike_R","Strike_R","Strike_R","Defend_R","Defend_R","Defend_R","Bash+1","Reaper+1","Clothesline","Armaments","Cleave+1","Flex+1","Rampage+1","Fire Breathing+1","Power Through","Juggernaut","Headbutt","Feed","Thunderclap","Intimidate+1","Reckless Charge","Anger","Warcry+1","Uppercut","Immolate","Body Slam+1","Ghostly","Ghostly","Ghostly","Ghostly","Ghostly"],"relics":["Burning Blood","Bottled Flame","Gremlin Horn","Runic Cube","Red Mask","The Courier","Frozen Egg 2","Blue Candle"],"acts_visited":["Exordium","TheCity"],"potions_floor_usage":[5,16,28,31,31],"damage_taken":[{"damage":5,"enemies":"2 Louse","floor":1,"turns":3},{"damage":0,"enemies":"Small Slimes","floor":2,"turns":3},{"damage":6,"enemies":"Cultist","floor":3,"turns":4},{"damage":5,"enemies":"2 Fungi Beasts","floor":5,"turns":3},{"damage":53,"enemies":"3 Sentries","floor":7,"turns":10},{"damage":15,"enemies":"Exordium Thugs","floor":14,"turns":3},{"damage":54,"enemies":"Hexaghost","floor":16,"turns":11},{"damage":29,"enemies":"Spheric Guardian","floor":18,"turns":5},{"damage":20,"enemies":"Chosen","floor":20,"turns":6},{"damage":47,"enemies":"Masked Bandits","floor":22,"turns":4},{"damage":21,"enemies":"Gremlin Leader","floor":24,"turns":6},{"damage":18,"enemies":"3 Cultists","floor":27,"turns":3},{"damage":45,"enemies":"Book of Stabbing","floor":28,"turns":6},{"damage":33,"enemies":"Snecko","floor":29,"turns":6},{"damage":9,"enemies":"Slavers","floor":31,"turns":1}],"seed_played":"9119416906712629548","potions_obtained":[{"floor":1,"key":"CultistPotion"},{"floor":2,"key":"SteroidPotion"},{"floor":14,"key":"AttackPotion"},{"floor":27,"key":"Explosive Potion"},{"floor":28,"key":"BloodPotion"}],"is_trial":false,"path_per_floor":["M","M","M","?","M","R","E","R","T","R","?","?","$","M","R","B",null,"M","$","M","?","?","R","E","R","T","M","E","M","?","E"],"character_chosen":"IRONCLAD","items_purchased":["Fire Breathing","Feed","Thunderclap"],"campfire_rested":2,"item_purchase_floors":[13,19,19],"current_hp_per_floor":[65,71,75,75,77,77,45,45,45,45,29,29,29,30,54,11,80,57,57,52,52,26,50,40,40,40,46,23,9,9,0,0],"gold":153,"neow_bonus":"THREE_RARE_CARDS","is_daily":false,"chose_seed":false,"campfire_upgraded":4,"win_rate":0.0,"timestamp":1613604918,"path_taken":["M","M","M","?","M","R","E","R","T","R","?","?","$","M","R","BOSS","M","?","M","?","?","R","E","R","T","M","E","?","?","E"],"items_purchased_type":["Card","Card","Card"],"build_version":"2020-12-22","purchased_purges":1,"victory":false,"max_hp_per_floor":[80,80,80,80,80,80,80,80,80,80,80,80,80,80,80,80,80,80,80,80,80,80,80,80,80,80,83,83,83,41,41,41],"card_choices":[{"not_picked":["Brutality","Impervious"],"picked":"Reaper","floor":0},{"not_picked":["Dual Wield","Sword Boomerang"],"picked":"Clothesline","floor":1},{"not_picked":["Havoc","Shrug It Off"],"picked":"Armaments","floor":2},{"not_picked":["True Grit","Sentinel"],"picked":"Cleave","floor":3},{"not_picked":["Ghostly Armor","Feel No Pain"],"picked":"Flex","floor":5},{"not_picked":["Armaments","Clash"],"picked":"Rampage","floor":7},{"not_picked":["Rage","Wild Strike"],"picked":"Power Through","floor":14},{"not_picked":["Immolate","Impervious"],"picked":"Juggernaut","floor":16},{"not_picked":["Havoc","Clothesline"],"picked":"Headbutt","floor":18},{"not_picked":["Power Through","Perfected Strike"],"picked":"Intimidate+1","floor":20},{"not_picked":["Warcry","Clash+1"],"picked":"Anger","floor":22},{"not_picked":["Body Slam","Intimidate"],"picked":"Warcry+1","floor":24},{"not_picked":["True Grit","Anger+1"],"picked":"Uppercut","floor":27},{"not_picked":["Headbutt","Body Slam"],"picked":"Immolate","floor":28},{"not_picked":["Pommel Strike","Fire Breathing+1"],"picked":"Body Slam+1","floor":29}],"player_experience":345882,"relics_obtained":[{"floor":7,"key":"Bottled Flame"},{"floor":9,"key":"Gremlin Horn"},{"floor":22,"key":"Red Mask"},{"floor":24,"key":"The Courier"},{"floor":26,"key":"Frozen Egg 2"},{"floor":28,"key":"Blue Candle"}],"event_choices":[{"cards_removed":["Strike_R"],"damage_healed":0,"gold_gain":0,"player_choice":"Forget","damage_taken":0,"max_hp_gain":0,"max_hp_loss":0,"event_name":"Living Wall","floor":4,"gold_loss":0},{"damage_healed":0,"gold_gain":0,"player_choice":"Entered Light","damage_taken":16,"max_hp_gain":0,"max_hp_loss":0,"event_name":"Shining Light","floor":11,"gold_loss":0,"cards_upgraded":["Bash","Flex"]},{"cards_removed":["Defend_R"],"damage_healed":0,"gold_gain":0,"player_choice":"Purged","damage_taken":0,"max_hp_gain":0,"max_hp_loss":0,"event_name":"Purifier","floor":12,"gold_loss":0},{"damage_healed":0,"gold_gain":0,"player_choice":"Read","damage_taken":0,"max_hp_gain":0,"max_hp_loss":0,"event_name":"The Library","floor":21,"gold_loss":0,"cards_obtained":["Reckless Charge"]},{"damage_healed":0,"gold_gain":0,"player_choice":"Fought Bandits","damage_taken":0,"max_hp_gain":0,"max_hp_loss":0,"event_name":"Masked Bandits","floor":22,"gold_loss":0},{"damage_healed":0,"gold_gain":0,"player_choice":"Became a Ghost","damage_taken":0,"max_hp_gain":0,"max_hp_loss":42,"event_name":"Ghosts","floor":30,"gold_loss":0,"cards_obtained":["Ghostly","Ghostly","Ghostly","Ghostly","Ghostly"]}],"is_beta":false,"boss_relics":[{"not_picked":["Snecko Eye","Empty Cage"],"picked":"Runic Cube"}],"items_purged_floors":[13],"is_endless":false,"potions_floor_spawned":[1,2,14,27,28],"killed_by":"Slavers","ascension_level":1}}