{"host":"r4aerl4ckfvw1dw3","time":1613529929,"event":{"mods":["BaseMod","BetterRewards","Minty Spire (QoL Compilation)","Quick Restart","StSLib"],"gold_per_floor":[112,129,129,129,66,99,99,130,130,141,141,60,71,85,85,180,180,195,210,135,153,167,194,46,46,46,83,83,83],"floor_reached":28,"language":"ENG","playtime":1251,"items_purged":["Strike_B"],"score":412,"play_id":"87c55ace-6496-4428-a8de-016154eb9758","local_time":"20210216184529","is_ascension_mode":true,"campfire_choices":[{"data":"Zap","floor":7.0,"key":"SMITH"},{"data":"Cold Snap","floor":11.0,"key":"SMITH"},{"data":"Doom and Gloom","floor":15.0,"key":"SMITH"},{"data":"Loop","floor":25,"key":"SMITH"}],"circlet_count":0,"master_deck":["Defend_B","Defend_B+1","Defend_B+1","Zap+1","Dualcast","Ball Lightning+1","Consume","Go for the Eyes","Gash","Cold Snap+1","Doom and Gloom+1","Beam Cell+1","Ball Lightning","Machine Learning","Creative AI+1","Consume+1","White Noise+1","Sweeping Beam+1","Compile Driver+1","Heatsinks","Leap","Loop+1","Defragment"],"relics":["Cracked Core","NeowsBlessing","MawBank","FossilizedHelix","Unceasing Top","Eternal Feather","Astrolabe","Centennial Puzzle","Whetstone","CeramicFish"],"acts_visited":["Exordium","TheCity"],"potions_floor_usage":[22,23,23,27,27],"damage_taken":[{"damage":0.0,"enemies":"Jaw Worm","floor":1.0,"turns":1.0},{"damage":0.0,"enemies":"Small Slimes","floor":2.0,"turns":1.0},{"damage":0.0,"enemies":"Lagavulin","floor":6.0,"turns":1.0},{"damage":14.0,"enemies":"3 Sentries","floor":8.0,"turns":6.0},{"damage":0.0,"enemies":"Cultist","floor":10.0,"turns":4.0},{"damage":0.0,"enemies":"Blue Slaver","floor":13.0,"turns":2.0},{"damage":6.0,"enemies":"Gremlin Gang","floor":14.0,"turns":3.0},{"damage":0.0,"enemies":"Slime Boss","floor":16.0,"turns":6.0},{"damage":11.0,"enemies":"2 Thieves","floor":18.0,"turns":3.0},{"damage":4.0,"enemies":"Chosen","floor":19.0,"turns":3.0},{"damage":17.0,"enemies":"Centurion and Healer","floor":21.0,"turns":7.0},{"damage":11,"enemies":"3 Cultists","floor":22,"turns":4},{"damage":8,"enemies":"Gremlin Leader","floor":23,"turns":4},{"damage":41,"enemies":"Book of Stabbing","floor":27,"turns":5},{"damage":12,"enemies":"Snake Plant","floor":28,"turns":2}],"seed_played":"-1212278309789039834","potions_obtained":[{"floor":10.0,"key":"PowerPotion"},{"floor":13.0,"key":"SteroidPotion"},{"floor":16.0,"key":"Ancient Potion"},{"floor":19.0,"key":"LiquidMemories"},{"floor":21.0,"key":"SkillPotion"},{"floor":22,"key":"LiquidBronze"}],"is_trial":false,"path_per_floor":["M","M","?","?","$","E","R","E","T","M","R","$","M","M","R","B",null,"M","M","?","M","M","E","$","R","T","E","M"],"character_chosen":"DEFECT","items_purchased":["Doom and Gloom","Loop","Regen Potion"],"campfire_rested":0,"item_purchase_floors":[12,24,24],"current_hp_per_floor":[75,75,60,60,60,60,60,46,46,46,52,52,52,46,55,55,75,64,60,60,43,32,24,24,36,36,9,0,0],"gold":83,"neow_bonus":"THREE_ENEMY_KILL","is_daily":false,"chose_seed":false,"campfire_upgraded":4,"win_rate":0.0,"timestamp":1613529929,"path_taken":["M","M","?","?","$","E","R","E","T","M","R","$","M","M","R","BOSS","M","M","?","M","M","E","$","R","T","E","M"],"items_purchased_type":["Card","Card","Potion"],"build_version":"2020-12-22","purchased_purges":1,"victory":false,"max_hp_per_floor":[75,75,75,75,75,75,75,75,75,75,75,75,75,75,75,75,75,75,75,75,75,75,75,75,75,75,75,75,75],"card_choices":[{"not_picked":["Barrage","Coolheaded"],"picked":"Ball Lightning","floor":1.0},{"not_picked":["Stack","Turbo"],"picked":"Consume","floor":2.0},{"not_picked":["Leap","Storm"],"picked":"Go for the Eyes","floor":6.0},{"not_picked":["Biased Cognition","Sunder"],"picked":"Gash","floor":8.0},{"not_picked":["Steam","Turbo"],"picked":"Cold Snap","floor":10.0},{"not_picked":["Compile Driver","Steam Power"],"picked":"Beam Cell","floor":13.0},{"not_picked":["Go for the Eyes","FTL"],"picked":"Ball Lightning","floor":14.0},{"not_picked":["Seek","Fission"],"picked":"Machine Learning","floor":16.0},{"not_picked":["Hello World+1","Go for the Eyes","Tempest"],"picked":"SKIP","floor":18.0},{"not_picked":["Stack","Redo"],"picked":"Sweeping Beam+1","floor":19.0},{"not_picked":["Auto Shields","Cold Snap"],"picked":"Compile Driver+1","floor":21.0},{"not_picked":["Coolheaded","Blizzard+1"],"picked":"Heatsinks","floor":22},{"not_picked":["Chaos+1","Beam Cell+1"],"picked":"Leap","floor":23},{"not_picked":["Turbo","Go for the Eyes"],"picked":"Defragment","floor":27}],"player_experience":611110,"relics_obtained":[{"floor":4.0,"key":"MawBank"},{"floor":6.0,"key":"FossilizedHelix"},{"floor":8.0,"key":"Unceasing Top"},{"floor":9.0,"key":"Eternal Feather"},{"floor":23,"key":"Centennial Puzzle"},{"floor":26,"key":"Whetstone"},{"floor":27,"key":"CeramicFish"}],"event_choices":[{"damage_healed":0.0,"max_hp_gain":0.0,"max_hp_loss":0.0,"gold_gain":0.0,"event_name":"Shining Light","player_choice":"Entered Light","floor":3.0,"gold_loss":0.0,"damage_taken":15.0,"cards_upgraded":["Defend_B","Defend_B"]},{"damage_healed":0.0,"max_hp_gain":0.0,"max_hp_loss":0.0,"gold_gain":0.0,"event_name":"Wheel of Change","player_choice":"Relic","floor":4.0,"gold_loss":0.0,"damage_taken":0.0},{"cards_removed":["Defend_B"],"damage_healed":0.0,"max_hp_gain":0.0,"max_hp_loss":0.0,"gold_gain":0.0,"event_name":"Beggar","player_choice":"Gave Gold","floor":20.0,"gold_loss":75.0,"damage_taken":0.0}],"is_beta":false,"boss_relics":[{"not_picked":["SacredBark","Runic Pyramid"],"picked":"Astrolabe"}],"items_purged_floors":[5],"is_endless":false,"potions_floor_spawned":[10,13,16,19,21,22],"killed_by":"Snake Plant","ascension_level":4}}