{"host":"fevvm7bbzuh4s1jc","time":1613605671,"event":{"mods":["BaseMod","Highlight Path","Minty Spire (QoL Compilation)","Relic Stats"],"gold_per_floor":[114,124,142,142,52,52,78,43,43,77,77,97,116,149,149,149,149],"floor_reached":16,"language":"ENG","playtime":604,"items_purged":[],"score":240,"play_id":"f3d878b0-510c-4e5d-8b34-f749654d2842","local_time":"20210217184751","is_ascension_mode":true,"campfire_choices":[{"data":"Skewer","floor":6.0,"key":"SMITH"},{"data":"Crippling Poison","floor":15,"key":"SMITH"}],"circlet_count":0,"master_deck":["AscendersBane","Strike_G","Strike_G","Strike_G","Strike_G","Strike_G","Defend_G","Defend_G","Defend_G","Defend_G","Defend_G","Survivor","Neutralize","Slice","Crippling Poison+1","Calculated Gamble","Skewer+1","Predator","Blur","Parasite","Deflect","Acrobatics","Footwork"],"relics":["Ring of the Snake","MealTicket","Eternal Feather","The Courier","InkBottle","Snake Skull","Ornamental Fan"],"acts_visited":["Exordium"],"potions_floor_usage":[14,14,16],"damage_taken":[{"damage":3.0,"enemies":"Cultist","floor":1.0,"turns":4.0},{"damage":1.0,"enemies":"Small Slimes","floor":2.0,"turns":4.0},{"damage":1.0,"enemies":"Jaw Worm","floor":3.0,"turns":6.0},{"damage":48,"enemies":"Lagavulin","floor":7,"turns":7},{"damage":33,"enemies":"3 Sentries","floor":10,"turns":10},{"damage":0,"enemies":"2 Fungi Beasts","floor":12,"turns":3},{"damage":0,"enemies":"Exordium Thugs","floor":13,"turns":4},{"damage":6,"enemies":"Lagavulin","floor":14,"turns":4},{"damage":27,"enemies":"Hexaghost","floor":16,"turns":9}],"seed_played":"-1103030699003457212","potions_obtained":[{"floor":10,"key":"SpeedPotion"},{"floor":12,"key":"AttackPotion"},{"floor":13,"key":"Block Potion"},{"floor":14,"key":"Energy Potion"}],"is_trial":false,"path_per_floor":["M","M","M","?","$","R","E","?","T","E","?","M","M","E","R","B"],"character_chosen":"THE_SILENT","items_purchased":["Skewer"],"campfire_rested":0,"item_purchase_floors":[5],"current_hp_per_floor":[56,55,54,49,64,66,18,34,34,1,17,17,17,11,23,0,0],"gold":149,"neow_bonus":"RANDOM_COMMON_RELIC","is_daily":false,"chose_seed":false,"campfire_upgraded":2,"win_rate":0.0,"timestamp":1613605671,"path_taken":["M","M","M","?","$","R","E","?","T","E","?","M","M","E","R","BOSS"],"items_purchased_type":["Card"],"build_version":"2020-12-22","purchased_purges":0,"victory":false,"max_hp_per_floor":[66,66,66,66,66,66,66,66,66,66,66,66,66,66,66,66,66],"relic_stats":{"counters":[9,51],"Ornamental Fan":[4],"MealTicket":15,"Eternal Feather":14,"Snake Skull":[3],"obtain_stats":[{"Ornamental Fan":14,"MealTicket":0,"Eternal Feather":4,"The Courier":7,"Snake Skull":10,"InkBottle":9,"Ring of the Snake":0},{"Ornamental Fan":8,"MealTicket":0,"Eternal Feather":3,"The Courier":4,"Snake Skull":5,"InkBottle":4,"Ring of the Snake":0},{"Ornamental Fan":42,"MealTicket":0,"Eternal Feather":14,"The Courier":21,"Snake Skull":31,"InkBottle":21,"Ring of the Snake":0}],"InkBottle":[8],"Ring of the Snake":[18]},"card_choices":[{"not_picked":["Outmaneuver","Bane"],"picked":"Slice","floor":1.0},{"not_picked":["Cloak And Dagger","Infinite Blades"],"picked":"Crippling Poison","floor":2.0},{"not_picked":["Heel Hook","Bane"],"picked":"Calculated Gamble","floor":3.0},{"not_picked":["Accuracy","Quick Slash"],"picked":"Predator","floor":7},{"not_picked":["Catalyst","Bouncing Flask"],"picked":"Blur","floor":10},{"not_picked":["Setup","Dagger Spray"],"picked":"Deflect","floor":12},{"not_picked":["Tactician","Dodge and Roll"],"picked":"Acrobatics","floor":13},{"not_picked":["Predator","Tools of the Trade"],"picked":"Footwork","floor":14}],"player_experience":2839524,"relics_obtained":[{"floor":7,"key":"The Courier"},{"floor":9,"key":"InkBottle"},{"floor":10,"key":"Snake Skull"},{"floor":14,"key":"Ornamental Fan"}],"event_choices":[{"damage_healed":0.0,"max_hp_gain":0.0,"max_hp_loss":0.0,"gold_gain":0.0,"event_name":"Scrap Ooze","player_choice":"Success","floor":4.0,"gold_loss":0.0,"damage_taken":5.0,"relics_obtained":["Eternal Feather"]},{"damage_healed":16,"gold_gain":0,"player_choice":"Healed","damage_taken":0,"max_hp_gain":0,"max_hp_loss":0,"event_name":"The Cleric","floor":8,"gold_loss":35},{"damage_healed":16,"gold_gain":0,"player_choice":"Healed and dodged fight","damage_taken":0,"max_hp_gain":0,"max_hp_loss":0,"event_name":"Mushrooms","floor":11,"gold_loss":0,"cards_obtained":["Parasite"]}],"is_beta":false,"boss_relics":[],"items_purged_floors":[],"is_endless":false,"potions_floor_spawned":[10,12,13,14],"killed_by":"Hexaghost","ascension_level":20}}