{"host":"y080dcqw8fj32q7d","time":1613574515,"event":{"mods":["AchievementEnabler","BaseMod","Colored Map","Colored Powertips","DeckTracker","Minty Spire (QoL Compilation)","Relic Sorter"],"gold_per_floor":[109,59,59,59,134,134,146,146,146,192,221,234,234,69,69,166,166,184,196,121,121,21,21,47,47,72,72,107,107,107,107],"floor_reached":30,"language":"ENG","playtime":1230,"items_purged":["Strike_R","Defend_R"],"score":299,"play_id":"a1656a6c-26a7-48b7-a9c5-da4f95bbcd7f","local_time":"20210217180835","is_ascension_mode":true,"campfire_choices":[{"floor":6.0,"key":"REST"},{"floor":8.0,"key":"REST"},{"data":"Apotheosis","floor":15.0,"key":"SMITH"},{"floor":23.0,"key":"REST"},{"floor":25,"key":"REST"},{"floor":27,"key":"REST"}],"circlet_count":0,"master_deck":["Strike_R","Strike_R","Strike_R","Defend_R","Defend_R","Bash","Demon Form","Spot Weakness+1","Inflame","Headbutt","Apotheosis+1","Demon Form","Fire Breathing","Seeing Red","Shame"],"relics":["Burning Blood","Juzu Bracelet","Singing Bowl","Bronze Scales","Ancient Tea Set","Velvet Choker","Art of War","Strawberry","Lantern","Oddly Smooth Stone","Centennial Puzzle"],"acts_visited":[],"potions_floor_usage":[24,28],"damage_taken":[{"damage":5.0,"enemies":"2 Louse","floor":1.0,"turns":5.0},{"damage":4.0,"enemies":"Small Slimes","floor":7.0,"turns":4.0},{"damage":13.0,"enemies":"Lagavulin","floor":11.0,"turns":6.0},{"damage":7.0,"enemies":"Jaw Worm","floor":12.0,"turns":4.0},{"damage":19.0,"enemies":"The Guardian","floor":16.0,"turns":12.0},{"damage":27.0,"enemies":"2 Thieves","floor":18.0,"turns":4.0},{"damage":23.0,"enemies":"Spheric Guardian","floor":19.0,"turns":4.0},{"damage":62,"enemies":"Slavers","floor":24,"turns":5},{"damage":62,"enemies":"Gremlin Leader","floor":28,"turns":6},{"damage":26,"enemies":"Book of Stabbing","floor":30,"turns":2}],"seed_played":"-6216533376085141130","potions_obtained":[{"floor":1.0,"key":"HeartOfIron"},{"floor":7.0,"key":"ColorlessPotion"},{"floor":12.0,"key":"SteroidPotion"},{"floor":16.0,"key":"BlessingOfTheForge"},{"floor":18.0,"key":"Strength Potion"},{"floor":24,"key":"Fire Potion"}],"is_trial":false,"path_per_floor":["M","?","?","?","?","R","M","R","T","T","E","M","?","$","R","B",null,"M","M","$","?","$","R","E","R","T","R","E","?","E"],"character_chosen":"IRONCLAD","items_purchased":["Apotheosis"],"campfire_rested":5,"item_purchase_floors":[14],"current_hp_per_floor":[57,57,50,43,32,56,58,80,80,80,73,72,72,72,72,59,80,59,42,42,42,42,66,19,45,45,71,17,17,0,0],"gold":107,"neow_bonus":"THREE_RARE_CARDS","is_daily":false,"chose_seed":false,"campfire_upgraded":1,"win_rate":0.0,"timestamp":1613574515,"path_taken":["M","?","?","?","?","R","M","R","T","?","E","M","?","?","R","BOSS","M","M","?","?","$","R","E","R","T","R","E","?","E"],"items_purchased_type":["Card"],"build_version":"2020-12-22","purchased_purges":2,"victory":false,"max_hp_per_floor":[80,80,80,80,80,80,80,80,80,80,80,80,80,80,80,80,80,80,80,80,80,80,80,89,89,89,89,91,91,91,91],"card_choices":[{"not_picked":["Barricade","Brutality"],"picked":"Demon Form","floor":0.0},{"not_picked":["Disarm","True Grit","Anger"],"picked":"SKIP","floor":1.0},{"not_picked":["Rupture","Clothesline"],"picked":"Spot Weakness","floor":7.0},{"not_picked":["Heavy Blade","Hemokinesis"],"picked":"Inflame","floor":11.0},{"not_picked":["Sword Boomerang","Thunderclap"],"picked":"Headbutt","floor":12.0},{"not_picked":["Barricade","Fiend Fire"],"picked":"Demon Form","floor":16.0},{"not_picked":["Carnage","Cleave"],"picked":"Fire Breathing","floor":18.0},{"not_picked":["Thunderclap","Havoc"],"picked":"Seeing Red","floor":19.0},{"not_picked":["Battle Trance","Burning Pact","Perfected Strike"],"picked":"Singing Bowl","floor":24},{"not_picked":["Demon Form","Twin Strike","Flame Barrier"],"picked":"Singing Bowl","floor":28}],"player_experience":322802,"relics_obtained":[{"floor":9.0,"key":"Singing Bowl"},{"floor":10.0,"key":"Bronze Scales"},{"floor":11.0,"key":"Ancient Tea Set"},{"floor":24,"key":"Strawberry"},{"floor":26,"key":"Lantern"},{"floor":28,"key":"Oddly Smooth Stone"}],"event_choices":[{"cards_removed":["Strike_R"],"damage_healed":0.0,"max_hp_gain":0.0,"max_hp_loss":0.0,"gold_gain":0.0,"event_name":"The Cleric","player_choice":"Card Removal","floor":2.0,"gold_loss":50.0,"damage_taken":0.0},{"cards_removed":["Defend_R"],"damage_healed":0.0,"max_hp_gain":0.0,"max_hp_loss":0.0,"gold_gain":0.0,"event_name":"Golden Wing","player_choice":"Card Removal","floor":3.0,"gold_loss":0.0,"damage_taken":7.0},{"damage_healed":0.0,"max_hp_gain":0.0,"max_hp_loss":0.0,"gold_gain":0.0,"event_name":"Scrap Ooze","player_choice":"Success","floor":4.0,"gold_loss":0.0,"damage_taken":7.0,"relics_obtained":["Juzu Bracelet"]},{"damage_healed":0.0,"max_hp_gain":0.0,"max_hp_loss":0.0,"gold_gain":75.0,"event_name":"World of Goop","player_choice":"Gather Gold","floor":5.0,"gold_loss":0.0,"damage_taken":11.0},{"damage_healed":0.0,"max_hp_gain":0.0,"max_hp_loss":0.0,"gold_gain":0.0,"event_name":"Accursed Blacksmith","player_choice":"Forge","floor":13.0,"gold_loss":0.0,"damage_taken":0.0,"cards_upgraded":["Spot Weakness"]},{"damage_healed":0.0,"max_hp_gain":0.0,"max_hp_loss":0.0,"gold_gain":0.0,"event_name":"Addict","player_choice":"Stole Relic","floor":21.0,"gold_loss":0.0,"damage_taken":0.0,"relics_obtained":["Art of War"],"cards_obtained":["Shame"]},{"damage_healed":0,"gold_gain":0,"player_choice":"Opened","damage_taken":0,"relics_obtained":["Centennial Puzzle"],"max_hp_gain":0,"max_hp_loss":0,"event_name":"The Mausoleum","floor":29,"gold_loss":0}],"is_beta":false,"boss_relics":[{"not_picked":["Snecko Eye","SacredBark"],"picked":"Velvet Choker"}],"items_purged_floors":[20,22],"is_endless":false,"potions_floor_spawned":[1,7,12,16,18,24],"killed_by":"Book of Stabbing","ascension_level":3}}