{"host":"ln8zowmpyx5bxamj","time":1613553114,"event":{"mods":["Act Like it!","BaseMod","Colored Map","Conspire","Gensokyo","GifTheSpireLib","Hallownest","Hubris","Minty Spire (QoL Compilation)","Permanent Neow","Prisma Mod","Replay The Spire","StSLib","Yuyuko"],"gold_per_floor":[10,28,28,28,28,60,85,113,113,126,153,167,167,185,185,290,290,307,307,61,76,76,76,110,123,191,448,479,479,479,547,547,646,646,659,674,691,851,418,444,455,455,503,535,554,554,582,582,582,582,582],"floor_reached":50,"language":"ENG","playtime":7022,"items_purged":["Shame"],"score":786,"play_id":"e18a7f78-c70f-4b67-b8f0-f41656ef8339","local_time":"20210217031154","is_ascension_mode":true,"campfire_choices":[{"data":"Mini Ghostdom","floor":13,"key":"SMITH"},{"data":"Gauzy Sakura","floor":15,"key":"SMITH"},{"data":"Faramita\u0027s Temptation","floor":23,"key":"SMITH"},{"data":"Spear of Papilio","floor":29,"key":"SMITH"},{"data":"The Way to Death","floor":32,"key":"SMITH"},{"floor":42,"key":"REST"}],"circlet_count":0,"master_deck":["Fantasy Butterflies+1","Fantasy Butterflies+1","Fantasy Butterflies+1","Fantasy Butterflies+1","Fantasy Butterflies+1","Dreamy Sakura+1","Dreamy Sakura+1","Dreamy Sakura","Dreamy Sakura+1","Dreamy Sakura","Deathly Ground","Faramita\u0027s Temptation+1","Spear of Papilio+1","Mini Ghostdom+1","conspire:Banana","Dancing Soul+1","Butterflies Rainbow","Gauzy Sakura+1","The Way to Death+1","Sweet of Phantom","Dying Dream+1","AbeCurse","Song of Papilio+1","Phantom Gift","Phantom Gift+1","Unknown Petal+1","Hallownest:pwrSporeShroom","Ghostdom Sakura+1","Past Graveyard","Immigrant Phantom+1","Postpone Bloom","Ghost Spot","The Forgotten Winter","Gone+1","Full Moon+1","Nihility+1"],"relics":["Coronal","Yuyuko\u0027s fan","Incense Burner","HornCleat","Letter Opener","Molten Egg 2","MealTicket","War Paint","hubris:CuriousFeather","Abe\u0027s Treasure","WarpedTongs","ReplayTheSpireMod:Ninjato","Red Mask","Art of War","Replay:Bottled Flurry","Replay:Bottled Eggs","conspire:SlowCooker","Hallownest:GodTamersBeastRelic","Vajra","Question Card","Juzu Bracelet","hubris:ToyBattleship","Trap Lamp"],"acts_visited":["Exordium","Hallownest:Greenpath","Hallownest:CityofTears"],"potions_floor_usage":[11,11,18,31,33,38,38,50,50],"damage_taken":[{"damage":17,"enemies":"Hallownest:2_Baldur","floor":1,"turns":3},{"damage":30,"enemies":"Hallownest:2_Tiktiks_and_1_Crawlid","floor":2,"turns":4},{"damage":13,"enemies":"Hallownest:eliteCrystalGuardian","floor":6,"turns":6},{"damage":13,"enemies":"Hallownest:eliteVengeflyKing","floor":8,"turns":7},{"damage":5,"enemies":"2_ Uuma","floor":10,"turns":4},{"damage":6,"enemies":"Hallownest:eliteCrystalGuardian","floor":11,"turns":5},{"damage":10,"enemies":"Hallownest:monsterFoolEater","floor":12,"turns":4},{"damage":26,"enemies":"Hallownest:1_Ooma_and_2_Uuma","floor":14,"turns":5},{"damage":26,"enemies":"Hallownest:BossFalseKnight","floor":16,"turns":10},{"damage":30,"enemies":"Hallownest:Guard_and_Sentry","floor":18,"turns":5},{"damage":6,"enemies":"Hallownest:2_Mistakes","floor":21,"turns":6},{"damage":9,"enemies":"Hallownest:Nosk","floor":24,"turns":7},{"damage":27,"enemies":"Hallownest:monsterShrumalOgre","floor":25,"turns":5},{"damage":37,"enemies":"Hallownest:eliteWatcherKnight","floor":28,"turns":11},{"damage":16,"enemies":"Hallownest:Glutton_and_Coward","floor":31,"turns":4},{"damage":46,"enemies":"Hallownest:BossMantisLord","floor":33,"turns":6},{"damage":46,"enemies":"Hallownest:3_Siblings","floor":35,"turns":7},{"damage":47,"enemies":"Hallownest:Shield_Heavy","floor":36,"turns":6},{"damage":30,"enemies":"Hallownest:2_Wing_and_1_Kings","floor":37,"turns":5},{"damage":22,"enemies":"Hallownest:2_Wing_and_1_Kings","floor":38,"turns":5},{"damage":40,"enemies":"Hallownest:2_Wing_and_1_Kings","floor":38,"turns":5},{"damage":81,"enemies":"Hallownest:2_Wing_and_1_Kings","floor":38,"turns":6},{"damage":2,"enemies":"Hallownest:2_Wing_and_1_Kings","floor":38,"turns":2},{"damage":27,"enemies":"Hallownest:StalkingDevout","floor":40,"turns":6},{"damage":69,"enemies":"Hallownest:monsterPrimalAspid","floor":41,"turns":5},{"damage":45,"enemies":"Hallownest:eliteHiveKnight","floor":44,"turns":8},{"damage":32,"enemies":"Hallownest:2_Wandering_and_1_Horned","floor":45,"turns":6},{"damage":31,"enemies":"Hallownest:eliteCollector","floor":47,"turns":7},{"damage":88,"enemies":"Hallownest:BossHollowKnight","floor":50,"turns":5}],"seed_played":"-6335345217217332562","potions_obtained":[{"floor":8,"key":"Adrenaline Potion"},{"floor":10,"key":"GamblersBrew"},{"floor":16,"key":"PowerPotion"},{"floor":24,"key":"LiquidBronze"},{"floor":25,"key":"Firefly"},{"floor":28,"key":"Strength Potion"},{"floor":37,"key":"Languid Potion"},{"floor":41,"key":"FearPotion"},{"floor":45,"key":"SmokeBomb"},{"floor":47,"key":"Swift Potion"}],"is_trial":false,"path_per_floor":["M","M","?","?","?","E","T","E","T","M","E","M","R","M","R_BF","B",null,"M","?","$","M","?","R","E","M","T","?","E","R","?","M","R","B",null,"M","M","M","?","$","E","M","R","T","E","M","?","E","?","R_BF","B"],"character_chosen":"YUYOKO","items_purchased":["ReplayTheSpireMod:Ninjato","Vajra","Postpone Bloom","Ghost Spot"],"campfire_rested":1,"item_purchase_floors":[20,39,39,39],"current_hp_per_floor":[32,20,20,10,10,32,32,35,35,42,39,37,37,35,35,46,47,31,31,46,44,44,44,50,39,39,39,43,43,39,52,52,51,57,52,32,22,34,49,58,10,29,29,47,45,60,52,52,69,0,0],"gold":582,"neow_bonus":"ONE_RARE_RELIC","is_daily":false,"chose_seed":false,"campfire_upgraded":5,"win_rate":0.0,"timestamp":1613553114,"path_taken":["M","M","?","?","?","E","?","E","T","?","E","M","R","M","R_BF","BOSS","M","?","$","M","?","R","E","M","T","?","E","R","?","M","R","BOSS","M","M","?","?","$","E","M","R","T","E","M","?","E","?","R_BF","BOSS"],"items_purchased_type":["Relic","Relic","Card","Card"],"build_version":"2020-12-22","purchased_purges":1,"victory":false,"max_hp_per_floor":[40,40,40,40,40,41,41,42,42,43,44,45,45,46,46,47,47,48,48,48,50,50,50,51,53,53,53,54,54,54,56,56,57,57,59,60,61,64,64,65,66,66,66,67,68,68,69,69,69,70,70],"card_choices":[{"not_picked":["Fondling of Papilio","End of Faramita"],"picked":"Spear of Papilio","floor":1},{"not_picked":["Elegance","Final of Final"],"picked":"Mini Ghostdom","floor":2},{"not_picked":["Flash of Steel","Survey Options"],"picked":"conspire:Banana","floor":5},{"not_picked":["Chase The Sukhavati","Unpaved Way"],"picked":"Dancing Soul","floor":5},{"not_picked":["Unstable Ward","The Nether+1"],"picked":"Butterflies Rainbow","floor":6},{"not_picked":["Trap Lamp","Butterflies Rainbow","Reverse The Screen"],"picked":"SKIP","floor":8},{"not_picked":["The Forgotten Winter","Dying Butterflies"],"picked":"Gauzy Sakura","floor":10},{"not_picked":["Sakura Ward","Bloom"],"picked":"The Way to Death","floor":11},{"not_picked":["Steamed Phantom","All Wander","Dying Sakura"],"picked":"SKIP","floor":12},{"not_picked":["Elegance","The Nether+1"],"picked":"Sweet of Phantom","floor":14},{"not_picked":["Revive The Butterflies","Mirror of Mind"],"picked":"Dying Dream+1","floor":16},{"not_picked":["Gauzy Sakura+1","Fondling of Papilio"],"picked":"Song of Papilio+1","floor":18},{"not_picked":["Sweet of Phantom","Steamed Phantom"],"picked":"Phantom Gift","floor":21},{"not_picked":["Bloom","Supernatural Nether"],"picked":"Phantom Gift+1","floor":24},{"not_picked":["City of Death","Redemption of Death+1","Linger over Flower+1"],"picked":"SKIP","floor":25},{"not_picked":["Snow","Bloom"],"picked":"Unknown Petal+1","floor":28},{"not_picked":["Remain Here","Gone+1"],"picked":"Ghostdom Sakura+1","floor":31},{"not_picked":["Mirror of Mind","Reunion after Death"],"picked":"Past Graveyard","floor":33},{"not_picked":["Unborn Light+1","All Wander"],"picked":"Immigrant Phantom+1","floor":35},{"not_picked":["Butterflies in Dream+1","Bomb+1","Linger over Flower+1"],"picked":"SKIP","floor":36},{"not_picked":["Bloom","Steamed Phantom","Butterflies Rainbow+1"],"picked":"SKIP","floor":37},{"not_picked":["Unreal","Elegance"],"picked":"The Forgotten Winter","floor":40},{"not_picked":["Linger over Flower+1","Dying Sakura","City of Death+1"],"picked":"Gone+1","floor":41},{"not_picked":["Spear of Papilio+1","Dancing Soul+1","Redemption of Death+1"],"picked":"Full Moon+1","floor":44},{"not_picked":["Sakura Ward+1","Final of Final+1","Butterflies in Dream","Fondling of Papilio"],"picked":"SKIP","floor":45},{"not_picked":["Chase The Sukhavati","Mini Ghostdom+1","Become Phantom+1"],"picked":"Nihility+1","floor":47}],"player_experience":495414,"relics_obtained":[{"floor":6,"key":"Molten Egg 2"},{"floor":7,"key":"MealTicket"},{"floor":8,"key":"War Paint"},{"floor":9,"key":"hubris:CuriousFeather"},{"floor":11,"key":"Replay:Mystery Machine"},{"floor":24,"key":"Art of War"},{"floor":26,"key":"Replay:Bottled Flurry"},{"floor":28,"key":"Replay:Bottled Eggs"},{"floor":40,"key":"Question Card"},{"floor":43,"key":"Juzu Bracelet"},{"floor":44,"key":"hubris:ToyBattleship"},{"floor":47,"key":"Trap Lamp"}],"event_choices":[],"is_beta":false,"boss_relics":[{"not_picked":["Snecko Eye","hubris:RunicObelisk"],"picked":"Abe\u0027s Treasure"},{"not_picked":["Kintsugi","hubris:Stopwatch"],"picked":"conspire:SlowCooker"}],"items_purged_floors":[39],"is_endless":false,"potions_floor_spawned":[8,10,16,24,25,28,37,38,38,38,41,45,47],"killed_by":"Hallownest:BossHollowKnight","ascension_level":2}}