{"host":"0cm5wy4nhuju7tij","time":1613525547,"event":{"mods":["100% Spire Juice","2.2 Compatiblity","AchievementEnabler","Aspiration","BaseMod","Better Third Choice","BetterRewards","CCEM2","CapriCore","Colored Powertips","Curses Come First","Displayed Cursed Tome","Downfall","Energized Spire","Evolution","Filter the Spire","Fireblade Mod","Highlight Path","Jess\u0027s Bottle","Minty Spire (QoL Compilation)","Permanent Neow","Poor People Problems","Relic Filter Mod","Relic Stats","Shapeshifter Mod","Shop Mod","Spicy Shops","StSLib","The Cursed","The Servant 0.9.4","TheSurvivalist","TheVacant","Weighted Paths"],"gold_per_floor":[117,136,151,151,151,185,185,185,253,273,273,286,58,83,83,185,185,203,214,214,65,82,82,82],"floor_reached":23,"language":"ENG","playtime":1578,"items_purged":[],"score":201,"play_id":"483bd191-8fd1-43e0-9ced-aad44de8f72f","local_time":"20210216203227","is_ascension_mode":false,"campfire_choices":[{"floor":8,"key":"REST"},{"floor":11,"key":"REST"},{"floor":15,"key":"REST"}],"circlet_count":0,"master_deck":["StSShapeShifter:ShapeShifter_Strike+1","StSShapeShifter:ShapeShifter_Strike","StSShapeShifter:ShapeShifter_Strike","StSShapeShifter:ShapeShifter_Strike+1","StSShapeShifter:ShapeShifter_Strike","StSShapeShifter:ShapeShifter_Defend","StSShapeShifter:ShapeShifter_Defend","StSShapeShifter:ShapeShifter_Defend","StSShapeShifter:ShapeShifter_Defend","StSShapeShifter:ShapeShifter_Defend","StSShapeShifter:RockSlide","StSShapeShifter:Roar","StSShapeShifter:AdaptiveStrikes","StSShapeShifter:StormGryphonForm","StSShapeShifter:WolfsBane","StSShapeShifter:UnicornForm","StSShapeShifter:AdaptiveStrikes","StSShapeShifter:MonkeyForm","StSShapeShifter:IntimidatingAura+1","StSShapeShifter:Ensconce+1","StSShapeShifter:Summer+1","StSShapeShifter:Guard","StSShapeShifter:MonkeyForm","StSShapeShifter:IntimidatingAura+1","StSShapeShifter:RockSlide+1","Anger+1","StSShapeShifter:ReplenishingNectar"],"relics":["StSShapeShifter:AnimalHeart","StSShapeShifter:TheShapeShiftersMagnolia","EVO:Axolotl","Bird Faced Urn","StSShapeShifter:AlchemistsNecklace","Frozen Egg 2","Vajra","Sundial","Nloth\u0027s Gift","Orrery"],"acts_visited":["Exordium","TheCity"],"potions_floor_usage":[23,23,23],"damage_taken":[{"damage":5,"enemies":"Small Slimes","floor":1,"turns":4},{"damage":0,"enemies":"2 Louse","floor":2,"turns":2},{"damage":1,"enemies":"Jaw Worm","floor":3,"turns":5},{"damage":37,"enemies":"Lagavulin","floor":6,"turns":7},{"damage":5,"enemies":"Exordium Wildlife","floor":10,"turns":4},{"damage":15,"enemies":"Exordium Thugs","floor":12,"turns":4},{"damage":32,"enemies":"Gremlin Nob","floor":14,"turns":4},{"damage":25,"enemies":"Slime Boss","floor":16,"turns":8},{"damage":18,"enemies":"Chosen","floor":18,"turns":7},{"damage":20,"enemies":"3 Byrds","floor":19,"turns":5},{"damage":47,"enemies":"Centurion and Healer","floor":22,"turns":9},{"damage":51,"enemies":"Slavers","floor":23,"turns":3}],"seed_played":"-7865656183206471456","potions_obtained":[{"floor":3,"key":"FairyPotion"},{"floor":10,"key":"ColorlessPotion"},{"floor":12,"key":"bronze:BurnAndBuffPotion"},{"floor":16,"key":"EntropicBrew"}],"is_trial":false,"path_per_floor":["M","M","M","?","?","E","?","R","T","M","R","M","$","E","R","B",null,"M","M","?","$","M","E"],"character_chosen":"SHAPESHIFTER","items_purchased":["StSShapeShifter:IntimidatingAura+1","Vajra","Orrery"],"campfire_rested":3,"item_purchase_floors":[13,13,21],"current_hp_per_floor":[66,66,65,58,44,7,7,28,28,25,46,33,33,5,26,7,71,61,49,49,49,12,0,0],"gold":82,"neow_bonus":"ONE_RARE_RELIC","is_daily":false,"chose_seed":false,"campfire_upgraded":0,"win_rate":0.0,"timestamp":1613525547,"path_taken":["M","M","M","?","?","E","?","R","T","M","R","M","?","E","R","BOSS","M","M","?","$","M","E"],"items_purchased_type":["Card","Relic","Relic"],"build_version":"2020-12-22","purchased_purges":0,"victory":false,"max_hp_per_floor":[71,71,71,71,71,71,71,71,71,71,71,71,71,71,71,71,71,71,71,71,71,71,71,71],"relic_stats":{"counters":[12,62],"Sundial":[2],"Bird Faced Urn":[38],"Nloth\u0027s Gift":0,"obtain_stats":[{"StSShapeShifter:TheShapeShiftersMagnolia":0,"StSShapeShifter:AnimalHeart":0,"Sundial":14,"Bird Faced Urn":0,"Vajra":13,"Orrery":21,"Nloth\u0027s Gift":20,"EVO:Axolotl":0,"Frozen Egg 2":9,"aspiration:IroncladSkillbook":17,"StSShapeShifter:AlchemistsNecklace":6},{"StSShapeShifter:TheShapeShiftersMagnolia":0,"StSShapeShifter:AnimalHeart":0,"Sundial":7,"Bird Faced Urn":0,"Vajra":6,"Orrery":10,"Nloth\u0027s Gift":10,"EVO:Axolotl":0,"Frozen Egg 2":4,"aspiration:IroncladSkillbook":8,"StSShapeShifter:AlchemistsNecklace":4},{"StSShapeShifter:TheShapeShiftersMagnolia":0,"StSShapeShifter:AnimalHeart":0,"Sundial":30,"Bird Faced Urn":0,"Vajra":26,"Orrery":50,"Nloth\u0027s Gift":50,"EVO:Axolotl":0,"Frozen Egg 2":18,"aspiration:IroncladSkillbook":38,"StSShapeShifter:AlchemistsNecklace":18}]},"card_choices":[{"not_picked":["StSShapeShifter:DeerForm","StSShapeShifter:OpportuneSwoop"],"picked":"StSShapeShifter:RockSlide","floor":1},{"not_picked":["StSShapeShifter:EagleForm","StSShapeShifter:SunflowerShuriken"],"picked":"StSShapeShifter:Roar","floor":2},{"not_picked":["StSShapeShifter:FallingLeaves","StSShapeShifter:BladeOfGrass"],"picked":"StSShapeShifter:AdaptiveStrikes","floor":3},{"not_picked":["StSShapeShifter:FoxForm","StSShapeShifter:FlamingoForm"],"picked":"StSShapeShifter:WolfsBane","floor":6},{"not_picked":["StSShapeShifter:Efflorescence","StSShapeShifter:CosmicShifter+1"],"picked":"StSShapeShifter:AdaptiveStrikes","floor":10},{"not_picked":["StSShapeShifter:FallingLeaves","StSShapeShifter:FlowerShield"],"picked":"StSShapeShifter:MonkeyForm","floor":12},{"not_picked":["StSShapeShifter:Flourish","StSShapeShifter:RatForm"],"picked":"StSShapeShifter:Ensconce+1","floor":14},{"not_picked":["StSShapeShifter:BurrBomb","StSShapeShifter:Flood"],"picked":"StSShapeShifter:Summer+1","floor":16},{"not_picked":["Infernal Blade","Power Through","Pummel"],"picked":"StSShapeShifter:Guard","floor":18},{"not_picked":["Dual Wield","Clothesline","Body Slam"],"picked":"StSShapeShifter:MonkeyForm","floor":19},{"not_picked":["StSShapeShifter:DeerForm+1","Iron Wave+1"],"picked":"StSShapeShifter:IntimidatingAura+1","floor":21},{"not_picked":["Thunderclap","StSShapeShifter:ClimbTree"],"picked":"StSShapeShifter:RockSlide+1","floor":21},{"not_picked":["Body Slam","Evolve+1"],"picked":"Anger+1","floor":21},{"not_picked":["StSShapeShifter:GoldenBerries","Wild Strike+1"],"picked":"StSShapeShifter:ReplenishingNectar","floor":22}],"player_experience":434149,"relics_obtained":[{"floor":6,"key":"StSShapeShifter:AlchemistsNecklace"},{"floor":9,"key":"Frozen Egg 2"},{"floor":14,"key":"Sundial"}],"event_choices":[{"damage_healed":58,"gold_gain":0,"player_choice":"Upgrade","damage_taken":14,"max_hp_gain":0,"max_hp_loss":71,"event_name":"betterThird:BetterShining","floor":5,"gold_loss":0,"cards_upgraded":["StSShapeShifter:ShapeShifter_Strike","StSShapeShifter:ShapeShifter_Strike"]},{"damage_healed":0,"gold_gain":0,"player_choice":"Traded Relic","damage_taken":0,"relics_obtained":["Nloth\u0027s Gift"],"max_hp_gain":0,"max_hp_loss":0,"event_name":"N\u0027loth","floor":20,"relics_lost":["aspiration:IroncladSkillbook"],"gold_loss":0}],"is_beta":false,"boss_relics":[{"not_picked":["Astrolabe","energizedSpire:HugeHouse"],"picked":"aspiration:IroncladSkillbook"}],"items_purged_floors":[],"is_endless":false,"potions_floor_spawned":[3,10,12,14,16,18],"killed_by":"Slavers","ascension_level":0}}