{"host":"79p0n9jgvmu4oxs9","time":1613561224,"event":{"mods":["AchievementEnabler","Act Like it!","BaseMod","Colored Map","Downfall","Friendly Minions","GifTheSpireLib","Hermit","Minty Spire (QoL Compilation)","Potionbrewer","Rare Cards Sparkle","Reliquary","StSLib"],"gold_per_floor":[99,117,132,132,142,197,197,211,111,122,122,132,232,246,259,359,359,359,368,377,405,405,405,405,418,446,446,475,516,416,431,441,553,553,553,99,123,123,123,142,142,154,205,205,221,221,221,256,270,270,270,270],"floor_reached":50,"language":"ENG","playtime":2500,"items_purged":["bronze:Defend"],"score":581,"play_id":"0f01a6f0-cece-47dc-8e44-b219c37a2b27","local_time":"20210217032704","is_ascension_mode":false,"campfire_choices":[{"data":"bronze:Replicate","floor":1,"key":"SMITH"},{"floor":9,"key":"REST"},{"data":"bronze:BronzeOrb","floor":11,"key":"SMITH"},{"data":"bronze:BronzeOrb","floor":18,"key":"SMITH"},{"data":"bronze:Optimize","floor":23,"key":"SMITH"},{"floor":30,"key":"REST"},{"data":"bronze:Verify","floor":35,"key":"SMITH"},{"floor":44,"key":"REST"},{"data":"bronze:DelayedSlice","floor":46,"key":"SMITH"}],"circlet_count":0,"master_deck":["bronze:Strike","bronze:Defend","bronze:Defend","bronze:Defend","bronze:Replicate+1","bronze:Goto","bronze:OilSpill","bronze:DelayedSlice","bronze:Iterate","bronze:BronzeOrb+1","bronze:OilSpill","bronze:BronzeOrb+1","bronze:Backtrace","bronze:DelayedSlice+1","bronze:Mutator","bronze:WhirlingStrike","bronze:Optimize+1","bronze:Deprecate+1","bronze:Safeguard+1","bronze:Repulsor","bronze:Verify+1","bronze:WildBeam+1","bronze:Backtrace","bronze:DelayedSlice+1","bronze:Shell+1"],"relics":["bronze:PlatinumCore","Akabeko","downfall:HeartBlessingBlue","downfall:GremlinWheel","CeramicFish","Bird Faced Urn","reliquary:ExpiredCoupon","reliquary:JackalopeAntler","downfall:HeartBlessingGreen","potionbrewer:BhaskarasWheel","Ice Cream","Ginger","reliquary:Sod","Dead Branch","Blue Candle","StrikeDummy"],"acts_visited":["Exordium","TheCity","TheBeyond"],"potions_floor_usage":[6,16,16,16,16,26,29,33,33,36,45,50,50],"damage_taken":[{"damage":2,"enemies":"2 Louse","floor":2,"turns":3},{"damage":1,"enemies":"Cultist","floor":3,"turns":3},{"damage":6,"enemies":"Jaw Worm","floor":5,"turns":2},{"damage":20,"enemies":"Lagavulin Event","floor":6,"turns":3},{"damage":3,"enemies":"Exordium Thugs","floor":8,"turns":3},{"damage":7,"enemies":"Large Slime","floor":10,"turns":3},{"damage":0,"enemies":"downfall:LooterAlt","floor":12,"turns":1},{"damage":28,"enemies":"downfall:LooterAlt","floor":13,"turns":4},{"damage":0,"enemies":"2 Fungi Beasts","floor":14,"turns":1},{"damage":0,"enemies":"Gremlin Gang","floor":15,"turns":2},{"damage":0,"enemies":"WA_ARCHETYPE_RETAIN","floor":16,"turns":4},{"damage":0,"enemies":"Spheric Guardian","floor":21,"turns":2},{"damage":0,"enemies":"3 Byrds","floor":25,"turns":2},{"damage":26,"enemies":"Slavers","floor":26,"turns":6},{"damage":1,"enemies":"Snecko","floor":28,"turns":3},{"damage":28,"enemies":"Gremlin Leader","floor":29,"turns":8},{"damage":8,"enemies":"Centurion and Healer","floor":31,"turns":4},{"damage":0,"enemies":"Chosen and Byrds","floor":32,"turns":3},{"damage":40,"enemies":"SI_MIRROR_ARCHETYPE","floor":33,"turns":8},{"damage":0,"enemies":"downfall:FleeingMerchant","floor":36,"turns":4},{"damage":9,"enemies":"3 Shapes","floor":37,"turns":4},{"damage":0,"enemies":"Orb Walker","floor":40,"turns":2},{"damage":26,"enemies":"3 Darklings","floor":42,"turns":3},{"damage":17,"enemies":"2 Orb Walkers","floor":43,"turns":3},{"damage":0,"enemies":"Spire Growth","floor":45,"turns":4},{"damage":61,"enemies":"Giant Head","floor":48,"turns":8},{"damage":0,"enemies":"Sphere and 2 Shapes","floor":49,"turns":3},{"damage":90,"enemies":"IC_BLOCK_ARCHETYPE","floor":50,"turns":4}],"seed_played":"-7138027048397833809","potions_obtained":[{"floor":5,"key":"bronze:BurnAndBuffPotion"},{"floor":6,"key":"Regen Potion"},{"floor":10,"key":"FairyPotion"},{"floor":14,"key":"potionbrewer:HastePotion"},{"floor":15,"key":"potionbrewer:SplittingPotion"},{"floor":22,"key":"CultistPotion"},{"floor":25,"key":"GamblersBrew"},{"floor":31,"key":"PowerPotion"},{"floor":32,"key":"DuplicationPotion"},{"floor":33,"key":"SteroidPotion"},{"floor":37,"key":"Dexterity Potion"},{"floor":40,"key":"sneckomod:MuddlingPotion"},{"floor":45,"key":"Strength Potion"}],"is_trial":false,"path_per_floor":["R","M","M","?","M","?","T","M","R","M","R","M","?","M","M","B",null,"R","?","?","M","?","R","T","M","E","?","M","E","R","M","M","B",null,"R","$","M","?","?","M","T","M","?","R","M","R","?","E","M","B"],"character_chosen":"THE_AUTOMATON","items_purchased":["bronze:Backtrace","Ice Cream"],"campfire_rested":3,"item_purchase_floors":[36,36],"current_hp_per_floor":[77,75,74,74,68,48,48,45,81,74,74,74,46,46,46,58,87,87,87,87,87,87,87,87,87,63,63,62,38,64,60,64,32,87,87,87,78,78,78,80,80,58,41,67,71,71,66,15,21,0,0,0],"gold":270,"neow_bonus":"TEN_PERCENT_HP_BONUS","is_daily":false,"chose_seed":false,"campfire_upgraded":6,"win_rate":0.0,"timestamp":1613561224,"path_taken":["R","M","M","?","?","?","T","M","R","M","R","M","?","?","M","BOSS","R","?","?","M","?","R","T","M","E","?","M","E","R","?","M","BOSS","R","$","M","?","?","M","T","M","?","R","M","R","?","E","M","BOSS"],"items_purchased_type":["Card","Relic"],"build_version":"2020-12-22","purchased_purges":1,"victory":false,"max_hp_per_floor":[77,77,77,77,77,77,77,77,87,87,87,87,87,87,87,87,87,87,87,87,87,87,87,87,87,87,87,87,87,87,87,87,87,87,87,87,87,87,87,87,87,87,87,87,87,87,87,87,87,87,87,87],"card_choices":[{"not_picked":["bronze:Branch","bronze:Flail"],"picked":"bronze:OilSpill","floor":2},{"not_picked":["bronze:Invalidate","bronze:WildBeam"],"picked":"bronze:DelayedSlice","floor":3},{"not_picked":["bronze:Overheat","bronze:FollowUp"],"picked":"bronze:Iterate","floor":5},{"not_picked":["bronze:Deprecate","bronze:Allocate"],"picked":"bronze:BronzeOrb","floor":6},{"not_picked":["bronze:BitShift","bronze:BugBarrage"],"picked":"bronze:OilSpill","floor":8},{"not_picked":["bronze:FollowUp","bronze:BugBarrage"],"picked":"bronze:BronzeOrb","floor":10},{"not_picked":["bronze:ForLoop","bronze:OilSpill","bronze:Invalidate"],"picked":"SKIP","floor":12},{"not_picked":["bronze:DarkDash","bronze:FineTuning"],"picked":"bronze:Backtrace","floor":14},{"not_picked":["bronze:Backtrace","bronze:Iterate"],"picked":"bronze:DelayedSlice","floor":15},{"not_picked":["bronze:Assembly","bronze:CleanCode"],"picked":"bronze:Mutator","floor":16},{"not_picked":["bronze:ChosenStrike+1","bronze:DelayedGuard+1"],"picked":"bronze:Deprecate+1","floor":21},{"not_picked":["bronze:Turbo","bronze:Branch","bronze:CutThrough"],"picked":"SKIP","floor":25},{"not_picked":["bronze:ShipIt","bronze:BitShift","bronze:NullPointer"],"picked":"SKIP","floor":26},{"not_picked":["bronze:BugBarrage+1","bronze:Backtrace"],"picked":"bronze:Safeguard+1","floor":28},{"not_picked":["bronze:FineTuning+1","bronze:CutThrough+1"],"picked":"bronze:Repulsor","floor":29},{"not_picked":["bronze:Flail+1","bronze:Invalidate","bronze:Frontload"],"picked":"SKIP","floor":31},{"not_picked":["bronze:CutThrough","bronze:BuggyMess","bronze:BitShift"],"picked":"SKIP","floor":32},{"not_picked":["bronze:RecursiveStrike","bronze:Format"],"picked":"bronze:Verify","floor":33},{"not_picked":["bronze:ForLoop+1","bronze:ChildClass+1"],"picked":"bronze:WildBeam+1","floor":36},{"not_picked":["bronze:Repulsor","bronze:DelayedGuard+1"],"picked":"bronze:DelayedSlice+1","floor":37},{"not_picked":["bronze:BitShift","bronze:ChildClass"],"picked":"bronze:Shell+1","floor":40},{"not_picked":["bronze:CutThrough","bronze:Invalidate+1","bronze:Format"],"picked":"SKIP","floor":42},{"not_picked":["bronze:Optimize","bronze:Turbo","bronze:Overheat"],"picked":"SKIP","floor":45},{"not_picked":["bronze:Break","bronze:BitShift+1","bronze:Turbo"],"picked":"SKIP","floor":48},{"not_picked":["bronze:BuggyMess","bronze:BitShift+1","bronze:Deprecate+1"],"picked":"SKIP","floor":49}],"player_experience":871492,"relics_obtained":[{"floor":6,"key":"Akabeko"},{"floor":13,"key":"downfall:GremlinWheel"},{"floor":18,"key":"CeramicFish"},{"floor":24,"key":"Bird Faced Urn"},{"floor":26,"key":"reliquary:ExpiredCoupon"},{"floor":29,"key":"reliquary:JackalopeAntler"},{"floor":38,"key":"Ginger"},{"floor":41,"key":"reliquary:Sod"},{"floor":43,"key":"Dead Branch"},{"floor":48,"key":"StrikeDummy"}],"event_choices":[{"damage_healed":0,"gold_gain":0,"player_choice":"Relic","damage_taken":0,"max_hp_gain":0,"max_hp_loss":0,"event_name":"Wheel of Change","floor":18,"gold_loss":0},{"damage_healed":0,"gold_gain":0,"player_choice":"Read","damage_taken":0,"max_hp_gain":0,"max_hp_loss":0,"event_name":"The Library","floor":20,"gold_loss":0,"cards_obtained":["bronze:Optimize"]},{"damage_healed":0,"gold_gain":0,"player_choice":"Fight","damage_taken":0,"max_hp_gain":0,"max_hp_loss":0,"event_name":"Mysterious Sphere","floor":43,"gold_loss":0}],"is_beta":false,"boss_relics":[{"not_picked":["Coffee Dripper","Snecko Eye"],"picked":"bronze:PlatinumCore"},{"not_picked":["Velvet Choker","reliquary:Ember"],"picked":"potionbrewer:BhaskarasWheel"}],"items_purged_floors":[36],"is_endless":false,"potions_floor_spawned":[5,6,10,14,15,25,31,32,33,37,40,45],"killed_by":"IC_BLOCK_ARCHETYPE","ascension_level":0}}