{"host":"ymrxmazrubg7ht5t","time":1613531341,"event":{"mods":["2.2 Compatiblity","Act Like it!","Bartender","BaseMod","Better Note","Colored Powertips","Conspire","Gensokyo","HololiveMod","Infinite Spire","Jorbs\u0027s Wanderer Trilogy","Lobotomy","LobotomyExtend","Marisa????????","Minty Spire (QoL Compilation)","Relic Stats","Ruina","StSLib","The Cursed","The Marked"],"gold_per_floor":[116,133,133,152,152,163,163,163,190,225,15,25,40,70,70,174,174,193,213,213,64,64,64,64,106,131,151,151,172,172,211,211,318,318,347,347,347,356,375,375,409,427,427,427,9,35,35,70,70,70,70],"floor_reached":52,"language":"ENG","playtime":4631,"items_purged":[],"score":888,"play_id":"df77a66b-8072-4d1a-975c-be4ca72fa831","local_time":"20210216230901","is_ascension_mode":true,"campfire_choices":[{"floor":7,"key":"REST"},{"floor":15,"key":"REST"},{"floor":23,"key":"REST"},{"floor":28,"key":"REST"},{"floor":30,"key":"REST"},{"floor":32,"key":"REST"},{"floor":40,"key":"REST"},{"data":"theMarked:Defy","floor":44,"key":"SMITH"},{"floor":49,"key":"REST"}],"circlet_count":0,"master_deck":["theMarked:Strike+1","theMarked:Strike","theMarked:Strike","theMarked:Defend","theMarked:Defend","theMarked:Defend","theMarked:SoldierOfQuellstein","theMarked:EnhanceMovement","theMarked:CreepingChasm","theMarked:Opportunist","theMarked:Memento","theMarked:Heritage","theMarked:AttractMetal","theMarked:BanishingStrike","theMarked:Defy+1","Gensokyo:LochNessMonster+1","theMarked:Friction","theMarked:Seal+1","theMarked:GodGivenPower","ruina:Smile+1","theMarked:MuscleMemory","theMarked:WardOff+1","theMarked:Indomitable","theMarked:Vacuum","theMarked:Polarize","Gensokyo:LifeforceConverter","theMarked:Parry+1","theMarked:Determination+1","infinitespire:Menacing","theMarked:ContemptForTheProud","theMarked:ChannelForce","theMarked:EmpowerWeapon","theMarked:Generate"],"relics":["theMarked:BronzeBlade","LetterFromLob","Lantern","Omamori","theMarked:Gun","Du-Vu Doll","Blood Vial","CeramicFish","infinitespire:Lucky Rock","Incense Burner","Calling Bell","infinitespire:PuzzleCube","infinitespire:Bottled Soul","Peace Pipe","MealTicket","Unceasing Top","theMarked:SpiritSword","theMarked:DemonDagger","Nunchaku","Ice Cream"],"acts_visited":["Gensokyo:Gensokyo","ruina:Briah","Gensokyo:Gensokyoest"],"potions_floor_usage":[10,12,14,16,25,31,33],"damage_taken":[{"damage":1,"enemies":"Gensokyo:Python","floor":1,"turns":4},{"damage":0,"enemies":"Gensokyo:3_Fairies","floor":2,"turns":3},{"damage":3,"enemies":"Gensokyo:Gryphon","floor":4,"turns":4},{"damage":15,"enemies":"Gensokyo:LivingMonolith","floor":6,"turns":4},{"damage":10,"enemies":"Gensokyo:Cirno","floor":10,"turns":5},{"damage":0,"enemies":"Gensokyo:Kitsune","floor":12,"turns":1},{"damage":2,"enemies":"Gensokyo:2_Rabbits","floor":13,"turns":3},{"damage":10,"enemies":"Gensokyo:Aya","floor":14,"turns":4},{"damage":37,"enemies":"Gensokyo:Yukari","floor":16,"turns":9},{"damage":0,"enemies":"ruina:Nosferatu","floor":18,"turns":1},{"damage":31,"enemies":"ruina:BadWolf","floor":19,"turns":4},{"damage":6,"enemies":"ruina:Mountain","floor":25,"turns":8},{"damage":6,"enemies":"ruina:Nos_and_Bat","floor":27,"turns":3},{"damage":20,"enemies":"ruina:3_Scarecrows","floor":29,"turns":4},{"damage":26,"enemies":"Nightmare","floor":31,"turns":5},{"damage":40,"enemies":"ruina:Red_and_Wolf","floor":33,"turns":9},{"damage":7,"enemies":"Gensokyo:3_Boulders","floor":35,"turns":4},{"damage":5,"enemies":"Gensokyo:AncientGuardian","floor":39,"turns":3},{"damage":3,"enemies":"Gensokyo:Doremy","floor":41,"turns":3},{"damage":11,"enemies":"Gensokyo:Sharpion","floor":46,"turns":4},{"damage":21,"enemies":"Gensokyo:Kasen","floor":48,"turns":5},{"damage":0,"enemies":"Gensokyo:Yuyuko","floor":50,"turns":1}],"seed_played":"8824432064714891069","potions_obtained":[{"floor":1,"key":"SkillPotion"},{"floor":2,"key":"Energy Potion"},{"floor":10,"key":"Energy Potion"},{"floor":12,"key":"BlessingOfTheForge"},{"floor":13,"key":"theMarked:SummonPotion"},{"floor":19,"key":"Weak Potion"},{"floor":25,"key":"Energy Potion"},{"floor":31,"key":"theMarked:SummonPotion"},{"floor":39,"key":"FearPotion"}],"is_trial":false,"path_per_floor":["M","M","?","M","?","M","R","?","T","E","COS","M","M","E","R","B",null,"M","M","?","$","?","R","?","E","T","M","R","M","R","NM","R","B",null,"M","?","?","?","M","R","E","AVR","T","R","$","M","?","E","R","B",null,null],"character_chosen":"THE_DEFAULT","items_purchased":["Blood Vial","theMarked:DemonDagger","theMarked:ContemptForTheProud","theMarked:ChannelForce","Nunchaku"],"campfire_rested":8,"item_purchase_floors":[21,45,45,45,45],"current_hp_per_floor":[69,69,55,52,52,37,58,70,70,60,60,60,58,48,69,32,70,70,39,39,39,21,40,40,36,36,32,51,33,52,28,47,9,65,58,58,49,49,46,65,62,62,62,62,65,54,54,35,54,54,54],"gold":70,"neow_bonus":"TRANSFORM_CARD","is_daily":false,"chose_seed":false,"campfire_upgraded":1,"win_rate":0.0,"timestamp":1613531341,"path_taken":["M","M","?","M","?","M","R","?","T","E","COS","M","M","E","R","BOSS","M","M","?","?","?","R","?","E","T","M","R","M","R","NM","R","BOSS","M","?","?","?","?","R","E","AVR","T","R","?","?","?","E","R","BOSS"],"items_purchased_type":["Relic","Relic","Card","Card","Relic"],"build_version":"2020-12-22","purchased_purges":0,"victory":true,"max_hp_per_floor":[70,70,70,70,70,70,70,70,70,70,70,70,70,70,70,70,70,70,70,65,65,65,65,65,65,65,65,65,65,65,65,65,65,65,65,65,65,65,65,65,65,65,65,65,65,65,65,65,65,65,65],"relic_stats":{"Blood Vial":14,"Peace Pipe":0,"Nunchaku":[1],"counters":[22,90],"CeramicFish":126,"MealTicket":3,"obtain_stats":[{"Ice Cream":48,"Lantern":3,"theMarked:DemonDagger":45,"theMarked:Gun":10,"CeramicFish":25,"theMarked:SpiritSword":42,"Omamori":9,"Incense Burner":31,"infinitespire:Lucky Rock":26,"Du-Vu Doll":14,"Blood Vial":21,"Calling Bell":34,"Peace Pipe":34,"theMarked:ArtifactOfAir":0,"Frozen Eye":29,"Nunchaku":45,"infinitespire:Bottled Soul":34,"MealTicket":41,"LetterFromLob":1,"theMarked:BronzeBlade":17,"infinitespire:PuzzleCube":34,"Unceasing Top":42},{"Ice Cream":21,"Lantern":2,"theMarked:DemonDagger":19,"theMarked:Gun":5,"CeramicFish":12,"theMarked:SpiritSword":19,"Omamori":4,"Incense Burner":15,"infinitespire:Lucky Rock":12,"Du-Vu Doll":8,"Blood Vial":11,"Calling Bell":16,"Peace Pipe":16,"theMarked:ArtifactOfAir":0,"Frozen Eye":13,"Nunchaku":19,"infinitespire:Bottled Soul":16,"MealTicket":19,"LetterFromLob":1,"theMarked:BronzeBlade":9,"infinitespire:PuzzleCube":16,"Unceasing Top":19},{"Ice Cream":89,"Lantern":7,"theMarked:DemonDagger":80,"theMarked:Gun":19,"CeramicFish":49,"theMarked:SpiritSword":80,"Omamori":14,"Incense Burner":61,"infinitespire:Lucky Rock":49,"Du-Vu Doll":27,"Blood Vial":41,"Calling Bell":70,"Peace Pipe":70,"theMarked:ArtifactOfAir":0,"Frozen Eye":52,"Nunchaku":80,"infinitespire:Bottled Soul":70,"MealTicket":80,"LetterFromLob":4,"theMarked:BronzeBlade":36,"infinitespire:PuzzleCube":70,"Unceasing Top":80}],"Unceasing Top":[0]},"card_choices":[{"not_picked":["theMarked:WardOff","theMarked:EnhanceMovement"],"picked":"theMarked:CreepingChasm","floor":1},{"not_picked":["theMarked:WastefulAttack","theMarked:Parry"],"picked":"theMarked:Opportunist","floor":2},{"not_picked":["theMarked:CreepingChasm","theMarked:TwofoldDefense"],"picked":"theMarked:Memento","floor":4},{"not_picked":["theMarked:ChannelForce","theMarked:Seal"],"picked":"theMarked:Heritage","floor":5},{"not_picked":["theMarked:Parry","theMarked:SwordAndMagic"],"picked":"theMarked:AttractMetal","floor":5},{"not_picked":["theMarked:TakeCover","theMarked:ElectricStrings"],"picked":"theMarked:BanishingStrike","floor":6},{"not_picked":["theMarked:TakeCover","theMarked:ResourceFulStrike"],"picked":"theMarked:Defy","floor":10},{"not_picked":["theMarked:EmpowerWeapon","theMarked:HeightenedSenses"],"picked":"theMarked:Friction","floor":12},{"not_picked":["theMarked:TwofoldDefense","theMarked:Improvise"],"picked":"theMarked:RepellingDischarge","floor":13},{"not_picked":["theMarked:AttractMetal","theMarked:TunnelVision","theMarked:TheMission"],"picked":"SKIP","floor":14},{"not_picked":["theMarked:TurnInvisible","theMarked:Defy"],"picked":"theMarked:BiggerThanFate","floor":16},{"not_picked":["theMarked:StartUp","theMarked:ChainLightning+1"],"picked":"theMarked:Seal+1","floor":18},{"not_picked":["theMarked:Frustration","theMarked:TwofoldDefense"],"picked":"theMarked:GodGivenPower","floor":19},{"not_picked":["ruina:Nihil","ruina:Harvest"],"picked":"ruina:Smile","floor":20},{"not_picked":["theMarked:Frustration+1","theMarked:EmpowerWeapon"],"picked":"theMarked:MuscleMemory","floor":25},{"not_picked":["theMarked:Memento+1","theMarked:TwofoldDefense","theMarked:Overthink"],"picked":"SKIP","floor":27},{"not_picked":["theMarked:RogueSparks","theMarked:BanishingStrike"],"picked":"theMarked:WardOff+1","floor":29},{"not_picked":["theMarked:EmpowerWeapon","theMarked:Frustration"],"picked":"theMarked:Indomitable","floor":31},{"not_picked":["theMarked:EternalStudent","theMarked:TurnInvisible"],"picked":"theMarked:Vacuum","floor":33},{"not_picked":["theMarked:WastefulAttack+1","theMarked:Memento+1"],"picked":"theMarked:Polarize","floor":35},{"not_picked":["theMarked:Seal+1","theMarked:EnhanceMovement+1"],"picked":"theMarked:Parry+1","floor":39},{"not_picked":["theMarked:RepellingDischarge+1","theMarked:WastefulAttack+1"],"picked":"theMarked:Determination+1","floor":41},{"not_picked":["theMarked:WastefulAttack+1","theMarked:ElectricStrings"],"picked":"theMarked:EmpowerWeapon","floor":46},{"not_picked":["theMarked:ContemptForTheProud","theMarked:Aftermath+1"],"picked":"theMarked:Generate","floor":48}],"player_experience":454658,"relics_obtained":[{"floor":1,"key":"LetterFromLob"},{"floor":9,"key":"Omamori"},{"floor":10,"key":"theMarked:Gun"},{"floor":14,"key":"Du-Vu Doll"},{"floor":25,"key":"CeramicFish"},{"floor":26,"key":"infinitespire:Lucky Rock"},{"floor":31,"key":"Incense Burner"},{"floor":34,"key":"infinitespire:PuzzleCube"},{"floor":34,"key":"infinitespire:Bottled Soul"},{"floor":34,"key":"Peace Pipe"},{"floor":41,"key":"MealTicket"},{"floor":48,"key":"Ice Cream"}],"event_choices":[{"damage_healed":0,"gold_gain":0,"player_choice":"Leave","damage_taken":0,"max_hp_gain":0,"max_hp_loss":0,"event_name":"conspire:Investor","floor":24,"gold_loss":0}],"is_beta":false,"boss_relics":[{"not_picked":["Cursed Key","SacredBark"],"picked":"theMarked:BronzeBlade"},{"not_picked":["conspire:SlowCooker","Coffee Dripper"],"picked":"Calling Bell"}],"items_purged_floors":[],"is_endless":true,"potions_floor_spawned":[1,2,10,12,13,19,25,31,39],"ascension_level":1}}