{"host":"9nqlpswyo8o6ezw3","time":1613537360,"event":{"mods":["Act Like it!","BaseMod","Colored Powertips","Downfall","Hallownest","Hermit","Lobotomy","LobotomyExtend","Marisa????????","Minty Spire (QoL Compilation)","StSLib","The Bug Knight","The Cursed"],"gold_per_floor":[109,109,173,251,121,148,148,180,180,199,199,199,199,216,216,316,316,316,316,316,316,335,335,335,347,374,387,412,412,412,422,422,422,422],"floor_reached":33,"language":"ENG","playtime":2132,"items_purged":[],"score":269,"play_id":"28156a0a-61c0-46cd-844b-1b1e2c383689","local_time":"20210216234920","is_ascension_mode":false,"campfire_choices":[{"floor":7,"key":"REST"},{"data":"hermit:LoneWolf","floor":12,"key":"SMITH"},{"data":"hermit:Vantage","floor":15,"key":"SMITH"},{"floor":23,"key":"REST"},{"floor":30,"key":"REST"},{"floor":32,"key":"REST"}],"circlet_count":0,"master_deck":["hermit:Strike_Hermit","hermit:Strike_Hermit","hermit:Strike_Hermit","hermit:Defend_Hermit","hermit:Defend_Hermit","hermit:Defend_Hermit","hermit:Defend_Hermit","hermit:Snapshot+1","hermit:Covet","Wellcheers","hermit:PistolWhip","hermit:LoneWolf+1","hermit:Ricochet","UniverseFragment","hermit:ShadowCloak","ShyLook","hermit:CalledShot","MeatLantern","hermit:HighCaliber","Parasite","Dazed","hermit:Vantage+1","OldLady","hermit:HighNoon+1","Rudolta","hermit:Enervate","LongBird","hermit:Snipe","hermit:Coalescence+1","hermit:Magnum","BlackArmy","hermit:Dive+1"],"relics":["hermit:Momento","CogitoBucket","LetterFromLob","White Beast Statue","Mango","Ancient Tea Set","Black Star","Moonlight_r","ChangeAnything","Nloth\u0027s Gift","Bag of Preparation","Thread and Needle","Darkstone Periapt"],"acts_visited":["Exordium","TheCity"],"potions_floor_usage":[16,28,33],"damage_taken":[{"damage":0,"enemies":"Small Slimes","floor":1,"turns":3},{"damage":48,"enemies":"3 Sentries","floor":6,"turns":9},{"damage":29,"enemies":"Lagavulin","floor":8,"turns":10},{"damage":0,"enemies":"2 Louse","floor":10,"turns":2},{"damage":0,"enemies":"Jaw Worm","floor":14,"turns":3},{"damage":45,"enemies":"Hexaghost","floor":16,"turns":16},{"damage":5,"enemies":"Shell Parasite","floor":22,"turns":6},{"damage":7,"enemies":"2 Thieves","floor":25,"turns":4},{"damage":18,"enemies":"Shelled Parasite and Fungi","floor":27,"turns":8},{"damage":68,"enemies":"Book of Stabbing","floor":28,"turns":7},{"damage":1,"enemies":"Snecko","floor":31,"turns":5},{"damage":102,"enemies":"Automaton","floor":33,"turns":13}],"seed_played":"3434670352810154433","potions_obtained":[{"floor":1,"key":"CultistPotion"},{"floor":6,"key":"Strength Potion"},{"floor":8,"key":"FairyPotion"},{"floor":16,"key":"PowerPotion"},{"floor":25,"key":"hermit:BlackBile"},{"floor":28,"key":"EssenceOfSteel"},{"floor":29,"key":"CultistPotion"},{"floor":29,"key":"SmokeBomb"}],"is_trial":false,"path_per_floor":["M","?","?","T","$","E","R","E","T","M","?","R","?","M","R","B",null,"M","?","?","?","M","R","?","M","T","M","E","?","R","M","R","B"],"character_chosen":"HERMIT","items_purchased":["hermit:LoneWolf","hermit:Ricochet"],"campfire_rested":4,"item_purchase_floors":[5,5],"current_hp_per_floor":[75,75,75,75,75,47,73,50,50,50,72,72,72,75,75,42,89,56,56,56,56,57,83,83,79,79,67,5,5,31,30,56,0,0],"gold":422,"neow_bonus":"","is_daily":false,"chose_seed":false,"campfire_upgraded":2,"win_rate":0.0,"timestamp":1613537360,"path_taken":["M","?","?","?","$","E","R","E","T","M","?","R","?","M","R","BOSS","M","?","?","?","M","R","?","M","T","?","E","?","R","?","R","BOSS"],"items_purchased_type":["Card","Card"],"build_version":"2020-12-22","purchased_purges":0,"victory":false,"max_hp_per_floor":[75,75,75,75,75,89,89,89,89,89,89,89,89,89,89,89,89,89,89,89,89,89,89,89,89,89,89,89,89,89,89,89,89,89],"card_choices":[{"not_picked":["HappyTeddy","OldLady"],"picked":"Wellcheers","floor":1},{"not_picked":["hermit:Grudge","hermit:Horror"],"picked":"hermit:PistolWhip","floor":1},{"not_picked":["OldLady","SpiderBud"],"picked":"UniverseFragment","floor":6},{"not_picked":["hermit:DeadMansHand","hermit:SprayPray"],"picked":"hermit:ShadowCloak","floor":6},{"not_picked":["WhitesApple","WallGazer","FairyFestival"],"picked":"Singing Bowl","floor":8},{"not_picked":["Mercenary","BigBird"],"picked":"ShyLook","floor":8},{"not_picked":["hermit:SprayPray","hermit:TakeCover"],"picked":"hermit:CalledShot","floor":8},{"not_picked":["CrumblingArmor","BeautyBeast","GalaxyChild"],"picked":"Singing Bowl","floor":10},{"not_picked":["Scorched","Yin"],"picked":"MeatLantern","floor":10},{"not_picked":["hermit:Snipe","hermit:Spite"],"picked":"hermit:HighCaliber","floor":10},{"not_picked":["BeautyBeast","Bloodbath","CrumblingArmor"],"picked":"Singing Bowl","floor":14},{"not_picked":["hermit:Glare","hermit:Virtue"],"picked":"hermit:Vantage","floor":14},{"not_picked":["FairyFestival","Bloodbath"],"picked":"OldLady","floor":16},{"not_picked":["hermit:HeroicBravado","hermit:OverwhelmingPower"],"picked":"hermit:HighNoon","floor":16},{"not_picked":["GalaxyChild","Yin","LittlePrince"],"picked":"Singing Bowl","floor":22},{"not_picked":["OSAHOGD","WhitesApple"],"picked":"Rudolta","floor":22},{"not_picked":["hermit:Dive+1","hermit:LowProfile+1"],"picked":"hermit:Enervate","floor":22},{"not_picked":["Variant","WallGazer","GalaxyChild"],"picked":"Singing Bowl","floor":25},{"not_picked":["MHz","Murderer"],"picked":"LongBird","floor":25},{"not_picked":["hermit:LowProfile+1","hermit:Midnight"],"picked":"hermit:Snipe","floor":25},{"not_picked":["NakedNest","Bloodbath","LittleHelper"],"picked":"Singing Bowl","floor":27},{"not_picked":["hermit:TakeCover","hermit:Scavenge"],"picked":"hermit:Coalescence+1","floor":27},{"not_picked":["CherryBlossoms","BigBadWolf","VoidDream"],"picked":"Singing Bowl","floor":28},{"not_picked":["hermit:GoldenBullet","hermit:Quickdraw"],"picked":"hermit:Magnum","floor":28},{"not_picked":["WallGazer","BeautyBeast","OSAHOGD"],"picked":"Singing Bowl","floor":31},{"not_picked":["VoidDream","WhitesApple"],"picked":"BlackArmy","floor":31},{"not_picked":["hermit:BodyArmor","hermit:Desperado"],"picked":"hermit:Dive+1","floor":31}],"player_experience":59455,"relics_obtained":[{"floor":1,"key":"LetterFromLob"},{"floor":4,"key":"White Beast Statue"},{"floor":6,"key":"Mango"},{"floor":8,"key":"Ancient Tea Set"},{"floor":9,"key":"HornCleat"},{"floor":26,"key":"Bag of Preparation"},{"floor":28,"key":"Thread and Needle"},{"floor":28,"key":"Darkstone Periapt"}],"event_choices":[{"damage_healed":0,"gold_gain":64,"player_choice":"Gained Gold","damage_taken":0,"max_hp_gain":0,"max_hp_loss":0,"event_name":"Golden Wing","floor":3,"gold_loss":0},{"damage_healed":22,"gold_gain":0,"player_choice":"Healed and dodged fight","damage_taken":0,"max_hp_gain":0,"max_hp_loss":0,"event_name":"Mushrooms","floor":11,"gold_loss":0,"cards_obtained":["Parasite"]},{"damage_healed":0,"gold_gain":0,"cards_transformed":["hermit:Strike_Hermit"],"player_choice":"Transformed","damage_taken":0,"max_hp_gain":0,"max_hp_loss":0,"event_name":"Transmorgrifier","floor":13,"gold_loss":0,"cards_obtained":["hermit:Ricochet"]},{"damage_healed":0,"gold_gain":0,"player_choice":"Ignored","damage_taken":0,"max_hp_gain":0,"max_hp_loss":0,"event_name":"Ghosts","floor":19,"gold_loss":0},{"damage_healed":0,"gold_gain":0,"player_choice":"Traded Relic","damage_taken":0,"relics_obtained":["Nloth\u0027s Gift"],"max_hp_gain":0,"max_hp_loss":0,"event_name":"N\u0027loth","floor":24,"relics_lost":["HornCleat"],"gold_loss":0},{"damage_healed":0,"gold_gain":0,"player_choice":"Got Potions","damage_taken":0,"max_hp_gain":0,"max_hp_loss":0,"event_name":"Lab","floor":29,"gold_loss":0}],"is_beta":false,"boss_relics":[{"not_picked":["Philosopher\u0027s Stone","Empty Cage"],"picked":"Black Star"}],"items_purged_floors":[],"is_endless":false,"potions_floor_spawned":[1,6,8,10,14,16,22,25,27,28,31],"killed_by":"Automaton","ascension_level":0}}