{"host":"utqe55yv0jihe4d6","time":1613530554,"event":{"mods":["2.2 Compatiblity","AchievementEnabler","BaseMod","Block Reminder","Colored Map","Colored Powertips","Minty Spire (QoL Compilation)","Quick Restart","Rare Cards Sparkle","Relic Stats","SuperFastMode"],"gold_per_floor":[109,8,19,30,30,30,47,73,100,100,100],"floor_reached":10,"language":"ENG","playtime":320,"items_purged":["Strike_R"],"score":136,"play_id":"9fa95556-e951-4064-ba10-1d0889ae3657","local_time":"20210216215554","is_ascension_mode":true,"campfire_choices":[{"data":"True Grit","floor":6,"key":"SMITH"}],"circlet_count":0,"master_deck":["AscendersBane","Strike_R","Strike_R","Strike_R","Strike_R","Defend_R","Defend_R","Defend_R","Defend_R","Bash","Inflame","True Grit+1","Flex","Flex","Thunderclap","Whirlwind"],"relics":["Runic Pyramid","Regal Pillow","Strawberry","Blood Vial"],"acts_visited":["Exordium"],"potions_floor_usage":[8,8],"damage_taken":[{"damage":2,"enemies":"Cultist","floor":1,"turns":4},{"damage":6,"enemies":"2 Louse","floor":3,"turns":5},{"damage":2,"enemies":"Jaw Worm","floor":4,"turns":5},{"damage":3,"enemies":"Blue Slaver","floor":7,"turns":6},{"damage":16,"enemies":"3 Sentries","floor":8,"turns":6},{"damage":32,"enemies":"Lagavulin","floor":10,"turns":6}],"seed_played":"3814813857670227135","potions_obtained":[{"floor":1,"key":"Fire Potion"},{"floor":3,"key":"ElixirPotion"},{"floor":4,"key":"Fire Potion"}],"is_trial":false,"path_per_floor":["M","$","M","M","?","R","M","E","T","E"],"character_chosen":"IRONCLAD","items_purchased":["True Grit"],"campfire_rested":0,"item_purchase_floors":[2],"current_hp_per_floor":[66,66,60,58,40,40,37,28,28,0,0],"gold":100,"neow_bonus":"BOSS_RELIC","is_daily":false,"chose_seed":false,"campfire_upgraded":1,"win_rate":0.0,"timestamp":1613530554,"path_taken":["M","$","M","?","?","R","M","E","T","E"],"items_purchased_type":["Card"],"build_version":"2020-12-22","purchased_purges":1,"victory":false,"max_hp_per_floor":[75,75,75,75,75,75,75,82,82,82,82],"relic_stats":{"Blood Vial":2,"Regal Pillow":0,"counters":[6,32],"obtain_stats":[{"Blood Vial":9,"Regal Pillow":5,"Strawberry":8,"Burning Blood":0,"Runic Pyramid":0},{"Blood Vial":5,"Regal Pillow":3,"Strawberry":5,"Burning Blood":0,"Runic Pyramid":0},{"Blood Vial":26,"Regal Pillow":14,"Strawberry":26,"Burning Blood":0,"Runic Pyramid":0}]},"card_choices":[{"not_picked":["Bloodletting","Pommel Strike"],"picked":"Inflame","floor":1},{"not_picked":["Clash","Sword Boomerang"],"picked":"Flex","floor":3},{"not_picked":["Havoc","Brutality"],"picked":"Flex","floor":4},{"not_picked":["Heavy Blade","Pommel Strike"],"picked":"Thunderclap","floor":7},{"not_picked":["Headbutt","Offering"],"picked":"Whirlwind","floor":8}],"player_experience":3080044,"relics_obtained":[{"floor":8,"key":"Strawberry"},{"floor":9,"key":"Blood Vial"}],"event_choices":[{"damage_healed":0,"gold_gain":0,"player_choice":"Success","damage_taken":18,"relics_obtained":["Regal Pillow"],"max_hp_gain":0,"max_hp_loss":0,"event_name":"Scrap Ooze","floor":5,"gold_loss":0}],"is_beta":false,"boss_relics":[],"items_purged_floors":[2],"is_endless":false,"potions_floor_spawned":[1,3,4],"killed_by":"Lagavulin","ascension_level":20}}