{"host":"js2su9tbbk4rmjfl","time":1613605975,"event":{"mods":["AchievementEnabler","BaseMod","Block Reminder","Colored Map","Colored Powertips","Highlight Path","Minty Spire (QoL Compilation)","Relic Stats"],"gold_per_floor":[118,118,98,114,130,130,150,150,176,211,221,53,53,53,53],"floor_reached":14,"language":"ENG","playtime":588,"items_purged":[],"score":171,"play_id":"2c6e8ad7-945b-4782-8a8a-e146b2a8a55f","local_time":"20210218005255","is_ascension_mode":true,"campfire_choices":[{"data":"Body Slam","floor":6,"key":"SMITH"},{"data":"Strike_R","floor":8,"key":"SMITH"},{"data":"Strike_R","floor":13,"key":"SMITH"}],"circlet_count":0,"master_deck":["AscendersBane","Strike_R+1","Strike_R+1","Strike_R","Strike_R","Strike_R","Defend_R","Defend_R","Defend_R","Defend_R","Bash+1","Flame Barrier","Body Slam+1","Havoc","Carnage","Clash"],"relics":["Burning Blood","Tiny Chest","Strawberry","Bronze Scales"],"acts_visited":["Exordium"],"potions_floor_usage":[4,4,4,10],"damage_taken":[{"damage":9,"enemies":"Small Slimes","floor":1,"turns":5},{"damage":12,"enemies":"Jaw Worm","floor":4,"turns":5},{"damage":0,"enemies":"Cultist","floor":5,"turns":3},{"damage":28,"enemies":"Exordium Thugs","floor":7,"turns":6},{"damage":30,"enemies":"3 Sentries","floor":10,"turns":7},{"damage":11,"enemies":"Blue Slaver","floor":11,"turns":3},{"damage":24,"enemies":"Gremlin Nob","floor":14,"turns":3}],"seed_played":"4265547440304724166","potions_obtained":[{"floor":1,"key":"SpeedPotion"},{"floor":3,"key":"EntropicBrew"},{"floor":11,"key":"SpeedPotion"}],"is_trial":false,"path_per_floor":["M","?","?","M","M","R","M","R","T","E","M","$","R","E"],"character_chosen":"IRONCLAD","items_purchased":["Bronze Scales"],"campfire_rested":0,"item_purchase_floors":[12],"current_hp_per_floor":[65,65,65,59,65,65,43,43,43,26,21,21,21,0,0],"gold":53,"neow_bonus":"UPGRADE_CARD","is_daily":false,"chose_seed":false,"campfire_upgraded":3,"win_rate":0.0,"timestamp":1613605975,"path_taken":["M","?","?","?","M","R","M","R","T","E","M","$","R","E"],"items_purchased_type":["Relic"],"build_version":"2020-12-22","purchased_purges":0,"victory":false,"max_hp_per_floor":[75,75,75,75,75,75,75,75,75,82,82,82,82,82,82],"relic_stats":{"counters":[7,32],"Bronze Scales":[3],"Tiny Chest":0,"obtain_stats":[{"Strawberry":10,"Bronze Scales":12,"Tiny Chest":9,"Burning Blood":0},{"Strawberry":5,"Bronze Scales":6,"Tiny Chest":4,"Burning Blood":0},{"Strawberry":26,"Bronze Scales":29,"Tiny Chest":19,"Burning Blood":0}],"Burning Blood":36},"card_choices":[{"not_picked":["Dropkick","Flex"],"picked":"Flame Barrier","floor":1},{"not_picked":["Havoc","Clash"],"picked":"Body Slam","floor":4},{"not_picked":["Flex","Sentinel"],"picked":"Havoc","floor":5},{"not_picked":["Flex","Cleave"],"picked":"Carnage","floor":7},{"not_picked":["Flex","Rampage"],"picked":"Clash","floor":10},{"not_picked":["Twin Strike","Cleave","Anger"],"picked":"SKIP","floor":11}],"player_experience":829071,"relics_obtained":[{"floor":9,"key":"Tiny Chest"},{"floor":10,"key":"Strawberry"}],"event_choices":[{"damage_healed":0,"gold_gain":0,"player_choice":"Ignored","damage_taken":0,"max_hp_gain":0,"max_hp_loss":0,"event_name":"Golden Idol","floor":2,"gold_loss":0},{"damage_healed":0,"gold_gain":0,"player_choice":"Bought 1 Potion","damage_taken":0,"max_hp_gain":0,"max_hp_loss":0,"event_name":"The Woman in Blue","floor":3,"gold_loss":0}],"is_beta":false,"boss_relics":[],"items_purged_floors":[],"is_endless":false,"potions_floor_spawned":[1,11],"killed_by":"Gremlin Nob","ascension_level":18}}