{"host":"fiyb7gvx7tok3jeh","time":1613586104,"event":{"mods":["BaseMod","Colored Map","Colored Powertips","DeckTracker","Downfall","Googly Eyes","Highlight Path","Marisa????????","Minty Spire (QoL Compilation)","StSLib","The Cursed","The Servant 0.9.4"],"gold_per_floor":[99,113,125,50,50,0,25,10,44,29,43,58,233,233,249,350,350,300,310,328,341,355,305,330,330,280,280,280,280],"floor_reached":27,"language":"ENG","playtime":1548,"items_purged":[],"score":213,"play_id":"132495a1-c312-4f30-a413-fede2c6a6408","local_time":"20210217202144","is_ascension_mode":false,"campfire_choices":[{"data":"Slimebound:Split","floor":1,"key":"SMITH"},{"data":"Slimebound:CorrosiveSpit","floor":6,"key":"SMITH"},{"data":"Slimebound:LevelUp","floor":18,"key":"SMITH"},{"data":"Slimebound:Overexert","floor":23,"key":"SMITH"},{"data":"Slimebound:Overexert","floor":26,"key":"SMITH"}],"circlet_count":0,"master_deck":["Slimebound:Strike_Slimebound+1","Slimebound:Strike_Slimebound","Slimebound:Strike_Slimebound+1","Slimebound:Tackle","Slimebound:Defend_Slimebound","Slimebound:Defend_Slimebound","Slimebound:Defend_Slimebound","Slimebound:Defend_Slimebound","Slimebound:Split+1","Slimebound:CorrosiveSpit+1","Slimebound:Prepare","Slimebound:Repurpose","Slimebound:FinishingTackle","Slimebound:SplitBruiser","Slimebound:LevelUp+1","Slimebound:Overexert+1","Slimebound:Repurpose","Slimebound:Overexert+1","Slimebound:SlimeBarrage+1"],"relics":["Slimebound:AbsorbEndCombat","Slimebound:GreedOozeRelic","Sundial","Pen Nib","Lantern","White Beast Statue","Empty Cage","Whetstone"],"acts_visited":["Exordium","TheCity"],"potions_floor_usage":[21,22,27,27,27],"damage_taken":[{"damage":0,"enemies":"Small Slimes","floor":2,"turns":3},{"damage":4,"enemies":"Jaw Worm","floor":3,"turns":4},{"damage":3,"enemies":"downfall:FleeingMerchant","floor":8,"turns":4},{"damage":28,"enemies":"Gremlin Nob","floor":9,"turns":4},{"damage":14,"enemies":"downfall:FleeingMerchant","floor":10,"turns":4},{"damage":0,"enemies":"2 Louse","floor":11,"turns":2},{"damage":1,"enemies":"2 Fungi Beasts","floor":12,"turns":2},{"damage":8,"enemies":"Large Slime","floor":15,"turns":4},{"damage":35,"enemies":"IC_STATUS_ARCHETYPE","floor":16,"turns":7},{"damage":33,"enemies":"3 Byrds","floor":19,"turns":3},{"damage":0,"enemies":"Chosen","floor":20,"turns":3},{"damage":24,"enemies":"3 Cultists","floor":21,"turns":4},{"damage":8,"enemies":"Snake Plant","floor":22,"turns":3},{"damage":16,"enemies":"Slavers","floor":27,"turns":1}],"seed_played":"1701571658821553282","potions_obtained":[{"floor":9,"key":"Dexterity Potion"},{"floor":12,"key":"SkillPotion"},{"floor":15,"key":"Ancient Potion"},{"floor":16,"key":"SpeedPotion"},{"floor":19,"key":"Slimebound:SpawnSlimePotion"},{"floor":20,"key":"Guardian:BlockOnCardUsePotion"},{"floor":21,"key":"DistilledChaos"},{"floor":22,"key":"SteroidPotion"}],"is_trial":false,"path_per_floor":["R","M","M","?","T","R","T","$","E","$","M","M","?","?","M","B",null,"R","M","M","M","M","R","T","?","R","E"],"character_chosen":"SLIMEBOUND","items_purchased":[],"campfire_rested":0,"item_purchase_floors":[],"current_hp_per_floor":[71,71,71,71,71,71,71,68,44,36,38,39,39,39,33,6,71,71,40,42,20,12,12,12,12,12,0,0,0],"gold":280,"neow_bonus":"TEN_PERCENT_HP_BONUS","is_daily":false,"chose_seed":false,"campfire_upgraded":5,"win_rate":0.0,"timestamp":1613586104,"path_taken":["R","M","M","?","?","R","T","$","E","?","M","M","?","?","M","BOSS","R","M","M","M","M","R","T","?","R","E"],"items_purchased_type":[],"build_version":"2020-12-22","purchased_purges":0,"victory":false,"max_hp_per_floor":[71,71,71,71,71,71,71,71,71,71,71,71,71,71,71,71,71,71,71,71,71,71,71,71,71,71,71,71,71],"card_choices":[{"not_picked":["Slimebound:AcidTongue","Slimebound:TongueLash"],"picked":"Slimebound:Prepare","floor":2},{"not_picked":["Slimebound:ForwardTackle","Slimebound:AcidTongue"],"picked":"Slimebound:Repurpose","floor":3},{"not_picked":["Slimebound:SlimeBrawl","Slimebound:MegaLick"],"picked":"Slimebound:FinishingTackle","floor":8},{"not_picked":["Slimebound:LeechingTouch","Slimebound:RainOfGoop","Slimebound:BestDefense"],"picked":"SKIP","floor":9},{"not_picked":["Slimebound:RollThrough","Slimebound:LeechingTouch","Slimebound:FinishingTackle"],"picked":"SKIP","floor":10},{"not_picked":["Slimebound:SamplingLick","Slimebound:SplitAcid"],"picked":"Slimebound:SplitBruiser","floor":11},{"not_picked":["Slimebound:SplitAcid","Slimebound:PressTheAttack"],"picked":"Slimebound:LevelUp","floor":12},{"not_picked":["Slimebound:Replication","Slimebound:ItLooksTasty","Slimebound:Gluttony"],"picked":"SKIP","floor":15},{"not_picked":["Slimebound:OozeBath","Slimebound:Teamwork"],"picked":"Slimebound:Overexert","floor":16},{"not_picked":["Slimebound:SamplingLick","Slimebound:SlimeSpikes"],"picked":"Slimebound:Repurpose","floor":19},{"not_picked":["Slimebound:RollThrough+1","Slimebound:SplitLeeching","Slimebound:FinishingTackle"],"picked":"SKIP","floor":20},{"not_picked":["Slimebound:ForwardTackle","Slimebound:LeadByExample"],"picked":"Slimebound:Overexert","floor":21},{"not_picked":["Slimebound:LeechEnergy+1","Slimebound:RejuvenatingLick"],"picked":"Slimebound:SlimeBarrage+1","floor":22}],"player_experience":328110,"relics_obtained":[{"floor":5,"key":"Sundial"},{"floor":7,"key":"Pen Nib"},{"floor":9,"key":"Lantern"},{"floor":24,"key":"Whetstone"}],"event_choices":[{"damage_healed":0,"gold_gain":0,"player_choice":"Box","damage_taken":0,"relics_obtained":["White Beast Statue"],"max_hp_gain":0,"max_hp_loss":0,"event_name":"Big Fish","floor":14,"gold_loss":0,"cards_obtained":["Regret"]}],"is_beta":false,"boss_relics":[{"not_picked":["Velvet Choker","bronze:MakeshiftBattery"],"picked":"Empty Cage"}],"items_purged_floors":[],"is_endless":false,"potions_floor_spawned":[9,12,15,16,19,20,21,22],"killed_by":"Slavers","ascension_level":0}}