{"host":"ELF","time":1613566008,"event":{"mods":["BaseMod","Bestiary","Minty Spire (QoL Compilation)","Relic Stats","Slay the Relics Exporter"],"gold_per_floor":[111,111,74,74,86,111,129,144,167,181,181,20,38,56,56,129,129,148,194,211,211,224,224,129,129,129],"floor_reached":25,"language":"ENG","playtime":3999,"items_purged":[],"score":460,"play_id":"0a917b11-fc3e-42e2-a1c8-3efe9ef5642c","local_time":"20210217064648","is_ascension_mode":true,"campfire_choices":[{"data":"Aggregate","floor":11,"key":"SMITH"},{"floor":15,"key":"REST"},{"floor":23,"key":"REST"}],"circlet_count":0,"master_deck":["AscendersBane","Zap","Dualcast","Aggregate+1","Gash+1","Reinforced Body","Leap","Cold Snap+1","Genetic Algorithm","Creative AI","Buffer","Auto Shields","Thunder Strike","Coolheaded","Recycle+1","Ball Lightning","Storm","Capacitor","Turbo"],"relics":["Cracked Core","NeowsBlessing","Blood Vial","Toy Ornithopter","Orichalcum","Pandora\u0027s Box","Whetstone"],"acts_visited":["Exordium","TheCity"],"potions_floor_usage":[8,14,14,16,20,25],"damage_taken":[{"damage":0,"enemies":"Jaw Worm","floor":1,"turns":1},{"damage":0,"enemies":"Cultist","floor":5,"turns":1},{"damage":0,"enemies":"3 Sentries","floor":6,"turns":1},{"damage":13,"enemies":"Small Slimes","floor":7,"turns":3},{"damage":18,"enemies":"Exordium Thugs","floor":8,"turns":4},{"damage":1,"enemies":"Blue Slaver","floor":10,"turns":5},{"damage":27,"enemies":"Lots of Slimes","floor":13,"turns":6},{"damage":0,"enemies":"Gremlin Gang","floor":14,"turns":7},{"damage":15,"enemies":"The Guardian","floor":16,"turns":15},{"damage":32,"enemies":"Spheric Guardian","floor":18,"turns":10},{"damage":39,"enemies":"Chosen","floor":20,"turns":7},{"damage":4,"enemies":"Snecko","floor":22,"turns":9},{"damage":61,"enemies":"Gremlin Leader","floor":25,"turns":4}],"seed_played":"549893464778105037","potions_obtained":[{"floor":1,"key":"BlessingOfTheForge"},{"floor":2,"key":"EssenceOfDarkness"},{"floor":8,"key":"Swift Potion"},{"floor":14,"key":"LiquidMemories"},{"floor":16,"key":"Regen Potion"},{"floor":20,"key":"Dexterity Potion"}],"is_trial":false,"path_per_floor":["M","?","$","T","M","E","M","M","T","M","R","$","M","M","R","B",null,"M","T","M","?","M","R","$","E"],"character_chosen":"DEFECT","items_purchased":["Hello World","Creative AI","Capacitor","Turbo"],"campfire_rested":2,"item_purchase_floors":[3,12,24,24],"current_hp_per_floor":[64,64,64,64,66,68,57,46,46,47,47,47,22,34,55,47,65,35,35,18,18,16,37,37,0,0],"gold":129,"neow_bonus":"THREE_ENEMY_KILL","is_daily":false,"chose_seed":false,"campfire_upgraded":1,"win_rate":0.0,"timestamp":1613566008,"path_taken":["M","?","?","?","M","E","M","?","T","M","R","$","M","M","R","BOSS","M","?","M","?","?","R","$","E"],"items_purchased_type":["Card","Card","Card","Card"],"build_version":"2020-12-18","purchased_purges":0,"victory":false,"max_hp_per_floor":[71,71,71,71,71,71,71,71,71,71,71,71,71,71,71,71,71,71,71,71,71,71,71,71,71,71],"relic_stats":{"Blood Vial":24,"counters":[13,73],"Pandora\u0027s Box":["Cold Snap","Hologram","Self Repair","Darkness","Glacier","Hyperbeam","Chaos","Redo"],"Whetstone":["Cold Snap","Gash"],"Orichalcum":[96],"obtain_stats":[{"Blood Vial":4,"NeowsBlessing":0,"Pandora\u0027s Box":17,"Whetstone":19,"Orichalcum":9,"Cracked Core":0,"Toy Ornithopter":6},{"Blood Vial":1,"NeowsBlessing":0,"Pandora\u0027s Box":9,"Whetstone":10,"Orichalcum":5,"Cracked Core":0,"Toy Ornithopter":3},{"Blood Vial":1,"NeowsBlessing":0,"Pandora\u0027s Box":43,"Whetstone":53,"Orichalcum":10,"Cracked Core":0,"Toy Ornithopter":3}],"Toy Ornithopter":30},"card_choices":[{"not_picked":["Beam Cell","Stack"],"picked":"Aggregate","floor":1},{"not_picked":["Streamline","Compile Driver"],"picked":"Gash","floor":5},{"not_picked":["Tempest","Storm"],"picked":"Reinforced Body","floor":6},{"not_picked":["Sweeping Beam","Beam Cell"],"picked":"Leap","floor":7},{"not_picked":["Turbo","Stack"],"picked":"Cold Snap","floor":8},{"not_picked":["Barrage","Redo"],"picked":"Genetic Algorithm","floor":10},{"not_picked":["Stack","Ball Lightning"],"picked":"Buffer","floor":13},{"not_picked":["Rip and Tear","Tempest"],"picked":"Auto Shields","floor":14},{"not_picked":["Rainbow","Amplify"],"picked":"Thunder Strike","floor":16},{"not_picked":["Barrage","Hologram"],"picked":"Coolheaded","floor":18},{"not_picked":["Doom and Gloom+1","Beam Cell"],"picked":"Recycle+1","floor":20},{"not_picked":["Hologram+1","Rebound"],"picked":"Storm","floor":22}],"player_experience":3464866,"relics_obtained":[{"floor":4,"key":"Blood Vial"},{"floor":6,"key":"Toy Ornithopter"},{"floor":9,"key":"Orichalcum"},{"floor":19,"key":"Whetstone"}],"event_choices":[{"damage_healed":0,"gold_gain":0,"player_choice":"Got Potions","damage_taken":0,"max_hp_gain":0,"max_hp_loss":0,"event_name":"Lab","floor":2,"gold_loss":0},{"damage_healed":0,"gold_gain":0,"cards_transformed":["Hello World"],"player_choice":"Transformed","damage_taken":0,"max_hp_gain":0,"max_hp_loss":0,"event_name":"Transmorgrifier","floor":21,"gold_loss":0,"cards_obtained":["Ball Lightning"]}],"is_beta":true,"boss_relics":[{"not_picked":["Velvet Choker","SlaversCollar"],"picked":"Pandora\u0027s Box"}],"items_purged_floors":[],"is_endless":false,"potions_floor_spawned":[1,8,14,16,20],"killed_by":"Gremlin Leader","ascension_level":20}}