{"host":"glqsg3p5q4u9u1ra","time":1613561257,"event":{"mods":["Act Like it!","Arknights","BaseMod","Better Third Choice","BetterRewards","Colored Map","Downfall","Friendly Minions","GifTheSpireLib","Hallownest","Highlight Path","Infinite Spire","Lobotomy","LobotomyExtend","Mimic Mod","Minty Spire (QoL Compilation)","Pale of the Ancients","Reliquary","Replay The Spire","Ruina","Spicy Shops","Spire Birthday Party","StSLib","The Blackbeard","The Blue Laboratory","The Bug Knight","The Exalted","The Servant 0.9.4","Wandering Minibosses"],"gold_per_floor":[117,117,117,36,36,36,55,55,55,86,0,0,0,34,34,144,144,168,58,58,77,103,103,117,117,117,133,133],"floor_reached":27,"language":"ENG","playtime":911,"items_purged":[],"score":282,"play_id":"a561a497-ff0e-438f-984b-01e1a9cd79a2","local_time":"20210217032737","is_ascension_mode":true,"campfire_choices":[{"floor":6,"key":"REST"},{"data":"Bromod:NorthWind","floor":12,"key":"SMITH"},{"data":"Bromod:ContagiousSpread","floor":15,"key":"SMITH"},{"floor":23,"key":"REST"}],"circlet_count":0,"master_deck":["Bromod:Strike_Bro+1","Bromod:Strike_Bro","Bromod:Strike_Bro","Bromod:Defend_Bro","Bromod:Defend_Bro+1","Bromod:Defend_Bro","Bromod:Defend_Bro","Bromod:SlashDash","Bromod:SlashDash","Bromod:SlashDash+1","Bromod:BulletJump","Reaper","Bromod:RadialBlind+1","Bromod:NorthWind+1","Bromod:OrganShatter","Enlightenment","Bromod:ContagiousSpread+1","Bromod:ToxicFlight","Bromod:EnergySiphon+1","Bromod:NorthWind+1","Bromod:PointStrike+1","Bromod:PointStrike+1","Bromod:Vitality","Bromod:Vitality"],"relics":["Bromod:Ordis","Bromod:AscarisDevice","LetterFromLob","Replay:Mystery Machine","HollowMod:StagPassRelic","Matryoshka","infinitespire:Midas Blood","Bromod:ArcaneBarrier","Toxic Egg 2","Blood Vial","Frozen Eye"],"acts_visited":["Exordium","Exordium"],"potions_floor_usage":[16,22,27],"damage_taken":[{"damage":23,"enemies":"Jaw Worm","floor":1,"turns":4},{"damage":10,"enemies":"Small Slimes","floor":7,"turns":2},{"damage":11,"enemies":"Gremlin Nob","floor":10,"turns":5},{"damage":10,"enemies":"Lagavulin","floor":14,"turns":5},{"damage":29,"enemies":"The Guardian","floor":16,"turns":8},{"damage":20,"enemies":"ruina:2_Scarecrows","floor":18,"turns":7},{"damage":13,"enemies":"ruina:Nosferatu","floor":21,"turns":4},{"damage":37,"enemies":"ruina:Woodsman","floor":22,"turns":5},{"damage":7,"enemies":"ruina:QueenOfHate","floor":24,"turns":6},{"damage":78,"enemies":"ruina:3_Scarecrows","floor":27,"turns":6}],"seed_played":"5039447582903712558","potions_obtained":[{"floor":10,"key":"blueLaboratory:LouseDecoction"},{"floor":16,"key":"ColorlessPotion"},{"floor":24,"key":"Block Potion"}],"is_trial":false,"path_per_floor":["M","?","?","$","?","R","M","$","T","E","?","R","?","E","R","B",null,"M","$","?","M","M","R","M","?","T","M"],"character_chosen":"THE_EXALTED","items_purchased":["Bromod:RadialBlind","Bromod:NorthWind","Bromod:PointStrike"],"campfire_rested":2,"item_purchase_floors":[4,19,19],"current_hp_per_floor":[45,28,13,13,13,35,35,35,35,30,36,36,36,32,32,6,62,42,42,66,59,28,52,45,53,53,0,0],"gold":133,"neow_bonus":"UPGRADE_CARD","is_daily":false,"chose_seed":false,"campfire_upgraded":2,"win_rate":0.0,"timestamp":1613561257,"path_taken":["M","?","?","$","?","R","?","$","T","E","?","R","?","E","R","BOSS","M","$","?","M","M","R","?","?","T","M"],"items_purchased_type":["Card","Card","Card"],"build_version":"2020-12-22","purchased_purges":0,"victory":false,"max_hp_per_floor":[75,75,75,75,75,75,75,75,75,75,81,81,81,81,81,81,81,81,81,81,81,81,81,81,81,81,81,81],"card_choices":[{"not_picked":["Bromod:Stretch","Bromod:Foundry"],"picked":"Bromod:BulletJump","floor":1},{"not_picked":["Bromod:OrganShatter","Bromod:ShatteringImpact"],"picked":"Bromod:NorthWind","floor":7},{"not_picked":["Bromod:FastHands","Bromod:KillingBlow"],"picked":"Bromod:OrganShatter","floor":10},{"not_picked":["Bromod:ShatteringImpact","Bromod:HornetStrike"],"picked":"Bromod:ContagiousSpread","floor":14},{"not_picked":["Bromod:LethalTorrent","Bromod:ExaltedBlade"],"picked":"Bromod:ToxicFlight","floor":16},{"not_picked":["Bromod:SeismicWave","Bromod:SlipMagazine"],"picked":"Bromod:EnergySiphon+1","floor":18},{"not_picked":["Bromod:SpeedTrigger","Bromod:ArchwingLauncher"],"picked":"Bromod:Vitality","floor":21},{"not_picked":["Bromod:PressurePoint","Bromod:FormaBlueprint+1"],"picked":"Bromod:Vitality","floor":22},{"not_picked":["Bromod:PressurePoint","Bromod:SeismicWave","Bromod:FastHands"],"picked":"SKIP","floor":24}],"player_experience":1230878,"relics_obtained":[{"floor":1,"key":"LetterFromLob"},{"floor":9,"key":"HollowMod:StagPassRelic"},{"floor":10,"key":"Matryoshka"},{"floor":14,"key":"infinitespire:Midas Blood"},{"floor":26,"key":"Toxic Egg 2"},{"floor":26,"key":"Blood Vial"}],"event_choices":[{"damage_healed":28,"gold_gain":0,"player_choice":"Upgrade","damage_taken":15,"max_hp_gain":0,"max_hp_loss":75,"event_name":"betterThird:BetterShining","floor":3,"gold_loss":0,"cards_upgraded":["Bromod:Defend_Bro","Bromod:Strike_Bro"]},{"damage_healed":0,"gold_gain":0,"player_choice":"Grow","damage_taken":0,"max_hp_gain":0,"max_hp_loss":0,"event_name":"Living Wall","floor":5,"gold_loss":0,"cards_upgraded":["Bromod:RadialBlind"]},{"damage_healed":0,"gold_gain":0,"player_choice":"RENOUNCE","damage_taken":86,"max_hp_gain":0,"max_hp_loss":0,"event_name":"betterThird:BetterSerpent","floor":11,"gold_loss":86,"cards_obtained":["Enlightenment"]}],"is_beta":false,"boss_relics":[{"not_picked":["Cursed Key","ChewingGum"],"picked":"Bromod:ArcaneBarrier"}],"items_purged_floors":[],"is_endless":false,"potions_floor_spawned":[10,16,24],"killed_by":"ruina:3_Scarecrows","ascension_level":6}}