{"host":"q57ekfojy3i00x9o","time":1613569240,"event":{"mods":["Act Like it!","Arknights","Aspiration","BaseMod","Colored Map","Energized Spire","Hermit","Minty Spire (QoL Compilation)","Quick Restart","Spicy Shops","Spikes Relics","StSLib","slay the spire mod where everything is the same but ironclad has a cowboy hat"],"gold_per_floor":[112,112,112,131,131,131,157,169,195,64,64,64,64,75,75,172,172,191,211,231,77,77,77,96,96,96,196,231,247,281,299,299,395,395,410,428,213,213,261,261,261,261],"floor_reached":41,"language":"RUS","playtime":878,"items_purged":["Injury"],"score":831,"play_id":"e1d4f72b-61dd-40b5-9310-84668670fc13","local_time":"20210217184040","is_ascension_mode":true,"campfire_choices":[{"data":"ats:Powerful Strike","floor":6.0,"key":"SMITH"},{"data":"ats:Red Shift","floor":11.0,"key":"SMITH"},{"data":"ats:Sashimi Platter","floor":13.0,"key":"SMITH"},{"data":"ats:Consecutive Shot Auto","floor":15.0,"key":"SMITH"},{"floor":23.0,"key":"REST"},{"floor":32,"key":"REST"},{"floor":40,"key":"REST"}],"circlet_count":0,"master_deck":["AscendersBane","ats:Strike C+1","ats:Strike G+1","ats:Strike S+1","ats:Strike V+1","ats:Armor Crushing Shot","ats:Defend+1","ats:Defend+1","ats:Defend+1","ats:Defend+1","ats:Emotion Absorption","ats:Leaping Hammer","ats:Powerful Strike+1","ats:Sashimi Platter+1","ats:Consecutive Shot Auto+1","ats:Consecutive Shot Auto","ats:Red Shift+1","ats:Shadow Assault+1","ats:Cat Scratch+1","ats:Poison Spread+1","ats:Blood Oath+1","ats:Leaping Hammer+1","ats:Apocalypse","ats:Thorns+1","ats:Curse Doll","ats:Ambush+1","ats:Leaping Hammer+1","ats:Poison Spread+1","ats:Mental Burst+1","ats:Leaping Hammer+1"],"relics":["ats:Sanity","NeowsBlessing","aspiration:SeaSaltIceCream","Vajra","ats:Originium","SpikesRelics:ToyHorsey","Blood Vial","Molten Egg 2","Busted Crown","ats:Berate","Girya","Singing Bowl","Frozen Egg 2","Bottled Lightning","ats:Ability Aura","aspiration:AnachronicSnailShell"],"acts_visited":["Exordium","TheCity","TheBeyond"],"potions_floor_usage":[33],"damage_taken":[{"damage":0.0,"enemies":"Small Slimes","floor":1.0,"turns":1.0},{"damage":0.0,"enemies":"2 Louse","floor":4.0,"turns":1.0},{"damage":0.0,"enemies":"3 Sentries","floor":7.0,"turns":1.0},{"damage":7.0,"enemies":"Jaw Worm","floor":8.0,"turns":2.0},{"damage":9.0,"enemies":"2 Fungi Beasts","floor":14.0,"turns":2.0},{"damage":0.0,"enemies":"Slime Boss","floor":16.0,"turns":7.0},{"damage":2.0,"enemies":"Chosen","floor":18.0,"turns":3.0},{"damage":19.0,"enemies":"3 Byrds","floor":19.0,"turns":4.0},{"damage":37.0,"enemies":"Snecko","floor":20.0,"turns":4.0},{"damage":24.0,"enemies":"Snake Plant","floor":24.0,"turns":3.0},{"damage":13.0,"enemies":"Colosseum Slavers","floor":27.0,"turns":3.0},{"damage":25.0,"enemies":"Colosseum Nobs","floor":27.0,"turns":4.0},{"damage":28.0,"enemies":"Slavers","floor":28.0,"turns":4.0},{"damage":4,"enemies":"Chosen and Byrds","floor":29,"turns":3},{"damage":37,"enemies":"Book of Stabbing","floor":30,"turns":4},{"damage":12,"enemies":"Cultist and Chosen","floor":31,"turns":3},{"damage":71,"enemies":"Automaton","floor":33,"turns":7},{"damage":57,"enemies":"3 Darklings","floor":35,"turns":3},{"damage":2,"enemies":"3 Shapes","floor":36,"turns":3},{"damage":49,"enemies":"2 Orb Walkers","floor":39,"turns":5},{"damage":78,"enemies":"Giant Head","floor":41,"turns":7}],"seed_played":"5967121664338853575","potions_obtained":[{"floor":7.0,"key":"Explosive Potion"},{"floor":8.0,"key":"Regen Potion"},{"floor":14.0,"key":"ats:Top Emergency Sanity Potion"},{"floor":16.0,"key":"ats:Emergency Sanity Potion"},{"floor":24.0,"key":"EssenceOfSteel"},{"floor":27.0,"key":"AttackPotion"},{"floor":28.0,"key":"Dexterity Potion"},{"floor":29,"key":"FairyPotion"}],"is_trial":false,"path_per_floor":["M","?","?","M","?","R","E","M","T","$","R","?","R","M","R","B",null,"M","M","M","$","?","R","M","?","T","?","E","M","E","M","R","B",null,"M","M","$","?","?","R","E"],"character_chosen":"DOCTOR_CLASS","items_purchased":["ats:Consecutive Shot Auto","ats:Red Shift","ats:Poison Spread+1","ats:Blood Oath+1","ats:Mental Burst+1","ats:Ability Aura"],"campfire_rested":3,"item_purchase_floors":[10,10,21,21,37,37],"current_hp_per_floor":[65,58,58,58,72,72,72,65,65,65,65,65,65,58,58,72,72,70,61,38,38,38,59,45,45,45,38,30,34,18,12,34,56,71,27,31,31,66,29,48,0,0],"gold":261,"neow_bonus":"THREE_ENEMY_KILL","is_daily":false,"chose_seed":false,"campfire_upgraded":4,"win_rate":0.0,"timestamp":1613569240,"path_taken":["M","?","?","M","?","R","E","M","T","?","R","?","R","M","R","BOSS","M","M","M","$","?","R","M","?","T","?","E","?","E","M","R","BOSS","M","M","$","?","?","R","E"],"items_purchased_type":["Card","Card","Card","Card","Card","Relic"],"build_version":"2020-12-22","purchased_purges":1,"victory":false,"max_hp_per_floor":[72,72,72,72,72,72,72,72,72,72,72,72,72,72,72,72,72,72,72,72,72,72,72,72,72,72,72,74,76,76,76,76,76,76,76,76,76,66,66,66,66,66],"card_choices":[{"not_picked":["ats:Blood Oath","ats:Literary Storm"],"picked":"ats:Leaping Hammer","floor":1.0},{"not_picked":["ats:Assault Order","ats:Explosion Area Strengthen"],"picked":"ats:Powerful Strike","floor":4.0},{"not_picked":["ats:Literary Storm","ats:Thermite Blade"],"picked":"ats:Sashimi Platter","floor":7.0},{"not_picked":["ats:Leaping Hammer","ats:Thorns"],"picked":"ats:Consecutive Shot Auto","floor":8.0},{"not_picked":["ats:Counter Healing Mode","ats:Ignite+1","ats:Absolute Focus"],"picked":"SKIP","floor":14.0},{"not_picked":["ats:Fractured Body","ats:Disruption Kick+1"],"picked":"ats:Shadow Assault+1","floor":16.0},{"not_picked":[],"picked":"ats:Cat Scratch+1","floor":18.0},{"not_picked":["ats:Part Time Job"],"picked":"SKIP","floor":19.0},{"not_picked":["ats:Healing Drone"],"picked":"SKIP","floor":20.0},{"not_picked":[],"picked":"ats:Leaping Hammer+1","floor":24.0},{"not_picked":[],"picked":"ats:Apocalypse","floor":27.0},{"not_picked":["ats:LN2 Cannon+1"],"picked":"Singing Bowl","floor":28.0},{"not_picked":["ats:Absolute Focus"],"picked":"Singing Bowl","floor":29},{"not_picked":[],"picked":"ats:Thorns+1","floor":30},{"not_picked":[],"picked":"ats:Curse Doll","floor":31},{"not_picked":[],"picked":"ats:Ambush+1","floor":33},{"not_picked":[],"picked":"ats:Leaping Hammer+1","floor":35},{"not_picked":[],"picked":"ats:Poison Spread+1","floor":36},{"not_picked":[],"picked":"ats:Leaping Hammer+1","floor":39}],"player_experience":773318,"relics_obtained":[{"floor":7.0,"key":"ats:Originium"},{"floor":7.0,"key":"SpikesRelics:ToyHorsey"},{"floor":9.0,"key":"Blood Vial"},{"floor":26.0,"key":"ats:Berate"},{"floor":27.0,"key":"Girya"},{"floor":27.0,"key":"Singing Bowl"},{"floor":28.0,"key":"ats:Originium"},{"floor":28.0,"key":"Frozen Egg 2"},{"floor":30,"key":"ats:Originium"},{"floor":30,"key":"Bottled Lightning"},{"floor":39,"key":"aspiration:AnachronicSnailShell"}],"event_choices":[{"damage_healed":0.0,"max_hp_gain":0.0,"max_hp_loss":0.0,"gold_gain":0.0,"event_name":"Scrap Ooze","player_choice":"Success","floor":2.0,"gold_loss":0.0,"damage_taken":7.0,"relics_obtained":["aspiration:SeaSaltIceCream"]},{"damage_healed":0.0,"max_hp_gain":0.0,"max_hp_loss":0.0,"gold_gain":0.0,"event_name":"The Cleric","player_choice":"Leave","floor":3.0,"gold_loss":0.0,"damage_taken":0.0},{"damage_healed":24.0,"max_hp_gain":0.0,"max_hp_loss":0.0,"gold_gain":0.0,"event_name":"Big Fish","player_choice":"Banana","floor":5.0,"gold_loss":0.0,"damage_taken":0.0},{"damage_healed":0.0,"max_hp_gain":0.0,"max_hp_loss":0.0,"gold_gain":0.0,"event_name":"Back to Basics","player_choice":"Simplicity","floor":22.0,"gold_loss":0.0,"damage_taken":0.0,"cards_upgraded":["ats:Strike C","ats:Strike G","ats:Strike S","ats:Strike V","ats:Defend","ats:Defend","ats:Defend","ats:Defend"]},{"damage_healed":0.0,"max_hp_gain":0.0,"max_hp_loss":0.0,"gold_gain":0.0,"event_name":"Ghosts","player_choice":"Ignored","floor":25.0,"gold_loss":0.0,"damage_taken":0.0},{"damage_healed":0.0,"max_hp_gain":0.0,"max_hp_loss":0.0,"gold_gain":0.0,"event_name":"Colosseum","player_choice":"Fight","floor":27.0,"gold_loss":0.0,"damage_taken":0.0},{"damage_healed":0.0,"max_hp_gain":0.0,"max_hp_loss":0.0,"gold_gain":0.0,"event_name":"Colosseum","player_choice":"Fought Nobs","floor":27.0,"gold_loss":0.0,"damage_taken":0.0},{"damage_healed":66,"gold_gain":0,"player_choice":"Heal","damage_taken":0,"max_hp_gain":0,"max_hp_loss":10,"event_name":"The Moai Head","floor":38,"gold_loss":0},{"damage_healed":0,"gold_gain":0,"player_choice":"Fight","damage_taken":0,"max_hp_gain":0,"max_hp_loss":0,"event_name":"Mysterious Sphere","floor":39,"gold_loss":0}],"is_beta":false,"boss_relics":[{"not_picked":["aspiration:WatcherSkillbook","energizedSpire:RedRose"],"picked":"Busted Crown"},{"not_picked":["energizedSpire:StickyHand","Runic Dome","Coffee Dripper"]}],"items_purged_floors":[21],"is_endless":false,"potions_floor_spawned":[7,8,14,16,24,27,27,28,29],"killed_by":"Giant Head","ascension_level":12}}