{"host":"n43wxkei7kulhi8o","time":1613572047,"event":{"mods":["BaseMod","Bestiary","Block Reminder","Colored Map","Colored Powertips","Curses Come First","Custom Start","Dark Map","Highlight Path","Minty Spire (QoL Compilation)","Relic Stats","StSLib"],"gold_per_floor":[113,113,123,141,141,141,159,236,236,236,250,250,270,290,290,385,385,385,241,241,241,241,241,241,241,241,241,241,241,241,241,241,241,241,241,241,241,241,241,241,241,241,241,241,241,241,241,241,241,241,241],"floor_reached":50,"language":"ENG","playtime":1601,"items_purged":[],"score":438,"play_id":"ca0783fb-4da0-4d06-b4f4-2b15b197d614","local_time":"20210217092727","is_ascension_mode":false,"campfire_choices":[{"data":"Pommel Strike","floor":6,"key":"SMITH"},{"data":"Armaments","floor":10,"key":"SMITH"},{"data":"Sword Boomerang","floor":12,"key":"SMITH"},{"data":"Disarm","floor":15,"key":"SMITH"},{"data":"Disarm","floor":23,"key":"SMITH"},{"data":"Shrug It Off","floor":25,"key":"SMITH"},{"floor":30,"key":"REST"},{"data":"Cleave","floor":32,"key":"SMITH"},{"data":"Flex","floor":40,"key":"SMITH"},{"floor":42,"key":"REST"},{"floor":44,"key":"REST"},{"floor":49,"key":"REST"}],"circlet_count":0,"master_deck":["Strike_R","Strike_R+1","Strike_R","Strike_R","Strike_R","Defend_R","Defend_R","Defend_R","Defend_R","Bash+1","Pommel Strike+1","Sword Boomerang+1","Armaments+1","Impervious","Cleave+1","Disarm+1","Disarm+1","Shrug It Off+1","Flex+1","Cleave+1","Fiend Fire+1","Armaments+1","Bash+1","Bludgeon+1","Twin Strike+1","Dropkick+1","Bash+1"],"relics":["Burning Blood","Ancient Tea Set","Vajra","Ectoplasm","Pen Nib","Bronze Scales","Molten Egg 2","Tiny House","StoneCalendar","Mercury Hourglass"],"acts_visited":["Exordium","TheCity","TheBeyond"],"potions_floor_usage":[33,50,50],"damage_taken":[{"damage":1,"enemies":"Cultist","floor":1,"turns":4},{"damage":8,"enemies":"Jaw Worm","floor":3,"turns":3},{"damage":9,"enemies":"2 Louse","floor":4,"turns":3},{"damage":12,"enemies":"Exordium Wildlife","floor":7,"turns":5},{"damage":5,"enemies":"Looter","floor":11,"turns":2},{"damage":2,"enemies":"Blue Slaver","floor":13,"turns":2},{"damage":5,"enemies":"Lots of Slimes","floor":14,"turns":3},{"damage":24,"enemies":"The Guardian","floor":16,"turns":11},{"damage":5,"enemies":"Spheric Guardian","floor":18,"turns":4},{"damage":10,"enemies":"Shell Parasite","floor":24,"turns":3},{"damage":22,"enemies":"Sentry and Sphere","floor":27,"turns":6},{"damage":7,"enemies":"Snecko","floor":28,"turns":5},{"damage":3,"enemies":"Centurion and Healer","floor":29,"turns":6},{"damage":7,"enemies":"Snake Plant","floor":31,"turns":2},{"damage":24,"enemies":"Collector","floor":33,"turns":10},{"damage":12,"enemies":"Orb Walker","floor":35,"turns":4},{"damage":10,"enemies":"3 Shapes","floor":37,"turns":8},{"damage":35,"enemies":"Writhing Mass","floor":38,"turns":6},{"damage":20,"enemies":"3 Darklings","floor":39,"turns":4},{"damage":14,"enemies":"4 Shapes","floor":45,"turns":7},{"damage":37,"enemies":"Jaw Worm Horde","floor":48,"turns":4},{"damage":94,"enemies":"Awakened One","floor":50,"turns":11}],"seed_played":"-8775052309938021631","potions_obtained":[{"floor":3,"key":"LiquidMemories"},{"floor":7,"key":"Ancient Potion"},{"floor":14,"key":"Energy Potion"},{"floor":29,"key":"DuplicationPotion"},{"floor":34,"key":"SkillPotion"}],"is_trial":false,"path_per_floor":["M","?","M","M","?","R","M","?","T","R","M","R","M","M","R","B",null,"M","$","?","?","T","R","M","R","T","M","M","M","R","M","R","B",null,"M","?","M","M","M","R","T","R","T","R","M","?","?","M","R","B"],"character_chosen":"IRONCLAD","items_purchased":["Pen Nib"],"campfire_rested":4,"item_purchase_floors":[19],"current_hp_per_floor":[80,80,78,75,80,80,74,74,74,74,75,75,79,80,80,62,85,85,85,69,69,69,69,65,65,65,49,48,51,78,77,77,59,95,89,89,85,56,42,42,42,70,70,95,87,87,87,56,83,0,0],"gold":241,"neow_bonus":"RANDOM_COMMON_RELIC","is_daily":false,"chose_seed":false,"campfire_upgraded":8,"win_rate":0.0,"timestamp":1613572047,"path_taken":["M","?","M","M","?","R","M","?","T","R","M","R","?","M","R","BOSS","M","$","?","?","?","R","?","R","T","M","M","M","R","M","R","BOSS","M","?","M","?","M","R","?","R","T","R","M","?","?","M","R","BOSS"],"items_purchased_type":["Relic"],"build_version":"2020-12-22","purchased_purges":0,"victory":false,"max_hp_per_floor":[80,80,80,80,85,85,85,85,85,85,85,85,85,85,85,85,85,85,85,90,90,90,90,90,90,90,90,90,90,90,90,90,90,95,95,95,95,95,95,95,95,95,95,95,95,90,90,90,90,90,90],"relic_stats":{"counters":[22,113],"Bronze Scales":[219],"StoneCalendar":[98],"Ectoplasm":327,"Pen Nib":[13],"obtain_stats":[{"Tiny House":34,"Bronze Scales":22,"Vajra":9,"Molten Egg 2":26,"StoneCalendar":41,"Ectoplasm":17,"Pen Nib":19,"Ancient Tea Set":0,"Burning Blood":0,"Mercury Hourglass":43},{"Tiny House":15,"Bronze Scales":9,"Vajra":4,"Molten Egg 2":10,"StoneCalendar":19,"Ectoplasm":8,"Pen Nib":9,"Ancient Tea Set":0,"Burning Blood":0,"Mercury Hourglass":19},{"Tiny House":69,"Bronze Scales":37,"Vajra":15,"Molten Egg 2":40,"StoneCalendar":91,"Ectoplasm":33,"Pen Nib":37,"Ancient Tea Set":0,"Burning Blood":0,"Mercury Hourglass":91}],"Burning Blood":120,"Mercury Hourglass":[108]},"card_choices":[{"not_picked":["True Grit","Iron Wave","Bloodletting"],"picked":"SKIP","floor":1},{"not_picked":["Anger","Iron Wave"],"picked":"Pommel Strike","floor":3},{"not_picked":["Sever Soul","True Grit"],"picked":"Sword Boomerang","floor":4},{"not_picked":["Intimidate","Headbutt"],"picked":"Armaments","floor":7},{"not_picked":["Iron Wave","Clothesline"],"picked":"Impervious","floor":11},{"not_picked":["Hemokinesis","Ghostly Armor"],"picked":"Cleave","floor":13},{"not_picked":["Sword Boomerang","Havoc"],"picked":"Disarm","floor":14},{"not_picked":["Cleave","Pommel Strike+1"],"picked":"Disarm","floor":18},{"not_picked":["Iron Wave","Dark Embrace"],"picked":"Shrug It Off","floor":24},{"not_picked":["Second Wind+1","Dark Embrace"],"picked":"Flex","floor":27},{"not_picked":["Barricade","Warcry","Rampage+1"],"picked":"SKIP","floor":28},{"not_picked":["Sword Boomerang+1","Bloodletting","Iron Wave+1"],"picked":"SKIP","floor":29},{"not_picked":["Second Wind+1","Wild Strike+1"],"picked":"Cleave+1","floor":31},{"not_picked":["Exhume","Corruption"],"picked":"Fiend Fire+1","floor":33},{"not_picked":["Thunderclap+1","Havoc"],"picked":"Armaments+1","floor":34},{"not_picked":["Headbutt+1","Havoc","Body Slam+1"],"picked":"SKIP","floor":35},{"not_picked":["Wild Strike+1","Armaments+1"],"picked":"Twin Strike+1","floor":37},{"not_picked":["Hemokinesis+1","Warcry"],"picked":"Dropkick+1","floor":38},{"not_picked":["Flex","Headbutt+1","Wild Strike+1"],"picked":"SKIP","floor":39},{"not_picked":["Power Through","Havoc","Cleave+1"],"picked":"SKIP","floor":45},{"not_picked":["Entrench","Burning Pact","Feel No Pain+1"],"picked":"SKIP","floor":48},{"not_picked":["Entrench","Burning Pact","Feel No Pain+1"],"picked":"SKIP","floor":48}],"player_experience":703742,"relics_obtained":[{"floor":9,"key":"Vajra"},{"floor":22,"key":"Bronze Scales"},{"floor":26,"key":"Molten Egg 2"},{"floor":41,"key":"StoneCalendar"},{"floor":43,"key":"Mercury Hourglass"}],"event_choices":[{"damage_healed":0,"gold_gain":0,"player_choice":"Grow","damage_taken":0,"max_hp_gain":0,"max_hp_loss":0,"event_name":"Living Wall","floor":2,"gold_loss":0,"cards_upgraded":["Bash"]},{"damage_healed":0,"gold_gain":0,"player_choice":"Donut","damage_taken":0,"max_hp_gain":5,"max_hp_loss":0,"event_name":"Big Fish","floor":5,"gold_loss":0},{"damage_healed":0,"gold_gain":77,"player_choice":"Gained Gold","damage_taken":0,"max_hp_gain":0,"max_hp_loss":0,"event_name":"Golden Wing","floor":8,"gold_loss":0},{"damage_healed":0,"gold_gain":0,"player_choice":"Shed Blood","damage_taken":21,"max_hp_gain":5,"max_hp_loss":0,"event_name":"Forgotten Altar","floor":20,"gold_loss":0},{"damage_healed":0,"gold_gain":0,"player_choice":"Ignored","damage_taken":0,"max_hp_gain":0,"max_hp_loss":0,"event_name":"Vampires","floor":21,"gold_loss":0},{"damage_healed":0,"gold_gain":0,"player_choice":"2 cards matched","damage_taken":0,"max_hp_gain":0,"max_hp_loss":0,"event_name":"Match and Keep!","floor":36,"gold_loss":0,"cards_obtained":["Bash","Bludgeon"]},{"damage_healed":0,"gold_gain":0,"player_choice":"Max HP","damage_taken":0,"max_hp_gain":0,"max_hp_loss":5,"event_name":"Winding Halls","floor":46,"gold_loss":0},{"damage_healed":0,"gold_gain":0,"player_choice":"Copied","damage_taken":0,"max_hp_gain":0,"max_hp_loss":0,"event_name":"Duplicator","floor":47,"gold_loss":0,"cards_obtained":["Bash"]}],"is_beta":false,"boss_relics":[{"not_picked":["Black Star","Runic Cube"],"picked":"Ectoplasm"},{"not_picked":["Philosopher\u0027s Stone","Runic Dome"],"picked":"Tiny House"}],"items_purged_floors":[],"is_endless":false,"potions_floor_spawned":[3,7,14,16,27,28,29,37,48],"killed_by":"Awakened One","ascension_level":0}}