{"host":"kfzb6d1vwx0oeud7","time":1613559952,"event":{"mods":["BaseMod","Colored Map","Colored Powertips","Infinite Spire","Marisa????????","Minty Spire (QoL Compilation)","Remilia??????","StSLib","The Cursed","The Disciple","The Servant 0.9.4"],"gold_per_floor":[119,139,139,154,166,201,217,230,230,230,240,240,240,253,253,253,253],"floor_reached":16,"language":"ENG","playtime":1562,"items_purged":[],"score":131,"play_id":"264f9b66-e8a6-4e66-a539-5ed5ef4cf08c","local_time":"20210217060552","is_ascension_mode":false,"campfire_choices":[{"floor":12,"key":"REST"},{"floor":15,"key":"REST"}],"circlet_count":0,"master_deck":["Strike_S","Strike_S","Strike_S","Strike_S","Defend_S","Defend_S","Defend_S","Defend_S","KidneyShot","Exchange","ShiftingGears","Defy","Regret","Barrier","DoubleEdge","Moonlight","ShatteredReality","Foresight","SpecialFormula","Potential","Ricochet"],"relics":["Uniform","Potion Belt","Ancient Tea Set","Pear"],"acts_visited":["Exordium"],"potions_floor_usage":[6,6,14,14],"damage_taken":[{"damage":0,"enemies":"Jaw Worm","floor":1,"turns":6},{"damage":0,"enemies":"Small Slimes","floor":2,"turns":3},{"damage":6,"enemies":"Cultist","floor":4,"turns":4},{"damage":22,"enemies":"Gremlin Gang","floor":5,"turns":7},{"damage":4,"enemies":"Gremlin Nob","floor":6,"turns":4},{"damage":18,"enemies":"Blue Slaver","floor":7,"turns":3},{"damage":1,"enemies":"3 Louse","floor":8,"turns":4},{"damage":5,"enemies":"Looter","floor":11,"turns":3},{"damage":16,"enemies":"Exordium Thugs","floor":14,"turns":5},{"damage":69,"enemies":"Hexaghost","floor":16,"turns":16}],"seed_played":"-6051238075978692586","potions_obtained":[{"floor":2,"key":"ColorlessPotion"},{"floor":5,"key":"Block Potion"},{"floor":8,"key":"LiquidBronze"},{"floor":11,"key":"EssenceOfSteel"}],"is_trial":false,"path_per_floor":["M","M","?","M","M","E","M","M","T","?","M","R","?","M","R","B"],"character_chosen":"THE_SERVANT","items_purchased":[],"campfire_rested":2,"item_purchase_floors":[],"current_hp_per_floor":[71,71,71,65,43,39,21,20,30,30,25,49,49,38,62,0,0],"gold":253,"neow_bonus":"TEN_PERCENT_HP_BONUS","is_daily":false,"chose_seed":false,"campfire_upgraded":0,"win_rate":0.0,"timestamp":1613559952,"path_taken":["M","M","?","M","M","E","M","M","T","?","M","R","?","M","R","BOSS"],"items_purchased_type":[],"build_version":"2020-12-22","purchased_purges":0,"victory":false,"max_hp_per_floor":[71,71,71,71,71,71,71,71,81,81,81,81,81,81,81,81,81],"card_choices":[{"not_picked":["Spin","Starlight"],"picked":"ShiftingGears","floor":1},{"not_picked":["Potential","Rewind"],"picked":"Defy","floor":2},{"not_picked":["Replace","Advance"],"picked":"Barrier","floor":4},{"not_picked":["Replace","BottledTime"],"picked":"DoubleEdge","floor":5},{"not_picked":["Dilation","Rearm"],"picked":"Moonlight","floor":6},{"not_picked":["DoubleEdge","Advance"],"picked":"ShatteredReality","floor":7},{"not_picked":["StarChef","Starlight"],"picked":"Foresight","floor":8},{"not_picked":["Contraction","Revamp"],"picked":"SpecialFormula","floor":11},{"not_picked":["ShiftingGears","DoubleEdge"],"picked":"Ricochet","floor":14}],"player_experience":433248,"relics_obtained":[{"floor":6,"key":"Ancient Tea Set"},{"floor":9,"key":"Pear"}],"event_choices":[{"damage_healed":0,"gold_gain":0,"player_choice":"Box","damage_taken":0,"relics_obtained":["Potion Belt"],"max_hp_gain":0,"max_hp_loss":0,"event_name":"Big Fish","floor":3,"gold_loss":0,"cards_obtained":["Regret"]},{"damage_healed":0,"gold_gain":0,"player_choice":"1 cards matched","damage_taken":0,"max_hp_gain":0,"max_hp_loss":0,"event_name":"Match and Keep!","floor":13,"gold_loss":0,"cards_obtained":["Potential"]}],"is_beta":false,"boss_relics":[],"items_purged_floors":[],"is_endless":false,"potions_floor_spawned":[2,5,8,11],"killed_by":"Hexaghost","ascension_level":0}}