{"host":"mjz23ua65frb32d6","time":1613592949,"event":{"mods":["Abigail Mod","AchievementEnabler","Act Like it!","Aspiration","BaseMod","CCEM2","CapriCore","Clockwork Mod","Conspire","Downfall","Energized Spire","Fireblade Mod","Friendly Minions","GifTheSpireLib","GungeonMod","Halation","Hallownest","Hubris","Infinite Spire","Ironclad Rager","Jedi Mod","Jorbs\u0027s Wanderer Trilogy","Koishi","KomeijiMod","Lobotomy","LobotomyExtend","Magitek Elite","Mari Mod (Legacy)","Mari\u0027s V1 Patch","Melee Mod","Minty Spire (QoL Compilation)","MostiFishMod","Pale of the Ancients","Prisma Mod","Quarter Circle Forward PUNCH!","RRrroohrrRGHHhhh!!","Railgun Mod","Random Character Button","Rare Cards Sparkle","Replay The Spire","Retaliation","Ruin Mod","RumiaBox-????????","SCP261 Mod","Slumbering Mod","Spikes Relics","Spire Birthday Party","StSLib","Stuff the Spire","The Animator","The Cursed","The Forsaken","The Immortal","The Juggle","The Jungle","The Kombatant","The Poker Player","The Runesmith","The Sage","The Saiyan","The Spell Scribe","The Vixen","The Wild Card","TheHero","Trackpad","Virulent Crown","Wandering Minibosses"],"gold_per_floor":[369,17,29,42,117,117,129,163,163,163,163],"floor_reached":10,"language":"ENG","playtime":278,"items_purged":[],"score":107,"play_id":"4de8e3a3-5e55-4824-8e72-bfc947c73539","local_time":"20210217151549","is_ascension_mode":true,"campfire_choices":[{"floor":6,"key":"REST"}],"circlet_count":0,"master_deck":["Strike_R","Strike_R","Strike_R","Strike_R","Strike_R","Defend_R","Defend_R","Defend_R","Defend_R","Bash","stsjorbsmod:CoupDeGrace","animator:Strike_Elsword","Heavy Blade","Invigoration+1","Bloodletting","Infernal Blade"],"relics":["Burning Blood","DaveBox","AddBug","SecretRecord","SecretRecord"],"acts_visited":["Exordium"],"potions_floor_usage":[8],"damage_taken":[{"damage":20,"enemies":"Jaw Worm","floor":1,"turns":5},{"damage":0,"enemies":"Small Slimes","floor":3,"turns":4},{"damage":29,"enemies":"2 Louse","floor":4,"turns":3},{"damage":28,"enemies":"Blue Slaver","floor":7,"turns":3},{"damage":20,"enemies":"Gremlin Nob","floor":8,"turns":3},{"damage":54,"enemies":"Lagavulin","floor":10,"turns":4}],"seed_played":"-550295095523178937","potions_obtained":[{"floor":1,"key":"Elixir"},{"floor":4,"key":"SkillPotion"}],"is_trial":false,"path_per_floor":["M","$","M","M","?","R","M","E","T","E"],"character_chosen":"IRONCLAD","items_purchased":["Invigoration+1","Girya"],"campfire_rested":1,"item_purchase_floors":[2,2],"current_hp_per_floor":[66,66,72,49,38,62,40,26,26,0,0],"gold":163,"neow_bonus":"TWO_FIFTY_GOLD","is_daily":false,"chose_seed":false,"campfire_upgraded":0,"win_rate":0.0,"timestamp":1613592949,"path_taken":["M","$","M","M","?","R","M","E","T","E"],"items_purchased_type":["Card","Relic"],"build_version":"2020-12-22","purchased_purges":0,"victory":false,"max_hp_per_floor":[80,80,80,80,80,80,80,80,80,80,80],"card_choices":[{"not_picked":["Body Slam","Second Wind"],"picked":"Heavy Blade","floor":1},{"not_picked":["StuffTheSpire:Slingshot","ReplayTheSpireMod:Stacked","StuffTheSpire:RagingBull"],"picked":"SKIP","floor":3},{"not_picked":["Rage","Intimidate"],"picked":"Bloodletting","floor":4},{"not_picked":["Body Slam","Demonic Infusion"],"picked":"Infernal Blade","floor":7},{"not_picked":["Anger","StuffTheSpire:RockThrow","rorgmod:Searing Blow"],"picked":"SKIP","floor":8}],"player_experience":201648,"relics_obtained":[{"floor":1,"key":"AddBug"},{"floor":1,"key":"SynthV:TestCard"},{"floor":1,"key":"LetterFromLob"},{"floor":3,"key":"LetterFromLob"},{"floor":4,"key":"SecretRecord"},{"floor":4,"key":"LetterFromLob"},{"floor":7,"key":"LetterFromLob"},{"floor":8,"key":"StuffTheSpire:PointBlank"},{"floor":8,"key":"LetterFromLob"},{"floor":9,"key":"MagicDraw3"}],"event_choices":[{"damage_healed":0,"gold_gain":75,"player_choice":"Gather Gold","damage_taken":11,"max_hp_gain":0,"max_hp_loss":0,"event_name":"World of Goop","floor":5,"gold_loss":0}],"is_beta":false,"boss_relics":[],"items_purged_floors":[],"is_endless":false,"potions_floor_spawned":[1,4],"killed_by":"Lagavulin","ascension_level":3}}