{"host":"jvrojcijqdlksu05","time":1613538100,"event":{"mods":["BaseMod","Highlight Path","Minty Spire (QoL Compilation)","Relic Stats","StSLib"],"gold_per_floor":[112,212,227,247,258,285,350,381,430,313,347,347,297,336,336,465,465,514,439,439,481,501,556,556,583,583,601,632,675,283,327,327,427,427,446,91,136,154,204,204,264,264,291,332,397,446,163,163,163,163,163,163,5,30,30,30],"floor_reached":55,"language":"ENG","playtime":4540,"items_purged":["Defend_P","Strike_P+1","Strike_P+1"],"score":1201,"play_id":"8c814799-5954-4699-89d0-8222fb22970b","local_time":"20210216210140","is_ascension_mode":true,"campfire_choices":[{"floor":12.0,"key":"REST"},{"data":"Conclude","floor":15.0,"key":"SMITH"},{"data":"BowlingBash","floor":24,"key":"SMITH"},{"floor":32,"key":"REST"},{"floor":40,"key":"RECALL"},{"floor":42,"key":"REST"},{"floor":49,"key":"REST"},{"floor":52,"key":"REST"}],"circlet_count":0,"master_deck":["Defend_P+1","Defend_P+1","Defend_P+1","Eruption+1","Vigilance+1","LessonLearned+1","FlyingSleeves+1","FlyingSleeves+1","FlurryOfBlows+1","Crescendo+1","DeusExMachina+1","EmptyFist+1","Wish+1","Conclude+1","Adaptation+1","WheelKick","Vault+1","EmptyBody+1","Adaptation+1","Adaptation+1","Tantrum+1","Finesse+1","Panache+1","WaveOfTheHand+1","MentalFortress+1","TalkToTheHand+1","Study+1","Omniscience","Meditate","Wireheading","Halt"],"relics":["PureWater","Singing Bowl","The Courier","Smiling Mask","Art of War","Orrery","Lantern","VioletLotus","White Beast Statue","Unceasing Top","Mummified Hand","Omamori","Nunchaku","Fusion Hammer","Medical Kit","Bag of Marbles","MealTicket","Oddly Smooth Stone","CloakClasp","Toy Ornithopter"],"acts_visited":["Exordium","TheCity","TheBeyond","TheEnding"],"potions_floor_usage":[23,23,25,33,38,41,45,45,50,54,55,55,55],"damage_taken":[{"damage":5.0,"enemies":"Small Slimes","floor":1.0,"turns":4.0},{"damage":0.0,"enemies":"Cultist","floor":3.0,"turns":3.0},{"damage":0.0,"enemies":"Jaw Worm","floor":4.0,"turns":5.0},{"damage":9.0,"enemies":"2 Fungi Beasts","floor":5.0,"turns":3.0},{"damage":15.0,"enemies":"Gremlin Nob","floor":6.0,"turns":5.0},{"damage":12.0,"enemies":"3 Sentries","floor":7.0,"turns":3.0},{"damage":19.0,"enemies":"3 Sentries","floor":8.0,"turns":7.0},{"damage":0.0,"enemies":"Lagavulin","floor":11.0,"turns":4.0},{"damage":3.0,"enemies":"Blue Slaver","floor":14.0,"turns":3.0},{"damage":0.0,"enemies":"Slime Boss","floor":16.0,"turns":8.0},{"damage":0,"enemies":"3 Byrds","floor":18,"turns":5},{"damage":0,"enemies":"Shell Parasite","floor":21,"turns":3},{"damage":0,"enemies":"3 Cultists","floor":22,"turns":4},{"damage":2,"enemies":"Book of Stabbing","floor":23,"turns":3},{"damage":35,"enemies":"Slavers","floor":25,"turns":5},{"damage":14,"enemies":"Snake Plant","floor":27,"turns":2},{"damage":0,"enemies":"Gremlin Leader","floor":28,"turns":5},{"damage":0,"enemies":"Snecko","floor":29,"turns":3},{"damage":0,"enemies":"Centurion and Healer","floor":31,"turns":4},{"damage":8,"enemies":"Automaton","floor":33,"turns":6},{"damage":16,"enemies":"3 Shapes","floor":35,"turns":3},{"damage":0,"enemies":"3 Darklings","floor":37,"turns":2},{"damage":8,"enemies":"4 Shapes","floor":38,"turns":3},{"damage":0,"enemies":"Jaw Worm Horde","floor":39,"turns":3},{"damage":12,"enemies":"Reptomancer","floor":41,"turns":5},{"damage":14,"enemies":"Sphere and 2 Shapes","floor":44,"turns":3},{"damage":0,"enemies":"Nemesis","floor":45,"turns":2},{"damage":29,"enemies":"4 Shapes","floor":46,"turns":4},{"damage":0,"enemies":"Awakened One","floor":50,"turns":9},{"damage":0,"enemies":"Shield and Spear","floor":54,"turns":5},{"damage":100,"enemies":"The Heart","floor":55,"turns":5}],"seed_played":"812232181595151955","potions_obtained":[{"floor":4.0,"key":"EntropicBrew"},{"floor":5.0,"key":"Ancient Potion"},{"floor":7.0,"key":"Weak Potion"},{"floor":11.0,"key":"BottledMiracle"},{"floor":18,"key":"GamblersBrew"},{"floor":21,"key":"Fire Potion"},{"floor":25,"key":"Strength Potion"},{"floor":27,"key":"Dexterity Potion"},{"floor":28,"key":"BlessingOfTheForge"},{"floor":29,"key":"Strength Potion"},{"floor":31,"key":"PowerPotion"},{"floor":33,"key":"GamblersBrew"},{"floor":38,"key":"DistilledChaos"},{"floor":39,"key":"GamblersBrew"},{"floor":41,"key":"Block Potion"},{"floor":45,"key":"LiquidBronze"},{"floor":46,"key":"Swift Potion"},{"floor":54,"key":"BottledMiracle"}],"is_trial":false,"path_per_floor":["M","?","M","M","M","E","?","E","T","$","E","R","?","M","R","B",null,"M","?","?","M","M","E","R","E","T","M","E","M","$","M","R","B",null,"M","$","M","M","M","R","E","R","T","M","E","M","$","?","R","B",null,"R","$","E","B"],"character_chosen":"WATCHER","items_purchased":["Orrery","Nunchaku","Finesse","Panache","Medical Kit","MentalFortress","Bag of Marbles","CloakClasp","Meditate","Wireheading","Block Potion"],"campfire_rested":5,"item_purchase_floors":[10,30,30,30,36,36,36,47,53,53,53],"current_hp_per_floor":[60,60,60,60,51,36,24,7,7,11,13,34,34,31,31,31,73,73,73,73,73,75,75,75,42,42,28,28,28,28,30,54,48,83,67,67,67,61,63,63,51,77,77,65,67,38,53,53,80,80,91,91,91,91,0,0],"gold":30,"neow_bonus":"THREE_RARE_CARDS","is_daily":false,"chose_seed":false,"campfire_upgraded":2,"win_rate":0.0,"timestamp":1613538100,"path_taken":["M","?","?","M","M","E","?","E","T","$","E","R","?","M","R","BOSS","M","?","?","M","M","E","R","E","T","M","E","?","$","M","R","BOSS","M","$","M","M","M","R","E","R","T","M","E","M","$","?","R","BOSS","R","$","E","BOSS"],"items_purchased_type":["Relic","Relic","Card","Card","Relic","Card","Relic","Relic","Card","Card","Potion"],"build_version":"2020-12-22","purchased_purges":3,"victory":false,"max_hp_per_floor":[65,65,65,65,65,65,65,67,67,71,73,73,73,73,73,73,73,73,73,73,73,75,77,77,79,79,79,79,79,79,81,81,83,83,83,83,83,85,87,87,87,87,87,89,91,91,91,91,91,91,91,91,91,91,91,91],"relic_stats":{"Singing Bowl":26,"counters":[31,129],"CloakClasp":[93],"Smiling Mask":90,"Medical Kit":[5],"Nunchaku":[13],"Mummified Hand":[84],"MealTicket":15,"VioletLotus":[12],"Art of War":[18],"obtain_stats":[{"Lantern":11,"Singing Bowl":6,"Oddly Smooth Stone":45,"The Courier":7,"Omamori":28,"CloakClasp":47,"Smiling Mask":8,"Medical Kit":36,"White Beast Statue":23,"Nunchaku":30,"Mummified Hand":26,"Orrery":10,"MealTicket":41,"VioletLotus":17,"Fusion Hammer":34,"Art of War":9,"Bag of Marbles":36,"PureWater":0,"Unceasing Top":25,"Toy Ornithopter":54},{"Lantern":8,"Singing Bowl":5,"Oddly Smooth Stone":27,"The Courier":6,"Omamori":17,"CloakClasp":28,"Smiling Mask":7,"Medical Kit":21,"White Beast Statue":14,"Nunchaku":18,"Mummified Hand":15,"Orrery":7,"MealTicket":25,"VioletLotus":10,"Fusion Hammer":20,"Art of War":7,"Bag of Marbles":21,"PureWater":0,"Unceasing Top":15,"Toy Ornithopter":30},{"Lantern":34,"Singing Bowl":20,"Oddly Smooth Stone":106,"The Courier":23,"Omamori":72,"CloakClasp":110,"Smiling Mask":30,"Medical Kit":88,"White Beast Statue":60,"Nunchaku":75,"Mummified Hand":65,"Orrery":30,"MealTicket":101,"VioletLotus":45,"Fusion Hammer":85,"Art of War":30,"Bag of Marbles":88,"PureWater":0,"Unceasing Top":65,"Toy Ornithopter":124}],"Unceasing Top":[0],"Toy Ornithopter":9},"card_choices":[{"not_picked":["ConjureBlade","DevaForm"],"picked":"LessonLearned","floor":0.0},{"not_picked":["JustLucky","Vengeance"],"picked":"FlyingSleeves","floor":1.0},{"not_picked":["Halt","Sanctity"],"picked":"FlyingSleeves","floor":3.0},{"not_picked":["Sanctity","Swivel"],"picked":"FlurryOfBlows","floor":4.0},{"not_picked":["FlyingSleeves","Evaluate"],"picked":"Crescendo","floor":5.0},{"not_picked":["Protect","Vengeance"],"picked":"DeusExMachina","floor":6.0},{"not_picked":["CrushJoints","SandsOfTime"],"picked":"EmptyFist","floor":7.0},{"not_picked":["Devotion","DeceiveReality","Worship"],"picked":"Singing Bowl","floor":8.0},{"not_picked":["Evaluate","ThirdEye"],"picked":"Wish","floor":10.0},{"not_picked":["Consecrate","SashWhip"],"picked":"Conclude","floor":10.0},{"not_picked":["LikeWater","FlyingSleeves","DeceiveReality"],"picked":"Singing Bowl","floor":10.0},{"not_picked":["FlurryOfBlows","Perseverance","ConjureBlade"],"picked":"Singing Bowl","floor":10.0},{"not_picked":["FlurryOfBlows","CutThroughFate"],"picked":"Adaptation","floor":10.0},{"not_picked":["Conclude","PathToVictory","Protect"],"picked":"Singing Bowl","floor":11.0},{"not_picked":["Collect","Adaptation"],"picked":"WheelKick","floor":14.0},{"not_picked":["Omniscience","Establishment"],"picked":"Vault","floor":16.0},{"not_picked":["SashWhip","FlurryOfBlows"],"picked":"BowlingBash","floor":18},{"not_picked":["Crescendo","Protect+1"],"picked":"EmptyBody+1","floor":21},{"not_picked":["Prostrate+1","Conclude","Ragnarok"],"picked":"Singing Bowl","floor":22},{"not_picked":["EmptyBody+1","SignatureMove","Protect+1"],"picked":"Singing Bowl","floor":23},{"not_picked":["Conclude+1","FollowUp","SashWhip"],"picked":"Singing Bowl","floor":25},{"not_picked":["Evaluate","InnerPeace+1"],"picked":"Adaptation","floor":27},{"not_picked":["ReachHeaven","Pray"],"picked":"Adaptation+1","floor":28},{"not_picked":["Crescendo","Halt+1"],"picked":"Tantrum","floor":29},{"not_picked":["Fasting2","Vengeance","Adaptation"],"picked":"Singing Bowl","floor":31},{"not_picked":["LessonLearned","Alpha","Ragnarok"],"picked":"Singing Bowl","floor":33},{"not_picked":["Weave","Consecrate+1"],"picked":"WaveOfTheHand","floor":35},{"not_picked":["WreathOfFlame","EmptyBody"],"picked":"TalkToTheHand","floor":37},{"not_picked":["PathToVictory+1","Vengeance+1","BattleHymn+1"],"picked":"Singing Bowl","floor":38},{"not_picked":["EmptyFist+1","Indignation","Consecrate"],"picked":"Singing Bowl","floor":39},{"not_picked":["Wireheading","EmptyMind"],"picked":"Study+1","floor":41},{"not_picked":["Consecrate+1","Swivel","Perseverance+1"],"picked":"Singing Bowl","floor":44},{"not_picked":["SashWhip+1","Collect+1","Worship+1"],"picked":"Singing Bowl","floor":45},{"not_picked":["WreathOfFlame","MentalFortress"],"picked":"Omniscience","floor":46},{"not_picked":["LikeWater","Crescendo+1"],"picked":"Halt","floor":54}],"player_experience":1333791,"relics_obtained":[{"floor":6.0,"key":"Singing Bowl"},{"floor":7.0,"key":"The Courier"},{"floor":8.0,"key":"Smiling Mask"},{"floor":9.0,"key":"Art of War"},{"floor":11.0,"key":"Lantern"},{"floor":23,"key":"White Beast Statue"},{"floor":25,"key":"Unceasing Top"},{"floor":26,"key":"Mummified Hand"},{"floor":28,"key":"Omamori"},{"floor":41,"key":"MealTicket"},{"floor":45,"key":"Oddly Smooth Stone"},{"floor":54,"key":"Toy Ornithopter"}],"event_choices":[{"damage_healed":0.0,"max_hp_gain":0.0,"max_hp_loss":0.0,"gold_gain":100.0,"event_name":"Golden Shrine","player_choice":"Pray","floor":2.0,"gold_loss":0.0,"damage_taken":0.0},{"damage_healed":0.0,"max_hp_gain":0.0,"max_hp_loss":0.0,"gold_gain":0.0,"event_name":"Dead Adventurer","player_choice":"Searched \u00271\u0027 times","floor":7.0,"gold_loss":0.0,"damage_taken":0.0},{"cards_removed":["Strike_P"],"damage_healed":0.0,"max_hp_gain":0.0,"max_hp_loss":0.0,"gold_gain":0.0,"event_name":"The Cleric","player_choice":"Card Removal","floor":13.0,"gold_loss":50.0,"damage_taken":0.0},{"cards_removed":["Strike_P"],"damage_healed":0,"gold_gain":0,"player_choice":"Gave Gold","damage_taken":0,"max_hp_gain":0,"max_hp_loss":0,"event_name":"Beggar","floor":19,"gold_loss":75},{"damage_healed":0,"gold_gain":0,"player_choice":"Ignored","damage_taken":0,"max_hp_gain":0,"max_hp_loss":0,"event_name":"Vampires","floor":20,"gold_loss":0},{"cards_removed":["BowlingBash"],"damage_healed":0,"gold_gain":0,"player_choice":"Removed Attack","damage_taken":0,"max_hp_gain":0,"max_hp_loss":0,"event_name":"Falling","floor":48,"gold_loss":0}],"is_beta":false,"boss_relics":[{"not_picked":["SlaversCollar","Pandora\u0027s Box"],"picked":"VioletLotus"},{"not_picked":["SacredBark","Philosopher\u0027s Stone"],"picked":"Fusion Hammer"}],"items_purged_floors":[30,36,47],"is_endless":false,"potions_floor_spawned":[4,5,7,11,16,18,21,22,25,27,28,29,31,33,35,37,38,39,41,44,45,46,54],"killed_by":"The Heart","ascension_level":4}}