{"host":"omio3a71jojnapwg","time":1613546541,"event":{"mods":["Act Like it!","BaseMod","BetterRewards","Colored Map","Colored Powertips","Hermit","Hubris","Infinite Spire","Mad Scientist","Magitek Elite","Minty Spire (QoL Compilation)","Railgun Mod","ReimuÅiîé??öÎÅj","Replay The Spire","Robot Space Explorer","Spikes Relics","StSLib","Td1madao Mod","The Alterego","The Gatherer","The Necromancer","The Runesmith","The Servant 0.9.4","TheBandit","TheVacant"],"gold_per_floor":[113,87,87,97,97,97,97,123,173,173,192,37,37,54,54,155,155,173,205,205],"floor_reached":19,"language":"ENG","playtime":435,"items_purged":[],"score":415,"play_id":"18280b5b-dd38-47bf-970f-fc3de9eb8bcd","local_time":"20210216232221","daily_mods":["Draft","Hoarder","Specialized"],"is_ascension_mode":false,"campfire_choices":[{"data":"alterego_mod:Punishment","floor":6,"key":"SMITH"},{"data":"alterego_mod:Bounce","floor":13,"key":"SMITH"},{"data":"alterego_mod:Mirror","floor":15,"key":"SMITH"}],"circlet_count":0,"master_deck":["alterego_mod:ClassAdvantage","alterego_mod:ClassAdvantage","alterego_mod:ClassAdvantage","alterego_mod:ClassAdvantage","alterego_mod:ClassAdvantage","alterego_mod:ClassAdvantage","alterego_mod:ClassAdvantage","alterego_mod:ClassAdvantage","alterego_mod:ClassAdvantage","alterego_mod:ClassAdvantage","alterego_mod:ClassAdvantage","alterego_mod:ClassAdvantage","alterego_mod:ClassAdvantage","alterego_mod:ClassAdvantage","alterego_mod:ClassAdvantage","alterego_mod:Bounce","alterego_mod:Bounce","alterego_mod:Bounce+1","alterego_mod:Birthday","alterego_mod:Birthday","alterego_mod:Birthday","alterego_mod:Birthday","alterego_mod:Birthday","alterego_mod:Birthday","alterego_mod:Mirror+1","alterego_mod:Mirror","alterego_mod:Mirror","alterego_mod:BiFurious","alterego_mod:BiFurious","alterego_mod:BiFurious","alterego_mod:Bounce","alterego_mod:Bounce","alterego_mod:Bounce","alterego_mod:Support","alterego_mod:Support","alterego_mod:Support","alterego_mod:Smother","alterego_mod:Smother","alterego_mod:Smother","alterego_mod:Bounce","alterego_mod:Bounce","alterego_mod:Bounce","alterego_mod:Bounce","alterego_mod:Bounce","alterego_mod:Bounce","alterego_mod:Exercise","alterego_mod:Exercise","alterego_mod:Exercise","alterego_mod:Punishment","alterego_mod:Punishment","alterego_mod:Punishment","alterego_mod:Cooking","alterego_mod:Cooking","alterego_mod:Cooking","alterego_mod:BustOut","alterego_mod:BustOut","alterego_mod:BustOut","alterego_mod:Santa","alterego_mod:Santa","alterego_mod:Santa","alterego_mod:Maid","alterego_mod:Maid","alterego_mod:Maid","alterego_mod:Punishment+1","alterego_mod:Punishment","alterego_mod:Punishment","alterego_mod:TrashNCrash","alterego_mod:TrashNCrash","alterego_mod:TrashNCrash","alterego_mod:ChallengeComplete","alterego_mod:ChallengeComplete","alterego_mod:ChallengeComplete","alterego_mod:Rake","alterego_mod:Rake","alterego_mod:Rake","alterego_mod:GIGAMILK","alterego_mod:GIGAMILK","alterego_mod:GIGAMILK","alterego_mod:Cooking","alterego_mod:Cooking","alterego_mod:Cooking"],"relics":["alterego_mod:MasochisticConstitution","replay:Trail_Library","NeowsBlessing","infinitespire:Bottled Soul","Pen Nib","NeowsBlessing","Omamori","Busted Crown","Red Mask"],"acts_visited":["Exordium","TheCity"],"potions_floor_usage":[],"damage_taken":[{"damage":0,"enemies":"Cultist","floor":1,"turns":1},{"damage":0,"enemies":"2 Louse","floor":4,"turns":2},{"damage":0,"enemies":"Lagavulin","floor":8,"turns":1},{"damage":0,"enemies":"Jaw Worm","floor":11,"turns":1},{"damage":0,"enemies":"Looter","floor":14,"turns":1},{"damage":0,"enemies":"Hexaghost","floor":16,"turns":1},{"damage":24,"enemies":"Shell Parasite","floor":18,"turns":4},{"damage":63,"enemies":"Masked Bandits","floor":19,"turns":7}],"seed_played":"4533885698171931441","potions_obtained":[{"floor":4,"key":"Energy Potion"}],"is_trial":true,"path_per_floor":["M","$","WH","M","WH","R","$","E","T","WH","M","$","R","M","R","B",null,"M","?"],"character_chosen":"The_Alterego","items_purchased":["alterego_mod:TrashNCrash","Omamori"],"campfire_rested":0,"item_purchase_floors":[2,12],"current_hp_per_floor":[70,70,70,70,77,77,77,77,77,77,77,77,77,77,77,77,77,57,3,3],"gold":205,"neow_bonus":"THREE_ENEMY_KILL","is_daily":false,"chose_seed":false,"campfire_upgraded":3,"win_rate":0.0,"timestamp":1613546541,"path_taken":["M","?","WH","M","WH","R","$","E","T","WH","M","$","R","M","R","BOSS","M","?"],"items_purchased_type":["Card","Relic"],"build_version":"2020-12-22","purchased_purges":0,"victory":false,"max_hp_per_floor":[70,70,70,70,77,77,77,77,77,77,77,77,77,77,77,77,77,78,79,79],"card_choices":[{"not_picked":["alterego_mod:Swimsuit","alterego_mod:Santa"],"picked":"alterego_mod:Bounce","floor":0},{"not_picked":["alterego_mod:Crossover","alterego_mod:Punishment"],"picked":"alterego_mod:Birthday","floor":0},{"not_picked":["alterego_mod:MaintainEyeContact","alterego_mod:Mirror"],"picked":"alterego_mod:Birthday","floor":0},{"not_picked":["alterego_mod:Lingerie","alterego_mod:Smother"],"picked":"alterego_mod:Mirror","floor":0},{"not_picked":["alterego_mod:DustData","alterego_mod:Cycle"],"picked":"alterego_mod:BiFurious","floor":0},{"not_picked":["alterego_mod:HighServant","alterego_mod:BustOut"],"picked":"alterego_mod:Bounce","floor":0},{"not_picked":["alterego_mod:DeftHands","alterego_mod:1TonWallop"],"picked":"alterego_mod:Support","floor":0},{"not_picked":["alterego_mod:Rip","alterego_mod:DiscoLights"],"picked":"alterego_mod:Smother","floor":0},{"not_picked":["alterego_mod:BiFurious","alterego_mod:Mirror"],"picked":"alterego_mod:Bounce","floor":0},{"not_picked":["alterego_mod:Jiggle","alterego_mod:Skirt"],"picked":"alterego_mod:Bounce","floor":0},{"not_picked":["alterego_mod:MagicResistance","alterego_mod:HighServant"],"picked":"alterego_mod:Exercise","floor":0},{"not_picked":["alterego_mod:PerceptionDisorder","alterego_mod:Jiggle"],"picked":"alterego_mod:Punishment","floor":0},{"not_picked":["alterego_mod:Skirt","alterego_mod:HighServant"],"picked":"alterego_mod:Cooking","floor":0},{"not_picked":["alterego_mod:MagicResistance","alterego_mod:DestructionOfProperty"],"picked":"alterego_mod:BustOut","floor":0},{"not_picked":["alterego_mod:MagicResistance","alterego_mod:DiscoLights"],"picked":"alterego_mod:Santa","floor":0},{"not_picked":["alterego_mod:Bloomers","alterego_mod:1TonWallop"],"picked":"alterego_mod:Punishment","floor":1},{"not_picked":["alterego_mod:Jiggle","alterego_mod:DestructionOfProperty","alterego_mod:Punishment"],"picked":"SKIP","floor":4},{"not_picked":["alterego_mod:Rip","alterego_mod:GoddessCore"],"picked":"alterego_mod:ChallengeComplete","floor":8},{"not_picked":["alterego_mod:MaintainEyeContact","alterego_mod:GoddessCore","alterego_mod:MagicResistance"],"picked":"SKIP","floor":11},{"not_picked":["alterego_mod:DeftHands","alterego_mod:PerceptionDisorder","alterego_mod:PurpleHair"],"picked":"SKIP","floor":14},{"not_picked":["alterego_mod:Antipathy","alterego_mod:IdEs"],"picked":"alterego_mod:GIGAMILK","floor":16},{"not_picked":[],"picked":"alterego_mod:Cooking","floor":18}],"player_experience":280405,"relics_obtained":[{"floor":8,"key":"infinitespire:Bottled Soul"},{"floor":9,"key":"Pen Nib"},{"floor":19,"key":"Red Mask"}],"event_choices":[{"damage_healed":0,"gold_gain":0,"player_choice":"Fought Bandits","damage_taken":0,"max_hp_gain":0,"max_hp_loss":0,"event_name":"Masked Bandits","floor":19,"gold_loss":0}],"is_beta":false,"boss_relics":[{"not_picked":["Calling Bell","Runesmith:UraniumAnvil"],"picked":"Busted Crown"}],"items_purged_floors":[],"is_endless":false,"potions_floor_spawned":[4],"killed_by":"Masked Bandits","ascension_level":0}}