{"host":"sygfylmorsvdndbx","time":1613605068,"event":{"mods":["AchievementEnabler","BaseMod","Bestiary","Highlight Path","Minty Spire (QoL Compilation)","Permanent Neow","Quick Restart","Relic Stats"],"gold_per_floor":[118,133,148,148,148,148,164,203,203,25,25,38,38,63,63,159,159,183,197,247,262,280,280,280],"floor_reached":23,"language":"ENG","playtime":2265,"items_purged":["Strike_P"],"score":322,"play_id":"9dfdfbfa-938f-47f5-823f-d6ed5f36e28b","local_time":"20210217183748","is_ascension_mode":true,"campfire_choices":[{"data":"Eruption","floor":6,"key":"SMITH"},{"data":"SandsOfTime","floor":11,"key":"SMITH"},{"data":"FlyingSleeves","floor":13,"key":"SMITH"},{"data":"SpiritShield","floor":15,"key":"SMITH"}],"circlet_count":0,"master_deck":["AscendersBane","Strike_P","Strike_P","Defend_P","Defend_P","Eruption+1","Vigilance","ThirdEye","FlyingSleeves+1","SandsOfTime+1","Weave","FearNoEvil","Wireheading","EmptyMind","SpiritShield+1","FlurryOfBlows","DeusExMachina","Fasting2","Weave","Evaluate+1"],"relics":["PureWater","Golden Idol","Boot","InkBottle","VioletLotus"],"acts_visited":["Exordium","TheCity"],"potions_floor_usage":[16,22],"damage_taken":[{"damage":4,"enemies":"2 Louse","floor":1,"turns":3},{"damage":4,"enemies":"Small Slimes","floor":2,"turns":5},{"damage":0,"enemies":"Cultist","floor":3,"turns":3},{"damage":0,"enemies":"Large Slime","floor":7,"turns":2},{"damage":12,"enemies":"Lagavulin","floor":8,"turns":5},{"damage":9,"enemies":"Red Slaver","floor":12,"turns":2},{"damage":1,"enemies":"Looter","floor":14,"turns":3},{"damage":6,"enemies":"Hexaghost","floor":16,"turns":6},{"damage":4,"enemies":"3 Byrds","floor":18,"turns":3},{"damage":0,"enemies":"Spheric Guardian","floor":19,"turns":3},{"damage":20,"enemies":"Shelled Parasite and Fungi","floor":21,"turns":4},{"damage":13,"enemies":"Centurion and Healer","floor":22,"turns":2},{"damage":27,"enemies":"Slavers","floor":23,"turns":1}],"seed_played":"-6696567117379221273","potions_obtained":[{"floor":2,"key":"Block Potion"},{"floor":3,"key":"Swift Potion"},{"floor":8,"key":"Fire Potion"},{"floor":14,"key":"BottledMiracle"},{"floor":22,"key":"FearPotion"}],"is_trial":false,"path_per_floor":["M","M","M","?","?","R","M","E","T","$","R","M","R","M","R","B",null,"M","M","?","M","M","E"],"character_chosen":"WATCHER","items_purchased":["Wireheading","EmptyMind"],"campfire_rested":0,"item_purchase_floors":[10,10],"current_hp_per_floor":[43,39,39,39,39,39,39,27,27,27,27,18,18,17,17,11,53,49,49,49,29,16,0,0],"gold":280,"neow_bonus":"REMOVE_TWO","is_daily":false,"chose_seed":false,"campfire_upgraded":4,"win_rate":0.0,"timestamp":1613605068,"path_taken":["M","M","M","?","?","R","M","E","T","$","R","?","R","M","R","BOSS","M","M","?","M","M","E"],"items_purchased_type":["Card","Card"],"build_version":"2020-12-22","purchased_purges":1,"victory":false,"max_hp_per_floor":[72,72,72,67,67,67,67,67,67,67,67,67,67,67,67,67,67,67,67,67,67,67,67,67],"relic_stats":{"counters":[13,42],"Golden Idol":53,"VioletLotus":[5],"Boot":[27],"obtain_stats":[{"Golden Idol":4,"VioletLotus":17,"PureWater":0,"Boot":8,"InkBottle":9},{"Golden Idol":3,"VioletLotus":8,"PureWater":0,"Boot":5,"InkBottle":5},{"Golden Idol":11,"VioletLotus":29,"PureWater":0,"Boot":18,"InkBottle":18}],"InkBottle":[12]},"card_choices":[{"not_picked":["Vengeance","ReachHeaven"],"picked":"ThirdEye","floor":1},{"not_picked":["Pray","EmptyBody"],"picked":"FlyingSleeves","floor":2},{"not_picked":["Evaluate","JustLucky"],"picked":"SandsOfTime","floor":3},{"not_picked":["EmptyBody","FlyingSleeves"],"picked":"Weave","floor":7},{"not_picked":["ReachHeaven","PathToVictory"],"picked":"FearNoEvil","floor":8},{"not_picked":["Meditate","Wallop"],"picked":"SpiritShield","floor":12},{"not_picked":["Meditate","Sanctity"],"picked":"FlurryOfBlows","floor":14},{"not_picked":["Judgement","Omniscience"],"picked":"DeusExMachina","floor":16},{"not_picked":["Perseverance","LikeWater"],"picked":"Fasting2","floor":18},{"not_picked":["FollowUp","CrushJoints"],"picked":"Weave","floor":19},{"not_picked":["Protect","Collect","WindmillStrike+1"],"picked":"SKIP","floor":21},{"not_picked":["FollowUp","Consecrate"],"picked":"Evaluate+1","floor":22}],"player_experience":563564,"relics_obtained":[{"floor":8,"key":"Boot"},{"floor":9,"key":"InkBottle"}],"event_choices":[{"damage_healed":0,"gold_gain":0,"player_choice":"Lose Max HP","damage_taken":0,"relics_obtained":["Golden Idol"],"max_hp_gain":0,"max_hp_loss":5,"event_name":"Golden Idol","floor":4,"gold_loss":0},{"cards_removed":["Defend_P"],"damage_healed":0,"gold_gain":0,"player_choice":"Purged","damage_taken":0,"max_hp_gain":0,"max_hp_loss":0,"event_name":"Purifier","floor":5,"gold_loss":0},{"damage_healed":0,"gold_gain":100,"player_choice":"Bet on Murderer","damage_taken":0,"max_hp_gain":0,"max_hp_loss":0,"event_name":"The Joust","floor":20,"gold_loss":50}],"is_beta":false,"boss_relics":[{"not_picked":["Velvet Choker","Runic Dome"],"picked":"VioletLotus"}],"items_purged_floors":[10],"is_endless":false,"potions_floor_spawned":[2,3,8,14,22],"killed_by":"Slavers","ascension_level":13}}