{"host":"uxjsgyia3bdyayt0","time":1613560308,"event":{"mods":["AchievementEnabler","Act Like it!","BaseMod","Downfall","Gensokyo","KinomotoSakuraMod(木之本?)","Marisa（霧雨　魔理沙）","Minty Spire (QoL Compilation)","Prisma Mod","Reimu（博??梦）","Remilia（蕾米莉?）","Replay The Spire","StSLib","The Senshi","The Servant 0.9.4","Yakumo Yukari mod","Youmu（魂魄妖梦）","Yuyuko"],"gold_per_floor":[110,126,179,179,179,198,198,211,211,211,211,55,55,75,75,75,75],"floor_reached":16,"language":"ENG","playtime":1036,"items_purged":[],"score":90,"play_id":"e774281a-e30c-4ff4-97cd-76e9e390ba13","local_time":"20210217111148","is_ascension_mode":false,"campfire_choices":[{"data":"EmergencyRegeneration","floor":7,"key":"SMITH"},{"floor":11,"key":"REST"},{"data":"Ultimatum","floor":15,"key":"SMITH"}],"circlet_count":0,"master_deck":["Strike_RM","Strike_RM","Strike_RM","Strike_RM","Defend_RM","Defend_RM","Defend_RM","Defend_RM","RedMoon","ScarletShoot","VampireKiss","UnstableMagic+1","VampireKiss","EmergencyRegeneration+1","FavorOfDestiny+1","CharismaGuard+1","RedRainbow","AfternoonTea","Ultimatum+1"],"relics":["ScarletHat","NeowsBlessing","Gremlin Food","Gensokyo:LunaticRedEyes","Blood Vial"],"acts_visited":["Gensokyo:Gensokyo"],"potions_floor_usage":[16,16,16],"damage_taken":[{"damage":0,"enemies":"Gensokyo:Gryphon","floor":1,"turns":1},{"damage":0,"enemies":"Gensokyo:2_Kodama","floor":2,"turns":1},{"damage":0,"enemies":"Gensokyo:3_Fairies","floor":6,"turns":2},{"damage":36,"enemies":"Gensokyo:Gryphon_and_Rabbit","floor":8,"turns":10},{"damage":11,"enemies":"Gensokyo:Python_and_Kodama","floor":14,"turns":7},{"damage":96,"enemies":"Gensokyo:Kokoro","floor":16,"turns":14}],"seed_played":"-3352303896772296162","potions_obtained":[{"floor":2,"key":"MagicPotion:ReiMu"},{"floor":3,"key":"DistilledChaos"},{"floor":3,"key":"Swift Potion"},{"floor":14,"key":"PowerPotion"}],"is_trial":false,"path_per_floor":["M","M","?","?","?","M","R","M","T","?","R","$","?","M","R","B"],"character_chosen":"REMILIA","items_purchased":["CharismaGuard+1","RedRainbow","AfternoonTea"],"campfire_rested":1,"item_purchase_floors":[12,12,12],"current_hp_per_floor":[75,75,57,57,50,50,50,42,42,42,64,64,64,65,65,0,0],"gold":75,"neow_bonus":"THREE_ENEMY_KILL","is_daily":false,"chose_seed":false,"campfire_upgraded":2,"win_rate":0.0,"timestamp":1613560308,"path_taken":["M","M","?","?","?","?","R","M","T","?","R","?","?","?","R","BOSS"],"items_purchased_type":["Card","Card","Card"],"build_version":"2020-12-22","purchased_purges":0,"victory":false,"max_hp_per_floor":[75,75,75,75,75,75,75,75,75,75,75,75,75,75,75,75,75],"card_choices":[{"not_picked":["BloodHunter","DevilSight"],"picked":"VampireKiss","floor":1},{"not_picked":["ScarletImprint","VampirishNight"],"picked":"UnstableMagic","floor":2},{"not_picked":["ScarletImprint","FavorOfDestiny"],"picked":"VampireKiss","floor":3},{"not_picked":["ScarletDream","VampireClaw"],"picked":"EmergencyRegeneration","floor":6},{"not_picked":["UnderTheZenith","TwelveNightmare"],"picked":"FavorOfDestiny","floor":8},{"not_picked":["ForbiddenFruit","ScarletImprint"],"picked":"Ultimatum","floor":14}],"player_experience":35472,"relics_obtained":[{"floor":3,"key":"Gremlin Food"},{"floor":9,"key":"Blood Vial"}],"event_choices":[],"is_beta":false,"boss_relics":[],"items_purged_floors":[],"is_endless":false,"potions_floor_spawned":[2,14],"killed_by":"Gensokyo:Kokoro","ascension_level":0}}