{"host":"qp7xs8nuzfsyommi","time":1613579455,"event":{"mods":["2.2 Compatiblity","BaseMod","Colored Powertips","DeckTracker","Highlight Path","Minty Spire (QoL Compilation)","Permanent Neow","Quick Restart","StSLib"],"gold_per_floor":[18,30,48,62,62,62,83,83,83,106,126,140,80,121,121,121,121],"floor_reached":16,"language":"ENG","playtime":638,"items_purged":["Injury"],"score":212,"play_id":"5ea785df-b3cf-4d46-b4b5-6e5c477a6d7f","local_time":"20210217113055","is_ascension_mode":true,"campfire_choices":[{"floor":6.0,"key":"DIG"},{"floor":8.0,"key":"DIG"},{"floor":15,"key":"REST"}],"circlet_count":0,"master_deck":["AscendersBane","Strike_B","Strike_B","Strike_B","Strike_B","Defend_B","Defend_B","Defend_B","Defend_B","Zap","Dualcast","Sunder","Turbo+1","Coolheaded","Chill","Undo+1","Sweeping Beam","Steam","Multi-Cast"],"relics":["Cracked Core","Shovel","Golden Idol","Potion Belt","Unceasing Top","The Courier","War Paint"],"acts_visited":["Exordium"],"potions_floor_usage":[14,14,16],"damage_taken":[{"damage":5.0,"enemies":"Small Slimes","floor":1.0,"turns":4.0},{"damage":7.0,"enemies":"Jaw Worm","floor":2.0,"turns":3.0},{"damage":1.0,"enemies":"Cultist","floor":3.0,"turns":3.0},{"damage":12.0,"enemies":"Looter","floor":4.0,"turns":4.0},{"damage":0.0,"enemies":"2 Fungi Beasts","floor":7.0,"turns":2.0},{"damage":0.0,"enemies":"3 Louse","floor":10.0,"turns":4.0},{"damage":20.0,"enemies":"Gremlin Gang","floor":11.0,"turns":4.0},{"damage":12.0,"enemies":"Looter","floor":12.0,"turns":3.0},{"damage":6,"enemies":"3 Sentries","floor":14,"turns":6},{"damage":25,"enemies":"Hexaghost","floor":16,"turns":11}],"seed_played":"-8275664236031224963","potions_obtained":[{"floor":1.0,"key":"Strength Potion"},{"floor":2.0,"key":"Weak Potion"},{"floor":12.0,"key":"AttackPotion"}],"is_trial":false,"path_per_floor":["M","M","M","M","?","R","M","R","T","M","M","M","$","E","R","B"],"character_chosen":"DEFECT","items_purchased":[],"campfire_rested":1,"item_purchase_floors":[],"current_hp_per_floor":[59,52,51,39,39,39,39,39,39,39,19,7,7,1,22,0,0],"gold":121,"neow_bonus":"ONE_RARE_RELIC","is_daily":false,"chose_seed":false,"campfire_upgraded":0,"win_rate":0.0,"timestamp":1613579455,"path_taken":["M","M","M","M","?","R","M","R","T","M","M","M","?","E","R","BOSS"],"items_purchased_type":[],"build_version":"2020-12-22","purchased_purges":1,"victory":false,"max_hp_per_floor":[71,71,71,71,71,71,71,71,71,71,71,71,71,71,71,71,71],"card_choices":[{"not_picked":["Auto Shields","Lockon"],"picked":"Sunder","floor":1.0},{"not_picked":["Stack","Conserve Battery"],"picked":"Turbo","floor":2.0},{"not_picked":["Ball Lightning","Streamline"],"picked":"Coolheaded","floor":3.0},{"not_picked":["Coolheaded","Gash"],"picked":"Chill","floor":4.0},{"not_picked":["Heatsinks","Conserve Battery"],"picked":"Undo","floor":7.0},{"not_picked":["Coolheaded","Darkness","Blizzard"],"picked":"SKIP","floor":10.0},{"not_picked":["Fusion","Go for the Eyes"],"picked":"Sweeping Beam","floor":11.0},{"not_picked":["Static Discharge","Barrage"],"picked":"Steam","floor":12.0},{"not_picked":["Tempest","Hologram"],"picked":"Multi-Cast","floor":14}],"player_experience":1448031,"relics_obtained":[{"floor":6.0,"key":"Potion Belt"},{"floor":8.0,"key":"Unceasing Top"},{"floor":9.0,"key":"The Courier"},{"floor":14,"key":"War Paint"}],"event_choices":[{"damage_healed":0.0,"max_hp_gain":0.0,"max_hp_loss":0.0,"gold_gain":0.0,"event_name":"Golden Idol","player_choice":"Take Wound","floor":5.0,"gold_loss":0.0,"damage_taken":0.0,"relics_obtained":["Golden Idol"],"cards_obtained":["Injury"]}],"is_beta":false,"boss_relics":[],"items_purged_floors":[13],"is_endless":false,"potions_floor_spawned":[1,2,12],"killed_by":"Hexaghost","ascension_level":20}}