{"host":"4lruzp1xu8o5tnk3","time":1613582111,"event":{"mods":["Act Like it!","BaseMod","Gensokyo","GifTheSpireLib","Hubris","Jedi Mod","Minty Spire (QoL Compilation)","Replay The Spire","StSLib","Stuff the Spire"],"gold_per_floor":[117,143,154,154,171,171,171,199,249,249,102,131,131,131,131,229,229,246,246,246,265,277,304,19,45,45,72,72,104,118,132,132,229,229,243,255,255,255,36,36,64,64,64,92,92,121,132,152,152,152],"floor_reached":51,"language":"ENG","playtime":1709,"items_purged":[],"score":1179,"play_id":"3a92927c-eca9-460a-a564-c75931b75a79","local_time":"20210217201511","daily_mods":["SealedDeck","Heirloom","Elite Swarm","Lethality"],"is_ascension_mode":false,"campfire_choices":[{"data":"Choke","floor":6,"key":"SMITH"},{"data":"Adrenaline","floor":10,"key":"SMITH"},{"data":"Glass Knife","floor":13,"key":"SMITH"},{"data":"StuffTheSpire:CelestialWarden","floor":28,"key":"SMITH"},{"data":"Adrenaline","floor":32,"key":"SMITH"},{"data":"StuffTheSpire:Shiver","floor":40,"key":"SMITH"},{"data":"PiercingWail","floor":42,"key":"SMITH"},{"data":"Backstab","floor":49,"key":"SMITH"}],"circlet_count":0,"master_deck":["Distraction","StuffTheSpire:Repulse","Endless Agony","jedi:pocketpoison","Slice","Slice+1","Cloak And Dagger","Cloak And Dagger+1","StuffTheSpire:Fury","Adrenaline+1","Glass Knife+1","Underhanded Strike+1","StuffTheSpire:CelestialWarden+1","PiercingWail+1","Adrenaline+1","StuffTheSpire:Shiver+1","jedi:studyshivs+1","Calculated Gamble+1","Cloak And Dagger+1","Dagger Spray","Backstab+1","Cloak And Dagger+1"],"relics":["Ring of the Serpent","StuffTheSpire:Expresso","Happy Flower","Gensokyo:Mercy","hubris:Towel","Gambling Chip","Lee\u0027s Waffle","Lantern","StuffTheSpire:Nightcore","Paper Crane","Toxic Egg 2","HornCleat","jedi:kaleidoscope","Regal Pillow","ChewingGum","TwistedFunnel","Incense Burner","StuffTheSpire:MayFlowers","hubris:Metronome","jedi:catwich"],"acts_visited":["Gensokyo:Gensokyo","Gensokyo:Gensokyoer","Gensokyo:Gensokyoest"],"potions_floor_usage":[23,41,50,50,50],"damage_taken":[{"damage":0,"enemies":"Gensokyo:2_Kodama","floor":1,"turns":1},{"damage":21,"enemies":"Gensokyo:Mamizou","floor":2,"turns":4},{"damage":0,"enemies":"Gensokyo:Gryphon","floor":3,"turns":1},{"damage":0,"enemies":"Gensokyo:3_Fairies","floor":5,"turns":3},{"damage":0,"enemies":"Gensokyo:Mamizou","floor":8,"turns":3},{"damage":0,"enemies":"Gensokyo:Aya","floor":12,"turns":1},{"damage":12,"enemies":"Gensokyo:Kokoro","floor":16,"turns":4},{"damage":0,"enemies":"Gensokyo:2_Gloops","floor":18,"turns":1},{"damage":0,"enemies":"Gensokyo:CosmicMonolith","floor":21,"turns":1},{"damage":0,"enemies":"Gensokyo:Slime_Group","floor":22,"turns":2},{"damage":0,"enemies":"Gensokyo:Reisen","floor":23,"turns":2},{"damage":3,"enemies":"Gensokyo:Koishi","floor":25,"turns":2},{"damage":0,"enemies":"Gensokyo:Reisen","floor":27,"turns":2},{"damage":0,"enemies":"Gensokyo:Tenshi","floor":29,"turns":2},{"damage":0,"enemies":"Gensokyo:Swordslinger","floor":30,"turns":1},{"damage":0,"enemies":"Gensokyo:3_Gloops","floor":31,"turns":2},{"damage":0,"enemies":"Gensokyo:Eiki","floor":33,"turns":3},{"damage":0,"enemies":"Gensokyo:AncientGuardian","floor":35,"turns":1},{"damage":0,"enemies":"Gensokyo:3_Boulders","floor":36,"turns":2},{"damage":0,"enemies":"Gensokyo:Marisa","floor":41,"turns":2},{"damage":0,"enemies":"Gensokyo:Doremy","floor":44,"turns":2},{"damage":0,"enemies":"Gensokyo:Marisa","floor":46,"turns":4},{"damage":0,"enemies":"Gensokyo:Rafflesia","floor":47,"turns":2},{"damage":0,"enemies":"Gensokyo:AtlasGolem","floor":48,"turns":2},{"damage":0,"enemies":"Gensokyo:Scarlet_Devils","floor":50,"turns":2}],"seed_played":"1551595789870460079","potions_obtained":[{"floor":1,"key":"SpeedPotion"},{"floor":3,"key":"SpeedPotion"},{"floor":21,"key":"Adrenaline Potion"},{"floor":27,"key":"Energy Potion"},{"floor":29,"key":"CultistPotion"},{"floor":31,"key":"GhostInAJar"},{"floor":35,"key":"BlessingOfTheForge"},{"floor":44,"key":"Ancient Potion"}],"is_trial":true,"path_per_floor":["M","?","M","?","M","R","?","E","T","R","$","E","R","?","R","B",null,"M","?","?","M","M","E","$","E","T","E","R","E","M","M","R","B",null,"M","M","?","?","$","R","E","R","T","E","?","E","M","M","R","B",null],"character_chosen":"THE_SILENT","items_purchased":["Lee\u0027s Waffle","Paper Crane","StuffTheSpire:Shiver","Backstab","TwistedFunnel"],"campfire_rested":0,"item_purchase_floors":[11,24,24,39,39],"current_hp_per_floor":[70,49,49,49,49,49,49,49,49,49,77,77,77,77,77,65,77,77,77,77,77,77,77,77,74,74,74,74,74,74,74,74,74,77,77,77,77,77,77,77,77,77,77,77,77,77,77,77,77,77],"gold":152,"neow_bonus":"","is_daily":false,"chose_seed":false,"campfire_upgraded":8,"win_rate":0.0,"timestamp":1613582111,"path_taken":["M","?","?","?","?","R","?","E","T","R","$","E","R","?","R","BOSS","M","?","?","M","?","E","$","E","T","E","R","E","M","M","R","BOSS","M","M","?","?","$","R","E","R","T","E","?","E","M","M","R","BOSS"],"items_purchased_type":["Relic","Relic","Card","Card","Relic"],"build_version":"2020-12-22","purchased_purges":0,"victory":true,"max_hp_per_floor":[70,70,70,70,70,70,70,70,70,70,77,77,77,77,77,77,77,77,77,77,77,77,77,77,77,77,77,77,77,77,77,77,77,77,77,77,77,77,77,77,77,77,77,77,77,77,77,77,77,77],"card_choices":[{"not_picked":["Setup","Sucker Punch"],"picked":"StuffTheSpire:Fury","floor":1},{"not_picked":["Malaise","Storm of Steel"],"picked":"Adrenaline","floor":2},{"not_picked":["Catalyst","jedi:poisonivy","StuffTheSpire:Python"],"picked":"SKIP","floor":3},{"not_picked":["Dagger Throw","StuffTheSpire:ClusterCrunch","Footwork"],"picked":"SKIP","floor":5},{"not_picked":["Atom Bomb","ReplayTheSpireMod:Necrosis"],"picked":"Glass Knife","floor":8},{"not_picked":["ReplayTheSpireMod:From All Sides","Replay:Bag of Tricks","StuffTheSpire:FinalStruggle"],"picked":"SKIP","floor":12},{"not_picked":["Heel Hook","Deadly Poison"],"picked":"Underhanded Strike+1","floor":18},{"not_picked":["StuffTheSpire:BrainWave","StuffTheSpire:Innocence"],"picked":"StuffTheSpire:CelestialWarden","floor":19},{"not_picked":["Acrobatics","Calculated Gamble","Backflip"],"picked":"SKIP","floor":21},{"not_picked":["Dodge and Roll+1","Sucker Punch"],"picked":"PiercingWail","floor":22},{"not_picked":["Atom Bomb","Storm of Steel"],"picked":"Adrenaline","floor":23},{"not_picked":["Poison Darts+1","Corpse Explosion+1"],"picked":"jedi:studyshivs+1","floor":25},{"not_picked":["jedi:studyshivs+1","Atom Bomb","Unload"],"picked":"SKIP","floor":27},{"not_picked":["Venomology+1","Bullet Time+1","Die Die Die"],"picked":"SKIP","floor":29},{"not_picked":["Poisoned Stab+1","Well Laid Plans","Replay:Poison Smokescreen+1"],"picked":"SKIP","floor":30},{"not_picked":["Outmaneuver+1","StuffTheSpire:ClusterCrunch+1"],"picked":"Calculated Gamble+1","floor":31},{"not_picked":["Dagger Throw+1","Tactician+1"],"picked":"Cloak And Dagger+1","floor":35},{"not_picked":["Poisoned Stab","Backflip+1"],"picked":"Dagger Spray","floor":36},{"not_picked":["jedi:studypoison+1","Storm of Steel+1","Wraith Form v2"],"picked":"SKIP","floor":41},{"not_picked":["Envenom","Night Terror+1","Unload"],"picked":"SKIP","floor":44},{"not_picked":["Bullet Time+1","Poison Darts+1","ReplayTheSpireMod:Necrosis+1"],"picked":"SKIP","floor":46},{"not_picked":["StuffTheSpire:Repulse+1","Reflex+1","Sucker Punch+1"],"picked":"SKIP","floor":47},{"not_picked":["Blade Dance+1","StuffTheSpire:Python+1"],"picked":"Cloak And Dagger+1","floor":48}],"player_experience":1052264,"relics_obtained":[{"floor":2,"key":"Happy Flower"},{"floor":8,"key":"Gambling Chip"},{"floor":9,"key":"StuffTheSpire:Gunfinga"},{"floor":12,"key":"Lantern"},{"floor":23,"key":"StuffTheSpire:Nightcore"},{"floor":25,"key":"Toxic Egg 2"},{"floor":26,"key":"HornCleat"},{"floor":27,"key":"jedi:kaleidoscope"},{"floor":29,"key":"Regal Pillow"},{"floor":41,"key":"Incense Burner"},{"floor":43,"key":"StuffTheSpire:MayFlowers"},{"floor":44,"key":"hubris:Metronome"},{"floor":46,"key":"jedi:catwich"}],"event_choices":[],"is_beta":false,"boss_relics":[{"not_picked":["Snecko Heart","SacredBark"],"picked":"Ring of the Serpent"},{"not_picked":["SlaversCollar","Astrolabe"],"picked":"ChewingGum"}],"items_purged_floors":[],"is_endless":false,"potions_floor_spawned":[1,3,21,27,29,31,33,35,44,48],"ascension_level":0}}