{"host":"tr0r177cvmpvg89h","time":1613548077,"event":{"mods":["BaseMod","Colored Map","DeckTracker","Minty Spire (QoL Compilation)","StSLib","SuperFastMode"],"gold_per_floor":[111,124,124,141,156,156,175,175,175,175,192,212,222,67,67,164,164,179,168,168,180,180],"floor_reached":21,"language":"KOR","playtime":1476,"items_purged":["Strike_G"],"score":177,"play_id":"0833af5d-db94-4a45-821e-63eb0b5b87b6","local_time":"20210217164757","is_ascension_mode":false,"campfire_choices":[{"data":"Terror","floor":6,"key":"SMITH"},{"data":"Reflex","floor":8,"key":"SMITH"},{"data":"Poisoned Stab","floor":10,"key":"SMITH"},{"floor":15,"key":"REST"}],"circlet_count":0,"master_deck":["Strike_G","Strike_G","Strike_G","Strike_G","Defend_G","Defend_G","Defend_G","Defend_G","Defend_G","Survivor","Neutralize+1","Outmaneuver","Terror+1","Poisoned Stab+1","Reflex+1","Burst","Backflip","Deadly Poison","Noxious Fumes+1","Doppelganger","Escape Plan"],"relics":["Ring of the Snake","Sundial","Snecko Eye"],"acts_visited":["Exordium","TheCity"],"potions_floor_usage":[16,16,16],"damage_taken":[{"damage":0,"enemies":"Jaw Worm","floor":1,"turns":5},{"damage":1,"enemies":"Cultist","floor":2,"turns":4},{"damage":4,"enemies":"2 Louse","floor":4,"turns":3},{"damage":8,"enemies":"Lots of Slimes","floor":5,"turns":5},{"damage":19,"enemies":"3 Louse","floor":7,"turns":3},{"damage":9,"enemies":"Gremlin Gang","floor":11,"turns":7},{"damage":16,"enemies":"Lots of Slimes","floor":12,"turns":4},{"damage":7,"enemies":"3 Louse","floor":13,"turns":4},{"damage":25,"enemies":"Hexaghost","floor":16,"turns":10},{"damage":11,"enemies":"3 Byrds","floor":18,"turns":5},{"damage":30,"enemies":"2 Thieves","floor":19,"turns":5},{"damage":20,"enemies":"Sentry and Sphere","floor":21,"turns":5}],"seed_played":"5059028201369992963","potions_obtained":[{"floor":4,"key":"FearPotion"},{"floor":11,"key":"Swift Potion"},{"floor":12,"key":"DuplicationPotion"},{"floor":21,"key":"Strength Potion"}],"is_trial":false,"path_per_floor":["M","M","?","M","M","R","M","R","T","R","M","M","M","$","R","B",null,"M","M","?","M"],"character_chosen":"THE_SILENT","items_purchased":["Noxious Fumes"],"campfire_rested":1,"item_purchase_floors":[14],"current_hp_per_floor":[70,69,69,65,57,57,38,38,38,38,29,13,6,6,27,2,70,59,29,29,9,9],"gold":180,"neow_bonus":"UPGRADE_CARD","is_daily":false,"chose_seed":false,"campfire_upgraded":3,"win_rate":0.0,"timestamp":1613548077,"path_taken":["M","M","?","M","?","R","M","R","T","R","M","M","M","$","R","BOSS","M","M","?","M"],"items_purchased_type":["Card"],"build_version":"2020-12-22","purchased_purges":1,"victory":false,"max_hp_per_floor":[70,70,70,70,70,70,70,70,70,70,70,70,70,70,70,70,70,70,70,70,70,70],"card_choices":[{"not_picked":["Riddle With Holes","Underhanded Strike"],"picked":"Outmaneuver","floor":1},{"not_picked":["Well Laid Plans","Sucker Punch"],"picked":"Terror","floor":2},{"not_picked":["Calculated Gamble","Sucker Punch"],"picked":"Poisoned Stab","floor":4},{"not_picked":["Outmaneuver","Blur","Dash"],"picked":"SKIP","floor":5},{"not_picked":["Dodge and Roll","Flying Knee"],"picked":"Reflex","floor":7},{"not_picked":["Endless Agony","Acrobatics"],"picked":"Burst","floor":11},{"not_picked":["Prepared","Expertise"],"picked":"Backflip","floor":12},{"not_picked":["Infinite Blades","Tools of the Trade"],"picked":"Deadly Poison","floor":13},{"not_picked":["A Thousand Cuts","Envenom"],"picked":"Doppelganger","floor":16},{"not_picked":["All Out Attack+1","Underhanded Strike","Sucker Punch"],"picked":"SKIP","floor":18},{"not_picked":["Sucker Punch","Infinite Blades+1"],"picked":"Escape Plan","floor":19}],"player_experience":91823,"relics_obtained":[{"floor":9,"key":"Sundial"}],"event_choices":[{"damage_healed":0,"gold_gain":0,"player_choice":"Bought 0 Potions","damage_taken":0,"max_hp_gain":0,"max_hp_loss":0,"event_name":"The Woman in Blue","floor":3,"gold_loss":0},{"damage_healed":0,"gold_gain":0,"player_choice":"Upgraded","damage_taken":0,"max_hp_gain":0,"max_hp_loss":0,"event_name":"Upgrade Shrine","floor":20,"gold_loss":0,"cards_upgraded":["Noxious Fumes"]}],"is_beta":false,"boss_relics":[{"not_picked":["Cursed Key","Ring of the Serpent"],"picked":"Snecko Eye"}],"items_purged_floors":[14],"is_endless":false,"potions_floor_spawned":[4,11,12,13,21],"killed_by":"Sentry and Sphere","ascension_level":0}}