{"host":"c3mohl8225ccym5l","time":1613601231,"event":{"mods":["Act Like it!","BaseMod","Beaked The Cultist","BetterRewards","Card Forge","Downfall","Duelist Mod","Glutton Mod","GungeonMod","Hallownest","Hermit","Ironclad Rager","Jorbs\u0027s Wanderer Trilogy","Koishi","Marisa????????","Marked Mod","Minty Spire (QoL Compilation)","Pikachu Mod","Shade Mod","Shop Mod","StSLib","Td1madao Mod","The Administrix","The Blackbeard","The Bladedancer","The Bug Knight","The Clintock","The Construct","The Cursed","The Disciple","The Hierophant","The Jungle","The Kombatant","The Marked","The Necromancer","The Poker Player","The Senshi","The Servant 0.9.4","The Wild Card","TheBandit","TheFirefly","TheVacant","Yuri Mod"],"gold_per_floor":[111,111,126,126,126,126,151,151,202,221,236,236,236],"floor_reached":12,"language":"ENG","playtime":802,"items_purged":[],"score":78,"play_id":"78f38ff3-fe1b-4136-969f-3852498e5b06","local_time":"20210217163351","is_ascension_mode":false,"campfire_choices":[{"data":"theWildCard:Michael","floor":6,"key":"SMITH"},{"data":"Koishi:RorschachInDanmaku","floor":8,"key":"SMITH"}],"circlet_count":0,"master_deck":["Koishi:BasicStrike","Koishi:BasicStrike","Koishi:BasicStrike","Koishi:BasicStrike","Koishi:BasicDefend","Koishi:BasicDefend","Koishi:BasicDefend","Koishi:Provoke+1","Koishi:HauntingSlash+1","Koishi:GhostParty+1","theWildCard:Michael+1","Koishi:PhantomBarrier+1","Koishi:RorschachInDanmaku+1","Koishi:FreudianInstinct+1","Koishi:SubterraneanRose+1"],"relics":["Koishi:ImaginaryFriend","Hammer of Thor","Seething Fire","Anvil of the Gods","InkBottle","DemoMod:GlassGuonStoneRelic"],"acts_visited":["Exordium"],"potions_floor_usage":[],"damage_taken":[{"damage":2,"enemies":"2 Louse","floor":1,"turns":4},{"damage":3,"enemies":"Small Slimes","floor":3,"turns":6},{"damage":24,"enemies":"3 Sentries","floor":7,"turns":18},{"damage":0,"enemies":"Cultist","floor":10,"turns":7},{"damage":8,"enemies":"3 Louse","floor":11,"turns":10},{"damage":47,"enemies":"Gremlin Nob","floor":12,"turns":6}],"seed_played":"4153037423721295371","potions_obtained":[{"floor":10,"key":"construct:ShiftPotion"},{"floor":11,"key":"Dexterity Potion"}],"is_trial":false,"path_per_floor":["M","?","M","?","$","R","E","R","T","M","M","E"],"character_chosen":"KOISHI","items_purchased":[],"campfire_rested":0,"item_purchase_floors":[],"current_hp_per_floor":[65,65,65,65,65,65,43,43,43,46,42,0,0],"gold":236,"neow_bonus":"TEN_PERCENT_HP_BONUS","is_daily":false,"chose_seed":false,"campfire_upgraded":2,"win_rate":0.0,"timestamp":1613601231,"path_taken":["M","?","M","?","$","R","E","R","T","?","M","E"],"items_purchased_type":[],"build_version":"2020-12-22","purchased_purges":0,"victory":false,"max_hp_per_floor":[66,66,66,66,66,66,66,66,66,66,66,66,66],"card_choices":[{"not_picked":["Koishi:BloodcurdlingScream","Koishi:Vanish"],"picked":"Koishi:GhostParty","floor":1},{"not_picked":["Koishi:BloodcurdlingScream","Koishi:Jaunt"],"picked":"Koishi:PhantomBarrier","floor":3},{"not_picked":["Koishi:SprinkleStarAndHeart","Koishi:EmbersOfLove"],"picked":"Koishi:RorschachInDanmaku","floor":7},{"not_picked":["Koishi:CatchAndRose","Koishi:Jaunt"],"picked":"Koishi:FreudianInstinct","floor":10},{"not_picked":["Koishi:EmbryosDream","Koishi:UnconsciousUprising"],"picked":"Koishi:SubterraneanRose","floor":11}],"player_experience":191249,"relics_obtained":[{"floor":7,"key":"InkBottle"}],"event_choices":[{"cards_removed":["Koishi:BasicDefend"],"damage_healed":0,"gold_gain":0,"player_choice":"Purged","damage_taken":0,"max_hp_gain":0,"max_hp_loss":0,"event_name":"Purifier","floor":4,"gold_loss":0}],"is_beta":false,"boss_relics":[],"items_purged_floors":[],"is_endless":false,"potions_floor_spawned":[10,11],"killed_by":"Gremlin Nob","ascension_level":0}}