{"host":"qc1sjgtdjonvdsd8","time":1613589542,"event":{"mods":["BaseMod","Colored Map","Colored Powertips","Curses Come First","Minty Spire (QoL Compilation)","StSLib"],"gold_per_floor":[117,132,132,207,91,91,41,41,41,41,75,94,107,127,127,223,223,237,237,252,47,60,87,102,102,128,142,168,83,83,83,83,179,179,199,199,219,239,239,254,254,264,289,320,320,347,347,371,371,371,371,371,170,205,205],"floor_reached":56,"language":"ENG","playtime":6120,"items_purged":["Defend_R","Defend_R","Shame"],"score":1368,"play_id":"ec31ae3f-1726-4aa6-aea4-8dcb1ffd926a","local_time":"20210217111902","is_ascension_mode":true,"campfire_choices":[{"data":"Power Through","floor":6.0,"key":"SMITH"},{"data":"Evolve","floor":8.0,"key":"SMITH"},{"data":"Twin Strike","floor":10.0,"key":"SMITH"},{"data":"Spot Weakness","floor":15.0,"key":"SMITH"},{"floor":25.0,"key":"REST"},{"data":"Exhume","floor":30.0,"key":"SMITH"},{"floor":32.0,"key":"REST"},{"data":"Barricade","floor":45.0,"key":"SMITH"},{"floor":47,"key":"RECALL"},{"data":"Fiend Fire","floor":49,"key":"SMITH"},{"data":"Impervious","floor":52,"key":"SMITH"}],"circlet_count":0,"master_deck":["Strike_R","Defend_R","Defend_R","Bash","Twin Strike+1","Evolve+1","Power Through+1","Reaper","Spot Weakness+1","Exhume+1","Battle Trance","Intimidate","True Grit+1","Sentinel+1","Sword Boomerang+1","Power Through","Barricade+1","Armaments+1","Havoc+1","Shrug It Off+1","Exhume+1","True Grit+1","Fiend Fire+1","Impervious+1","Warcry"],"relics":["Burning Blood","Eternal Feather","Pantograph","Dead Branch","Black Star","Membership Card","Pen Nib","Centennial Puzzle","Vajra","Nunchaku","Gambling Chip","Cursed Key","Boot","Oddly Smooth Stone","Regal Pillow","CeramicFish","StrikeDummy","Kunai","Orichalcum","InkBottle"],"acts_visited":["Exordium","TheCity","TheBeyond","TheEnding"],"potions_floor_usage":[55],"damage_taken":[{"damage":6.0,"enemies":"Cultist","floor":1.0,"turns":3.0},{"damage":7.0,"enemies":"Small Slimes","floor":2.0,"turns":4.0},{"damage":20.0,"enemies":"Lagavulin","floor":11.0,"turns":5.0},{"damage":1.0,"enemies":"2 Louse","floor":12.0,"turns":3.0},{"damage":10.0,"enemies":"2 Fungi Beasts","floor":13.0,"turns":4.0},{"damage":6.0,"enemies":"Looter","floor":14.0,"turns":3.0},{"damage":15.0,"enemies":"Hexaghost","floor":16.0,"turns":4.0},{"damage":13.0,"enemies":"Chosen","floor":18.0,"turns":6.0},{"damage":22.0,"enemies":"Spheric Guardian","floor":20.0,"turns":6.0},{"damage":10.0,"enemies":"Snecko","floor":22.0,"turns":4.0},{"damage":49.0,"enemies":"Gremlin Leader","floor":23.0,"turns":6.0},{"damage":18.0,"enemies":"Snake Plant","floor":24.0,"turns":3.0},{"damage":6.0,"enemies":"Chosen and Byrds","floor":27.0,"turns":4.0},{"damage":58.0,"enemies":"Book of Stabbing","floor":28.0,"turns":8.0},{"damage":22.0,"enemies":"Champ","floor":33.0,"turns":10.0},{"damage":9.0,"enemies":"3 Shapes","floor":35.0,"turns":5.0},{"damage":0.0,"enemies":"Orb Walker","floor":37.0,"turns":2.0},{"damage":11.0,"enemies":"3 Darklings","floor":38.0,"turns":5.0},{"damage":0.0,"enemies":"Transient","floor":40.0,"turns":5.0},{"damage":9.0,"enemies":"Sphere and 2 Shapes","floor":42.0,"turns":5.0},{"damage":3.0,"enemies":"Nemesis","floor":44.0,"turns":9.0},{"damage":6.0,"enemies":"Giant Head","floor":46.0,"turns":6.0},{"damage":0,"enemies":"Jaw Worm Horde","floor":48,"turns":7},{"damage":45,"enemies":"Awakened One","floor":50,"turns":9},{"damage":26,"enemies":"Shield and Spear","floor":54,"turns":6},{"damage":61,"enemies":"The Heart","floor":55,"turns":9}],"seed_played":"2300497721141795654","potions_obtained":[{"floor":12.0,"key":"Swift Potion"},{"floor":13.0,"key":"LiquidBronze"},{"floor":14.0,"key":"PowerPotion"},{"floor":16.0,"key":"Explosive Potion"},{"floor":18.0,"key":"EntropicBrew"},{"floor":22.0,"key":"Explosive Potion"},{"floor":28.0,"key":"AttackPotion"},{"floor":35.0,"key":"FearPotion"},{"floor":40.0,"key":"AttackPotion"},{"floor":42.0,"key":"Fruit Juice"},{"floor":44.0,"key":"DuplicationPotion"},{"floor":46.0,"key":"HeartOfIron"}],"is_trial":false,"path_per_floor":["M","M","?","?","$","R","?","R","T","R","E","M","M","M","R","B",null,"M","?","M","$","M","E","M","R","T","M","E","?","R","?","R","B",null,"M","?","M","M","?","M","?","M","T","E","R","E","R","M","R","B",null,"R","$","E","B",null],"character_chosen":"IRONCLAD","items_purchased":["Power Through","Membership Card","Kunai","Warcry"],"campfire_rested":2,"item_purchase_floors":[5,21,53,53],"current_hp_per_floor":[80,79,72,61,61,67,67,73,73,79,65,78,74,74,80,71,80,73,73,57,57,79,36,24,54,54,60,29,29,38,38,71,64,80,77,77,80,77,77,80,80,77,77,85,85,85,85,85,85,46,85,85,85,65,30],"gold":205,"neow_bonus":"REMOVE_CARD","is_daily":false,"chose_seed":false,"campfire_upgraded":8,"win_rate":0.0,"timestamp":1613589542,"path_taken":["M","?","?","?","$","R","?","R","T","R","E","M","M","M","R","BOSS","M","?","M","$","?","E","M","R","T","M","E","?","R","?","R","BOSS","M","?","M","?","?","M","?","M","T","E","R","E","R","?","R","BOSS","R","$","E","BOSS"],"items_purchased_type":["Card","Relic","Relic","Card"],"build_version":"2020-12-22","purchased_purges":3,"victory":true,"max_hp_per_floor":[80,80,80,80,80,80,80,80,80,80,80,80,80,80,80,80,80,80,80,80,80,80,80,80,80,80,80,80,80,80,80,80,80,80,80,80,80,80,80,80,80,80,80,85,85,85,85,85,85,85,85,85,85,85,85],"card_choices":[{"not_picked":["Clothesline","Anger"],"picked":"Twin Strike","floor":1.0},{"not_picked":["Ghostly Armor","Iron Wave"],"picked":"Evolve","floor":2.0},{"not_picked":["Cleave","Anger"],"picked":"Reaper","floor":11.0},{"not_picked":["Flex","Anger"],"picked":"Spot Weakness","floor":12.0},{"not_picked":["Entrench","Thunderclap","Sever Soul"],"picked":"SKIP","floor":13.0},{"not_picked":["Dropkick","Pommel Strike","Infernal Blade"],"picked":"SKIP","floor":14.0},{"not_picked":["Feed","Bludgeon"],"picked":"Exhume","floor":16.0},{"not_picked":["Body Slam","Anger","Iron Wave"],"picked":"SKIP","floor":18.0},{"not_picked":["Warcry","Thunderclap"],"picked":"Battle Trance","floor":20.0},{"not_picked":["Combust","Thunderclap","Clothesline"],"picked":"SKIP","floor":22.0},{"not_picked":["Perfected Strike","Warcry"],"picked":"Intimidate","floor":23.0},{"not_picked":["Evolve+1","Perfected Strike"],"picked":"True Grit+1","floor":24.0},{"not_picked":["Brutality","Evolve"],"picked":"Sentinel+1","floor":27.0},{"not_picked":["Armaments","Cleave"],"picked":"Sword Boomerang+1","floor":28.0},{"not_picked":["Immolate","Double Tap"],"picked":"Barricade","floor":33.0},{"not_picked":["True Grit","Wild Strike"],"picked":"Armaments+1","floor":35.0},{"not_picked":["Ghostly Armor+1","Sword Boomerang"],"picked":"Havoc+1","floor":37.0},{"not_picked":["Rampage+1","Wild Strike","Pummel"],"picked":"SKIP","floor":38.0},{"not_picked":["Blood for Blood","Headbutt"],"picked":"Shrug It Off+1","floor":40.0},{"not_picked":["Pommel Strike+1","Anger"],"picked":"True Grit+1","floor":42.0},{"not_picked":["Clash+1","Warcry"],"picked":"Fiend Fire","floor":44.0},{"not_picked":["Twin Strike","True Grit","Combust+1"],"picked":"SKIP","floor":46.0},{"not_picked":["True Grit","Power Through+1"],"picked":"Impervious","floor":48},{"not_picked":["Cleave+1","Clothesline+1","Wild Strike+1"],"picked":"SKIP","floor":54}],"player_experience":268009,"relics_obtained":[{"floor":9.0,"key":"Pantograph"},{"floor":11.0,"key":"Dead Branch"},{"floor":23.0,"key":"Pen Nib"},{"floor":23.0,"key":"Centennial Puzzle"},{"floor":28.0,"key":"Vajra"},{"floor":28.0,"key":"Nunchaku"},{"floor":43.0,"key":"Boot"},{"floor":44.0,"key":"Oddly Smooth Stone"},{"floor":44.0,"key":"Regal Pillow"},{"floor":46.0,"key":"CeramicFish"},{"floor":46.0,"key":"StrikeDummy"},{"floor":54,"key":"Orichalcum"},{"floor":54,"key":"InkBottle"}],"event_choices":[{"damage_healed":0.0,"max_hp_gain":0.0,"max_hp_loss":0.0,"gold_gain":0.0,"event_name":"Scrap Ooze","player_choice":"Success","floor":3.0,"gold_loss":0.0,"damage_taken":7.0,"relics_obtained":["Eternal Feather"]},{"damage_healed":0.0,"max_hp_gain":0.0,"max_hp_loss":0.0,"gold_gain":75.0,"event_name":"World of Goop","player_choice":"Gather Gold","floor":4.0,"gold_loss":0.0,"damage_taken":11.0},{"cards_removed":["Strike_R"],"damage_healed":0.0,"max_hp_gain":0.0,"max_hp_loss":0.0,"gold_gain":0.0,"event_name":"The Cleric","player_choice":"Card Removal","floor":7.0,"gold_loss":50.0,"damage_taken":0.0},{"cards_removed":["Strike_R"],"damage_healed":0.0,"max_hp_gain":0.0,"max_hp_loss":0.0,"gold_gain":0.0,"event_name":"Purifier","player_choice":"Purged","floor":19.0,"gold_loss":0.0,"damage_taken":0.0},{"damage_healed":0.0,"max_hp_gain":0.0,"max_hp_loss":0.0,"gold_gain":0.0,"event_name":"Addict","player_choice":"Obtained Relic","floor":29.0,"gold_loss":85.0,"damage_taken":0.0,"relics_obtained":["Gambling Chip"]},{"damage_healed":0.0,"max_hp_gain":0.0,"max_hp_loss":0.0,"gold_gain":0.0,"event_name":"The Library","player_choice":"Read","floor":31.0,"gold_loss":0.0,"damage_taken":0.0,"cards_obtained":["Power Through"]},{"cards_removed":["Strike_R"],"damage_healed":0.0,"max_hp_gain":0.0,"max_hp_loss":0.0,"gold_gain":0.0,"event_name":"Bonfire Elementals","player_choice":"Offered Basic","floor":36.0,"gold_loss":0.0,"damage_taken":0.0},{"damage_healed":0.0,"max_hp_gain":0.0,"max_hp_loss":0.0,"gold_gain":0.0,"event_name":"Tomb of Lord Red Mask","player_choice":"Ignored","floor":39.0,"gold_loss":0.0,"damage_taken":0.0},{"damage_healed":0.0,"max_hp_gain":0.0,"max_hp_loss":0.0,"gold_gain":0.0,"event_name":"Duplicator","player_choice":"Copied","floor":41.0,"gold_loss":0.0,"damage_taken":0.0,"cards_obtained":["Exhume"]}],"is_beta":false,"boss_relics":[{"not_picked":["Runic Dome","Runic Pyramid"],"picked":"Black Star"},{"not_picked":["SlaversCollar","Calling Bell"],"picked":"Cursed Key"}],"items_purged_floors":[5,21,53],"is_endless":false,"potions_floor_spawned":[12,13,14,16,18,22,28,35,40,42,44,46],"ascension_level":3}}