{"host":"hrvs05np4ys7itky","time":1613531695,"event":{"mods":["BaseMod","Colored Map","Colored Powertips","Downfall","Emptier Cage","Hermit","Highlight Path","Minty Spire (QoL Compilation)","Permanent Neow","Rare Cards Sparkle","Relic Stats","StSLib","everything is the same but u backflip on backflip"],"gold_per_floor":[112,132,5,5,19,45,45,55,55,65,65,84,9,9,9,82,82,100,119,119,137,137,137,137],"floor_reached":23,"language":"ENG","playtime":1240,"items_purged":["Normality"],"score":353,"play_id":"5b22b4c7-9cc3-403b-af4e-26db758f2a39","local_time":"20210216221455","is_ascension_mode":true,"campfire_choices":[{"data":"Armaments","floor":7.0,"key":"SMITH"},{"data":"Havoc","floor":15,"key":"SMITH"}],"circlet_count":0,"master_deck":["AscendersBane","Strike_R","Strike_R","Strike_R","Defend_R","Defend_R","Defend_R","Bash","Spot Weakness","Sword Boomerang","Armaments+1","Shrug It Off","Sword Boomerang","Power Through","Havoc+1","Limit Break","Offering+1","Dual Wield+1","Warcry+1","Pummel","Sword Boomerang+1","Intimidate+1","Ghostly","Ghostly","Ghostly","Ghostly","Ghostly"],"relics":["Burning Blood","CaptainsWheel","Anchor","Sundial","Astrolabe"],"acts_visited":["Exordium","TheCity"],"potions_floor_usage":[8,12],"damage_taken":[{"damage":0.0,"enemies":"Cultist","floor":1.0,"turns":4.0},{"damage":6.0,"enemies":"2 Louse","floor":2.0,"turns":3.0},{"damage":3.0,"enemies":"Small Slimes","floor":5.0,"turns":3.0},{"damage":10.0,"enemies":"Lagavulin","floor":6.0,"turns":6.0},{"damage":3,"enemies":"Blue Slaver","floor":8,"turns":3},{"damage":1,"enemies":"Looter","floor":10,"turns":4},{"damage":10,"enemies":"Lots of Slimes","floor":12,"turns":5},{"damage":42,"enemies":"Slime Boss","floor":16,"turns":11},{"damage":17,"enemies":"Spheric Guardian","floor":18,"turns":4},{"damage":11,"enemies":"Shell Parasite","floor":19,"turns":3},{"damage":22,"enemies":"Snake Plant","floor":21,"turns":8},{"damage":4,"enemies":"Slavers","floor":23,"turns":6}],"seed_played":"9205035138893741866","potions_obtained":[{"floor":4.0,"key":"CultistPotion"},{"floor":4.0,"key":"sneckomod:MuddlingPotion"},{"floor":4.0,"key":"PowerPotion"},{"floor":6.0,"key":"DuplicationPotion"},{"floor":8,"key":"Fire Potion"}],"is_trial":false,"path_per_floor":["M","M","$","?","M","E","R","M","T","M","?","M","$","?","R","B",null,"M","M","?","M","?","E"],"character_chosen":"IRONCLAD","items_purchased":["Spot Weakness","Sword Boomerang"],"campfire_rested":0,"item_purchase_floors":[3,3],"current_hp_per_floor":[74,74,74,74,75,71,71,74,74,75,80,76,76,76,76,40,70,59,54,39,23,23,19,19],"gold":137,"neow_bonus":"ONE_RARE_RELIC","is_daily":false,"chose_seed":false,"campfire_upgraded":2,"win_rate":0.0,"timestamp":1613531695,"path_taken":["M","M","$","?","M","E","R","?","T","M","?","M","$","?","R","BOSS","M","M","?","M","?","E"],"items_purchased_type":["Card","Card"],"build_version":"2020-12-22","purchased_purges":1,"victory":false,"max_hp_per_floor":[75,75,75,75,75,75,75,75,75,75,80,80,80,80,80,80,80,80,80,85,85,42,42,42],"relic_stats":{"counters":[12,60],"Sundial":[6],"Astrolabe":["Offering","Dual Wield","Warcry"],"obtain_stats":[{"CaptainsWheel":0,"Anchor":6,"Sundial":9,"Astrolabe":17,"Burning Blood":0},{"CaptainsWheel":0,"Anchor":4,"Sundial":5,"Astrolabe":8,"Burning Blood":0},{"CaptainsWheel":0,"Anchor":16,"Sundial":19,"Astrolabe":39,"Burning Blood":0}],"Burning Blood":60},"card_choices":[{"not_picked":["Thunderclap","Entrench"],"picked":"Anger","floor":1.0},{"not_picked":["Thunderclap","Perfected Strike","Sentinel"],"picked":"SKIP","floor":2.0},{"not_picked":["Clash","Spot Weakness"],"picked":"Armaments","floor":5.0},{"not_picked":["Carnage","Clash"],"picked":"Shrug It Off","floor":6.0},{"not_picked":["Havoc","Anger"],"picked":"Sword Boomerang","floor":8},{"not_picked":["Corruption","Clash"],"picked":"Power Through","floor":10},{"not_picked":["Thunderclap","Reckless Charge","Armaments"],"picked":"SKIP","floor":12},{"not_picked":["Brutality","Double Tap"],"picked":"Limit Break","floor":16},{"not_picked":["Perfected Strike","Burning Pact"],"picked":"Pummel","floor":18},{"not_picked":["Anger","Wild Strike"],"picked":"Sword Boomerang+1","floor":19},{"not_picked":["Havoc","Rupture"],"picked":"Intimidate+1","floor":21}],"player_experience":1093701,"relics_obtained":[{"floor":6.0,"key":"Anchor"},{"floor":9,"key":"Sundial"}],"event_choices":[{"damage_healed":0.0,"max_hp_gain":0.0,"max_hp_loss":0.0,"gold_gain":0.0,"event_name":"Lab","player_choice":"Got Potions","floor":4.0,"gold_loss":0.0,"damage_taken":0.0},{"damage_healed":0,"gold_gain":0,"player_choice":"Donut","damage_taken":0,"max_hp_gain":5,"max_hp_loss":0,"event_name":"Big Fish","floor":11,"gold_loss":0},{"damage_healed":0,"gold_gain":0,"cards_transformed":["Strike_R"],"player_choice":"Change","damage_taken":0,"max_hp_gain":0,"max_hp_loss":0,"event_name":"Living Wall","floor":14,"gold_loss":0,"cards_obtained":["Havoc"]},{"damage_healed":0,"gold_gain":0,"player_choice":"Shed Blood","damage_taken":20,"max_hp_gain":5,"max_hp_loss":0,"event_name":"Forgotten Altar","floor":20,"gold_loss":0},{"damage_healed":0,"gold_gain":0,"player_choice":"Became a Ghost","damage_taken":0,"max_hp_gain":0,"max_hp_loss":43,"event_name":"Ghosts","floor":22,"gold_loss":0,"cards_obtained":["Ghostly","Ghostly","Ghostly","Ghostly","Ghostly"]}],"is_beta":false,"boss_relics":[{"not_picked":["SacredBark","Pandora\u0027s Box"],"picked":"Astrolabe"}],"items_purged_floors":[13],"is_endless":false,"potions_floor_spawned":[6,8,10],"killed_by":"Slavers","ascension_level":14}}