{"host":"ifd7sfhtlbe34qll","time":1613537155,"event":{"mods":["2.2 Compatiblity","Act Like it!","Ascension Unlocker","BaseMod","Block Reminder","Colored Map","Curses Come First","Downfall","Highlight Path","Minty Spire (QoL Compilation)","Potion Indicator Mod","Quick Restart","Random Character Button","Relic Stats","StSLib","SuperFastMode"],"gold_per_floor":[99,99,99,374,374,409,409,409,426,351,384,397,347,357,376,447,447,397,410,422,422,422,435,435,448,332,282,299,309,259,292,307,307,307,307],"floor_reached":33,"language":"ENG","playtime":1592,"items_purged":["Pain"],"score":554,"play_id":"a3735454-d32e-49d0-a3b6-a38c45d913ca","local_time":"20210216224555","is_ascension_mode":true,"campfire_choices":[{"data":"Slimebound:Split","floor":1,"key":"SMITH"},{"data":"Slimebound:CorrosiveSpit","floor":8,"key":"SMITH"},{"floor":13,"key":"REST"},{"data":"Slimebound:TagTeam","floor":18,"key":"SMITH"},{"data":"Slimebound:RejuvenatingLick","floor":27,"key":"SMITH"}],"circlet_count":0,"master_deck":["AscendersBane","Slimebound:Strike_Slimebound","Slimebound:Strike_Slimebound","Slimebound:Strike_Slimebound","Slimebound:Tackle","Slimebound:Defend_Slimebound","Slimebound:Defend_Slimebound","Slimebound:Defend_Slimebound","Slimebound:Defend_Slimebound","Slimebound:Split+1","Slimebound:CorrosiveSpit+1","Slimebound:SplitLeeching","Slimebound:GrowthPunch","Regret","Slimebound:RollThrough","Slimebound:ForwardTackle","Slimebound:GoopSpray","Slimebound:RallyTheTroops","Slimebound:RejuvenatingLick+1","Slimebound:Prepare","Slimebound:Prepare","Slimebound:TagTeam+1","Slimebound:ForwardTackle","Slimebound:SlimeTap","Slimebound:SamplingLick+1","Slimebound:Nibble","Slimebound:LeechingTouch","Slimebound:PressTheAttack+1","Slimebound:BestDefense"],"relics":["Slimebound:AbsorbEndCombat","downfall:HeartsMalice","StrikeDummy","Darkstone Periapt","Slimebound:GreedOozeRelic","Gremlin Horn","expansioncontent:StudyCardRelic","WarpedTongs","Akabeko","Centennial Puzzle"],"acts_visited":["Exordium","TheCity"],"potions_floor_usage":[11,25,31],"damage_taken":[{"damage":0,"enemies":"2 Louse","floor":2,"turns":1},{"damage":0,"enemies":"Cultist","floor":3,"turns":1},{"damage":0,"enemies":"Jaw Worm","floor":5,"turns":1},{"damage":25,"enemies":"3 Sentries","floor":6,"turns":9},{"damage":0,"enemies":"2 Fungi Beasts","floor":9,"turns":4},{"damage":13,"enemies":"Gremlin Nob","floor":11,"turns":3},{"damage":3,"enemies":"Blue Slaver","floor":12,"turns":3},{"damage":0,"enemies":"Gremlin Gang","floor":14,"turns":3},{"damage":9,"enemies":"2 Fungi Beasts","floor":15,"turns":3},{"damage":35,"enemies":"SI_SHIV_ARCHETYPE","floor":16,"turns":8},{"damage":12,"enemies":"downfall:LooterAlt2","floor":19,"turns":4},{"damage":0,"enemies":"Chosen","floor":20,"turns":3},{"damage":20,"enemies":"Centurion and Healer","floor":23,"turns":2},{"damage":0,"enemies":"Snecko","floor":25,"turns":3},{"damage":3,"enemies":"downfall:FleeingMerchant","floor":26,"turns":4},{"damage":7,"enemies":"Cultist and Chosen","floor":28,"turns":4},{"damage":0,"enemies":"Snake Plant","floor":29,"turns":2},{"damage":24,"enemies":"Book of Stabbing","floor":31,"turns":4},{"damage":3,"enemies":"Snecko","floor":32,"turns":3},{"damage":56,"enemies":"DF_ARCHETYPE_CLAW","floor":33,"turns":5}],"seed_played":"-5721609028003350409","potions_obtained":[{"floor":6,"key":"Swift Potion"},{"floor":9,"key":"Explosive Potion"},{"floor":12,"key":"Slimebound:SlimedPotion"},{"floor":20,"key":"Slimebound:SlimyTonguePotion"},{"floor":25,"key":"CultistPotion"}],"is_trial":false,"path_per_floor":["R","M","M","?","M","E","T","R","M","?","E","M","R","M","M","B",null,"R","M","M","?","?","M","T","M","$","R","M","M","?","E","M","B"],"character_chosen":"SLIMEBOUND","items_purchased":["Slimebound:LeechingTouch"],"campfire_rested":1,"item_purchase_floors":[26],"current_hp_per_floor":[53,53,53,53,53,28,28,28,30,30,23,22,39,41,36,9,47,47,43,51,51,57,45,45,49,52,52,49,53,65,47,48,0,0,0],"gold":307,"neow_bonus":"THREE_ENEMY_KILL","is_daily":false,"chose_seed":false,"campfire_upgraded":4,"win_rate":0.0,"timestamp":1613537155,"path_taken":["R","M","M","?","?","E","T","R","M","?","E","M","R","M","M","BOSS","R","M","M","?","?","M","T","M","$","R","M","?","?","E","M","BOSS"],"items_purchased_type":["Card"],"build_version":"2020-12-22","purchased_purges":1,"victory":false,"max_hp_per_floor":[59,59,59,59,59,59,59,59,59,59,59,59,59,59,59,59,59,59,59,59,59,65,65,65,65,65,65,65,65,65,65,65,65,65,65],"relic_stats":{"Darkstone Periapt":6,"Centennial Puzzle":[6],"Gremlin Horn":[7,8],"counters":[20,66],"obtain_stats":[{"Darkstone Periapt":7,"Slimebound:GreedOozeRelic":10,"Centennial Puzzle":31,"Gremlin Horn":11,"downfall:HeartsMalice":0,"Slimebound:AbsorbEndCombat":0,"expansioncontent:StudyCardRelic":17,"StrikeDummy":6,"Akabeko":24,"WarpedTongs":22},{"Darkstone Periapt":4,"Slimebound:GreedOozeRelic":5,"Centennial Puzzle":18,"Gremlin Horn":6,"downfall:HeartsMalice":0,"Slimebound:AbsorbEndCombat":0,"expansioncontent:StudyCardRelic":10,"StrikeDummy":4,"Akabeko":13,"WarpedTongs":12},{"Darkstone Periapt":9,"Slimebound:GreedOozeRelic":13,"Centennial Puzzle":58,"Gremlin Horn":16,"downfall:HeartsMalice":0,"Slimebound:AbsorbEndCombat":0,"expansioncontent:StudyCardRelic":32,"StrikeDummy":9,"Akabeko":41,"WarpedTongs":39}],"WarpedTongs":[27]},"card_choices":[{"not_picked":["Slimebound:LivingWall","Slimebound:Schlurp"],"picked":"Slimebound:SplitLeeching","floor":2},{"not_picked":["Slimebound:HauntingLick","Slimebound:Nibble"],"picked":"Slimebound:GrowthPunch","floor":3},{"not_picked":["Slimebound:SlimeSpikes","Slimebound:SplitBruiser"],"picked":"Slimebound:RollThrough","floor":5},{"not_picked":["Slimebound:SlimeBarrage","Slimebound:LeechEnergy"],"picked":"Slimebound:ForwardTackle","floor":6},{"not_picked":["Slimebound:MegaLick","Slimebound:ProtectTheBoss"],"picked":"Slimebound:GoopSpray","floor":9},{"not_picked":["Slimebound:SplitSpecialist","Slimebound:LevelUp"],"picked":"Slimebound:RallyTheTroops","floor":11},{"not_picked":["Slimebound:SplitLeeching","Slimebound:PressTheAttack"],"picked":"Slimebound:RejuvenatingLick","floor":12},{"not_picked":["Slimebound:Grow","Slimebound:FinishingTackle"],"picked":"Slimebound:Prepare","floor":14},{"not_picked":["Slimebound:HauntingLick","Slimebound:SplitLeeching"],"picked":"Slimebound:Prepare","floor":15},{"not_picked":["Slimebound:Overexert","Slimebound:FirmFortitude"],"picked":"Slimebound:TagTeam","floor":16},{"not_picked":["Slimebound:Chomp","Slimebound:FinishingTackle"],"picked":"Slimebound:ForwardTackle","floor":19},{"not_picked":["Slimebound:TongueLash","Slimebound:GoopTackle","Slimebound:RejuvenatingLick"],"picked":"SKIP","floor":20},{"not_picked":["Slimebound:DisruptingSlam","Slimebound:LeechEnergy","Slimebound:FinishingTackle"],"picked":"SKIP","floor":23},{"not_picked":["Slimebound:PressTheAttack","Slimebound:FinishingTackle"],"picked":"Slimebound:SamplingLick+1","floor":25},{"not_picked":["Slimebound:SlimeSlap","Slimebound:Replication"],"picked":"Slimebound:Nibble","floor":26},{"not_picked":["Slimebound:ViciousTackle","Slimebound:ItLooksTasty","Slimebound:SplitLeeching+1"],"picked":"SKIP","floor":28},{"not_picked":["Slimebound:LivingWall","Slimebound:GoopSpray"],"picked":"Slimebound:PressTheAttack+1","floor":29},{"not_picked":["Slimebound:RollThrough+1","Slimebound:AcidTongue+1"],"picked":"Slimebound:BestDefense","floor":31},{"not_picked":["Slimebound:MegaLick","Slimebound:GoopTackle","Slimebound:SamplingLick"],"picked":"SKIP","floor":32}],"player_experience":1739660,"relics_obtained":[{"floor":6,"key":"StrikeDummy"},{"floor":7,"key":"Darkstone Periapt"},{"floor":11,"key":"Gremlin Horn"},{"floor":24,"key":"Akabeko"},{"floor":31,"key":"Centennial Puzzle"}],"event_choices":[{"damage_healed":0,"gold_gain":0,"player_choice":"Read","damage_taken":0,"max_hp_gain":0,"max_hp_loss":0,"event_name":"The Library","floor":21,"gold_loss":0,"cards_obtained":["Slimebound:SlimeTap"]},{"damage_healed":0,"gold_gain":0,"player_choice":"Rummage","damage_taken":0,"relics_obtained":["WarpedTongs"],"max_hp_gain":0,"max_hp_loss":0,"event_name":"Accursed Blacksmith","floor":22,"gold_loss":0,"cards_obtained":["Pain"]}],"is_beta":false,"boss_relics":[{"not_picked":["Slimebound:TarBlob","Coffee Dripper"],"picked":"expansioncontent:StudyCardRelic"}],"items_purged_floors":[26],"is_endless":false,"potions_floor_spawned":[6,9,12,14,15,20,25,29,32],"killed_by":"DF_ARCHETYPE_CLAW","ascension_level":20}}