{"host":"os9owiyb0rak6c8n","time":1613584986,"event":{"mods":["AchievementEnabler","Astrologer","BaseMod","Beaked The Cultist","Better Third Choice","Block Reminder","Colored Map","Colored Powertips","Curses Come First","Dio Mod","Minty Spire (QoL Compilation)","Robot Space Explorer","Spicy Shops","StSLib","The Death Knight","The Necromancer"],"gold_per_floor":[118,293,293,0,11,11,41,53,65,89,113,202,231,262,274,390,402,429,453,476,488,488],"floor_reached":21,"language":"ENG","playtime":1365,"items_purged":["Doubt"],"score":238,"play_id":"ff2e0063-3e9e-4e97-a5cd-0825dcd1e480","local_time":"20210217190306","is_ascension_mode":true,"campfire_choices":[{"data":"DeathKnight:Hysteria","floor":6,"key":"SMITH"},{"data":"DeathKnight:Pestilence","floor":8,"key":"SMITH"},{"floor":15,"key":"REST"}],"circlet_count":0,"master_deck":["DeathKnight:Strike_DeathKnight","DeathKnight:Strike_DeathKnight","DeathKnight:Strike_DeathKnight","DeathKnight:Strike_DeathKnight","DeathKnight:Defend_DeathKnight","DeathKnight:Defend_DeathKnight","DeathKnight:Defend_DeathKnight","DeathKnight:Defend_DeathKnight","DeathKnight:Defend_DeathKnight","DeathKnight:RuneTap","DeathKnight:RuneStrike","DeathKnight:Hysteria+1","DeathKnight:Marrowrend","DeathKnight:HowlingBlast","DeathKnight:Pestilence+1","DeathKnight:HornOfWinter","DeathKnight:Defile","DeathKnight:MindFreeze"],"relics":["DeathKnight:BrokenRuneblade","Gambling Chip","DeathKnight:AbominationHead","Anchor","MawBank","Gremlin Horn","Sozu"],"acts_visited":["Exordium","TheCity"],"potions_floor_usage":[14,16],"damage_taken":[{"damage":7,"enemies":"2 Louse","floor":1,"turns":3},{"damage":2,"enemies":"Jaw Worm","floor":5,"turns":3},{"damage":30,"enemies":"3 Sentries","floor":7,"turns":9},{"damage":0,"enemies":"Small Slimes","floor":10,"turns":2},{"damage":0,"enemies":"2 Fungi Beasts","floor":11,"turns":3},{"damage":0,"enemies":"3 Louse","floor":13,"turns":1},{"damage":2,"enemies":"Red Slaver","floor":14,"turns":4},{"damage":29,"enemies":"Slime Boss","floor":16,"turns":8},{"damage":18,"enemies":"Spheric Guardian","floor":18,"turns":4},{"damage":9,"enemies":"Shell Parasite","floor":19,"turns":5},{"damage":14,"enemies":"Shelled Parasite and Fungi","floor":20,"turns":5},{"damage":22,"enemies":"Sentry and Sphere","floor":21,"turns":3}],"seed_played":"-267376225621939945","potions_obtained":[{"floor":5,"key":"DistilledChaos"},{"floor":11,"key":"Block Potion"},{"floor":16,"key":"Explosive Potion"}],"is_trial":false,"path_per_floor":["M","?","T","$","M","R","E","R","T","M","M","?","M","M","R","B",null,"M","M","M","M"],"character_chosen":"DEATH_KNIGHT","items_purchased":["DeathKnight:AbominationHead","Anchor"],"campfire_rested":1,"item_purchase_floors":[4,4],"current_hp_per_floor":[61,61,61,61,59,59,29,29,29,29,29,29,29,27,49,20,61,43,34,20,0,0],"gold":488,"neow_bonus":"TRANSFORM_CARD","is_daily":false,"chose_seed":false,"campfire_upgraded":2,"win_rate":0.0,"timestamp":1613584986,"path_taken":["M","?","?","$","M","R","E","R","T","M","M","?","M","M","R","BOSS","M","M","M","M"],"items_purchased_type":["Relic","Relic"],"build_version":"2020-12-22","purchased_purges":1,"victory":false,"max_hp_per_floor":[75,75,75,75,75,75,75,75,75,75,75,75,75,75,75,75,75,75,75,75,75,75],"card_choices":[{"not_picked":["DeathKnight:UnholyFrenzy","DeathKnight:DeathRune"],"picked":"DeathKnight:Marrowrend","floor":1},{"not_picked":["DeathKnight:DeathStrike","DeathKnight:RuneShock"],"picked":"DeathKnight:HowlingBlast","floor":5},{"not_picked":["DeathKnight:DeathCoil","DeathKnight:DeathAndDecay"],"picked":"DeathKnight:Pestilence","floor":7},{"not_picked":["DeathKnight:Parry","DeathKnight:VampiricBlood"],"picked":"DeathKnight:HornOfWinter","floor":10},{"not_picked":["DeathKnight:DeathGrip","DeathKnight:Parry","DeathKnight:BludPresence"],"picked":"SKIP","floor":11},{"not_picked":["DeathKnight:UnholyFrenzy","DeathKnight:RunicCorruption","DeathKnight:HartStrike"],"picked":"SKIP","floor":13},{"not_picked":["DeathKnight:BloodEchoes","DeathKnight:Ossuary","DeathKnight:Pestilence"],"picked":"SKIP","floor":14},{"not_picked":["DeathKnight:Outbreak","DeathKnight:SindragosasBreath"],"picked":"DeathKnight:Defile","floor":16},{"not_picked":["DeathKnight:Lichborne+1","DeathKnight:MutagenicPlague","DeathKnight:RuneShock+1"],"picked":"SKIP","floor":18},{"not_picked":["DeathKnight:Parry+1","DeathKnight:Ossuary"],"picked":"DeathKnight:MindFreeze","floor":19},{"not_picked":["DeathKnight:HowlingBlast+1","DeathKnight:UnholyPresence","DeathKnight:RuneShock+1"],"picked":"SKIP","floor":20}],"player_experience":617508,"relics_obtained":[{"floor":3,"key":"Gambling Chip"},{"floor":7,"key":"MawBank"},{"floor":9,"key":"Gremlin Horn"}],"event_choices":[{"damage_healed":0,"gold_gain":175,"player_choice":"AGREE","damage_taken":118,"max_hp_gain":0,"max_hp_loss":0,"event_name":"betterThird:BetterSerpent","floor":2,"gold_loss":0},{"damage_healed":0,"gold_gain":77,"player_choice":"Gained Gold","damage_taken":0,"max_hp_gain":0,"max_hp_loss":0,"event_name":"Golden Wing","floor":12,"gold_loss":0}],"is_beta":false,"boss_relics":[{"not_picked":["Empty Cage","Runic Dome"],"picked":"Sozu"}],"items_purged_floors":[4],"is_endless":false,"potions_floor_spawned":[5,11,13,16,18,19],"killed_by":"Sentry and Sphere","ascension_level":6}}