{"host":"0z6l31g9ps0v9zzp","time":1613533259,"event":{"mods":["Act Like it!","BaseMod","CapriCore","Minty Spire (QoL Compilation)","MostiFishMod","StSLib"],"gold_per_floor":[118,193,193,212,40,40,69,69,69,100,116,145,145,159,159,237,237,253,253,143,163,163,191,191,220,274,274,288,315,94,109,109,181,181,194,144,157,157,157,188,198,198,198,225,225,175,205,219,219,219,219,219,219,83,110,110,110],"floor_reached":56,"language":"ZHS","playtime":949,"items_purged":["Defend_R","MostiFishMod:TemporaryOutbreak+1","Strike_R+1","Strike_R+1"],"score":2918,"play_id":"fd7ed3af-d991-4ad0-bb6f-4bc92db65ea5","local_time":"20210217114059","is_ascension_mode":true,"campfire_choices":[{"data":"Bash","floor":6,"key":"SMITH"},{"data":"Strike_R","floor":8,"key":"SMITH"},{"floor":13,"key":"RECALL"},{"data":"Flex","floor":15,"key":"SMITH"},{"data":"RitualDagger","floor":24,"key":"SMITH"},{"data":"MostiFishMod:TemporaryOutbreak","floor":27,"key":"SMITH"},{"data":"Strike_R","floor":32,"key":"SMITH"},{"data":"Madness","floor":42,"key":"SMITH"},{"data":"Madness","floor":49,"key":"SMITH"},{"data":"Defend_R","floor":53,"key":"SMITH"}],"circlet_count":0,"master_deck":["AscendersBane","Defend_R+1","Bash+1","Flex+1","RitualDagger+1","Impervious+1","Demon Form+1","Burning Pact+1","Madness+1","Madness+1","MostiFishMod:HellRitual+1","Pummel","Sword Boomerang+1"],"relics":["Burning Blood","DaveBox","ExusiaiGun","NeowsBlessing","SynthV:TestCard","Pen Nib","Lantern","Oddly Smooth Stone","Smiling Mask","Calipers","Transparent","CombinedTypeHook","Ginger","Ancient Tea Set","BrkXgEgg","Astrolabe","Anchor","Pantograph","InkBottle","Frozen Egg 2","Bronze Scales"],"acts_visited":["Exordium","TheCity","TheBeyond","TheEnding"],"potions_floor_usage":[16,50,56,56],"damage_taken":[{"damage":1,"enemies":"2 Louse","floor":1,"turns":2},{"damage":0,"enemies":"Jaw Worm","floor":4,"turns":1},{"damage":0,"enemies":"Gremlin Nob","floor":7,"turns":1},{"damage":0,"enemies":"Lagavulin","floor":10,"turns":1},{"damage":0,"enemies":"Cultist","floor":11,"turns":1},{"damage":0,"enemies":"3 Sentries","floor":12,"turns":2},{"damage":0,"enemies":"Large Slime","floor":14,"turns":2},{"damage":0,"enemies":"Hexaghost","floor":16,"turns":2},{"damage":15,"enemies":"Chosen","floor":18,"turns":1},{"damage":15,"enemies":"3 Byrds","floor":21,"turns":1},{"damage":15,"enemies":"Slavers","floor":23,"turns":1},{"damage":15,"enemies":"Book of Stabbing","floor":25,"turns":1},{"damage":15,"enemies":"Sentry and Sphere","floor":28,"turns":1},{"damage":15,"enemies":"Gremlin Leader","floor":29,"turns":1},{"damage":15,"enemies":"Snecko","floor":31,"turns":1},{"damage":15,"enemies":"Collector","floor":33,"turns":1},{"damage":15,"enemies":"3 Shapes","floor":35,"turns":1},{"damage":15,"enemies":"3 Darklings","floor":37,"turns":1},{"damage":15,"enemies":"Giant Head","floor":40,"turns":1},{"damage":15,"enemies":"Jaw Worm Horde","floor":41,"turns":1},{"damage":30,"enemies":"Reptomancer","floor":44,"turns":2},{"damage":15,"enemies":"Nemesis","floor":47,"turns":1},{"damage":15,"enemies":"Spire Growth","floor":48,"turns":1},{"damage":45,"enemies":"Awakened One","floor":50,"turns":3},{"damage":30,"enemies":"Donu and Deca","floor":51,"turns":2},{"damage":15,"enemies":"Shield and Spear","floor":55,"turns":1},{"damage":84,"enemies":"The Heart","floor":56,"turns":3}],"seed_played":"-8146503329699333743","potions_obtained":[{"floor":1,"key":"Dexterity Potion"},{"floor":4,"key":"LiquidMemories"},{"floor":16,"key":"DuplicationPotion"},{"floor":47,"key":"CultistPotion"},{"floor":55,"key":"ElixirPotion"}],"is_trial":false,"path_per_floor":["M","?","?","M","$","R","E","R","T","E","M","E","R","M","R","B",null,"M","?","?","M","?","E","R","E","T","R","M","E","$","M","R","B",null,"M","$","M","?","?","E","M","R","T","E","?","$","E","M","R","B","B",null,"R","$","E","B"],"character_chosen":"IRONCLAD","items_purchased":["Pen Nib","BrkXgEgg","Pummel"],"campfire_rested":0,"item_purchase_floors":[5,30,54],"current_hp_per_floor":[73,62,62,68,68,68,74,74,74,75,75,75,75,75,75,75,75,75,69,69,75,75,75,75,75,75,75,75,75,75,75,75,75,75,75,75,75,61,61,75,75,75,75,75,64,64,75,75,75,75,75,75,75,75,75,0,0],"gold":110,"neow_bonus":"THREE_ENEMY_KILL","is_daily":false,"chose_seed":false,"campfire_upgraded":9,"win_rate":0.0,"timestamp":1613533259,"path_taken":["M","?","?","?","?","R","E","R","T","E","M","E","R","M","R","BOSS","M","?","?","?","?","E","R","E","T","R","M","E","$","?","R","BOSS","M","$","M","?","?","E","M","R","T","E","?","$","E","?","R","BOSS","BOSS","R","$","E","BOSS"],"items_purchased_type":["Relic","Relic","Card"],"build_version":"2020-12-22","purchased_purges":4,"victory":false,"max_hp_per_floor":[75,75,75,75,75,75,75,75,75,75,75,75,75,75,75,75,75,75,75,75,75,75,75,75,75,75,75,75,75,75,75,75,75,75,75,75,75,75,75,75,75,75,75,75,75,75,75,75,75,75,75,75,75,75,75,75,75],"card_choices":[{"not_picked":["Carnage","Headbutt","Iron Wave"],"picked":"SKIP","floor":1},{"not_picked":["Twin Strike","Clash","Iron Wave","Pommel Strike","Headbutt"],"picked":"SKIP","floor":4},{"not_picked":["Whirlwind","MostiFishMod:FlyOverUtopia","Warcry","True Grit","Rupture"],"picked":"SKIP","floor":7},{"not_picked":["Pummel","Body Slam","Spot Weakness","Wild Strike","Rage"],"picked":"SKIP","floor":10},{"not_picked":["Ghostly Armor","Battle Trance","Dropkick","Iron Wave","Heavy Blade"],"picked":"SKIP","floor":11},{"not_picked":["Ghostly Armor","Twin Strike","Clothesline","Clash","Wild Strike"],"picked":"SKIP","floor":12},{"not_picked":["Shrug It Off","Sword Boomerang","MostiFishMod:ChineseTea","Anger"],"picked":"Flex","floor":14},{"not_picked":["Fire Breathing","Battle Trance","Rage","Body Slam","Power Through"],"picked":"SKIP","floor":18},{"not_picked":["Havoc","Sword Boomerang","Flex+1","Clothesline","Clash+1"],"picked":"SKIP","floor":21},{"not_picked":["Disarm","MostiFishMod:#F4004","Carnage","Body Slam","Whirlwind"],"picked":"SKIP","floor":23},{"not_picked":["MostiFishMod:RainCloud","Warcry","Power Through","Anger+1","Clash"],"picked":"SKIP","floor":25},{"not_picked":["Wild Strike","Iron Wave+1","Headbutt","MostiFishMod:#F4004","Sword Boomerang"],"picked":"SKIP","floor":28},{"not_picked":["Fire Breathing","Body Slam","Anger","Armaments","Battle Trance+1"],"picked":"SKIP","floor":29},{"not_picked":["Iron Wave","Disarm+1","Havoc","Bloodletting","Feel No Pain+1"],"picked":"SKIP","floor":31},{"not_picked":["Perfected Strike","Iron Wave+1","Feel No Pain","Burning Pact","Rampage+1"],"picked":"SKIP","floor":35},{"not_picked":["Clothesline","MostiFishMod:#F4004","Shrug It Off","Infernal Blade","Pommel Strike"],"picked":"SKIP","floor":37},{"not_picked":["Warcry+1","Heavy Blade+1","Second Wind","Seeing Red+1","Flex"],"picked":"SKIP","floor":40},{"not_picked":["Clothesline","Dual Wield+1","Body Slam+1","Sword Boomerang","Warcry"],"picked":"SKIP","floor":41},{"not_picked":["Rupture","Seeing Red","Heavy Blade","Pummel+1","Searing Blow+1"],"picked":"SKIP","floor":44},{"not_picked":["Rage","Wild Strike","Heavy Blade+1","Iron Wave"],"picked":"MostiFishMod:HellRitual+1","floor":47},{"not_picked":["Anger","Rage","Headbutt","Shrug It Off+1","Twin Strike"],"picked":"SKIP","floor":48},{"not_picked":["Heavy Blade+1","Thunderclap","Evolve+1","Body Slam"],"picked":"Sword Boomerang+1","floor":55}],"player_experience":288455,"relics_obtained":[{"floor":1,"key":"SynthV:TestCard"},{"floor":7,"key":"Lantern"},{"floor":9,"key":"Oddly Smooth Stone"},{"floor":10,"key":"Smiling Mask"},{"floor":12,"key":"Calipers"},{"floor":23,"key":"CombinedTypeHook"},{"floor":25,"key":"Ginger"},{"floor":29,"key":"Ancient Tea Set"},{"floor":40,"key":"Anchor"},{"floor":43,"key":"Pantograph"},{"floor":44,"key":"InkBottle"},{"floor":47,"key":"Frozen Egg 2"},{"floor":55,"key":"Bronze Scales"}],"event_choices":[{"damage_healed":0,"gold_gain":75,"player_choice":"Gather Gold","damage_taken":11,"max_hp_gain":0,"max_hp_loss":0,"event_name":"World of Goop","floor":2,"gold_loss":0},{"damage_healed":0,"gold_gain":0,"player_choice":"Ignored","damage_taken":0,"max_hp_gain":0,"max_hp_loss":0,"event_name":"Liars Game","floor":3,"gold_loss":0},{"damage_healed":0,"gold_gain":0,"player_choice":"Joined the Cult","damage_taken":6,"max_hp_gain":0,"max_hp_loss":0,"event_name":"Nest","floor":19,"gold_loss":0,"cards_obtained":["RitualDagger"]},{"cards_removed":["Strike_R"],"damage_healed":0,"gold_gain":0,"player_choice":"Upgrade and Remove","damage_taken":0,"max_hp_gain":0,"max_hp_loss":0,"event_name":"Designer","floor":20,"gold_loss":110,"cards_upgraded":["Strike_R"]},{"damage_healed":0,"gold_gain":0,"cards_transformed":["Strike_R"],"player_choice":"Transformed","damage_taken":0,"max_hp_gain":0,"max_hp_loss":0,"event_name":"Transmorgrifier","floor":22,"gold_loss":0,"cards_obtained":["MostiFishMod:TemporaryOutbreak"]},{"damage_healed":0,"gold_gain":0,"player_choice":"Embrace Madness","damage_taken":14,"max_hp_gain":0,"max_hp_loss":0,"event_name":"Winding Halls","floor":38,"gold_loss":0,"cards_obtained":["Madness","Madness"]},{"damage_healed":0,"gold_gain":0,"player_choice":"Ignored","damage_taken":0,"max_hp_gain":0,"max_hp_loss":0,"event_name":"Tomb of Lord Red Mask","floor":39,"gold_loss":0},{"damage_healed":0,"gold_gain":0,"player_choice":"Damaged","damage_taken":11,"max_hp_gain":0,"max_hp_loss":0,"event_name":"Wheel of Change","floor":45,"gold_loss":0}],"is_beta":false,"boss_relics":[{"not_picked":["xbg","Fusion Hammer"],"picked":"Transparent"},{"not_picked":["Cursed Key","Snecko Eye"],"picked":"Astrolabe"}],"items_purged_floors":[30,36,46,54],"is_endless":false,"potions_floor_spawned":[1,4,12,16,21,25,28,40,44,47,55],"killed_by":"The Heart","ascension_level":20}}