{"host":"khwpnvgc3av0w6xd","time":1613577968,"event":{"mods":["BaseMod","Block Reminder","Colored Map","DeckTracker","Highlight Path","Minty Spire (QoL Compilation)","Quick Restart"],"gold_per_floor":[109,119,194,194,194,194,208,208,235,235,82,117,135,135,135,240,240,240,88,123,141,141,141],"floor_reached":22,"language":"DEU","playtime":1123,"items_purged":[],"score":200,"play_id":"69758e83-6abf-4359-aadb-660d1e3b4c1e","local_time":"20210217170608","is_ascension_mode":true,"campfire_choices":[{"data":"Eruption","floor":6,"key":"SMITH"},{"floor":8,"key":"RECALL"},{"data":"Vigilance","floor":10,"key":"SMITH"},{"data":"ThirdEye","floor":15,"key":"SMITH"}],"circlet_count":0,"master_deck":["Strike_P","Strike_P","Strike_P","Strike_P+1","Defend_P","Defend_P","Defend_P","Defend_P","Eruption+1","Vigilance+1","FearNoEvil","FlurryOfBlows+1","Brilliance","Prostrate","MentalFortress","FlurryOfBlows","ThirdEye+1","Sanctity","ConjureBlade","Worship","Fasting2","EmptyBody","LikeWater"],"relics":["PureWater","Boot","PreservedInsect","Red Mask"],"acts_visited":["Exordium","TheCity"],"potions_floor_usage":[16,18,20,21],"damage_taken":[{"damage":0,"enemies":"Small Slimes","floor":1,"turns":3},{"damage":0,"enemies":"Jaw Worm","floor":2,"turns":3},{"damage":3,"enemies":"2 Louse","floor":7,"turns":2},{"damage":16,"enemies":"Lagavulin","floor":12,"turns":4},{"damage":0,"enemies":"Large Slime","floor":13,"turns":2},{"damage":36,"enemies":"Hexaghost","floor":16,"turns":10},{"damage":0,"enemies":"2 Thieves","floor":18,"turns":1},{"damage":76,"enemies":"Masked Bandits","floor":20,"turns":7},{"damage":0,"enemies":"3 Byrds","floor":21,"turns":7},{"damage":18,"enemies":"Snecko","floor":22,"turns":2}],"seed_played":"1715608651734771957","potions_obtained":[{"floor":7,"key":"DuplicationPotion"},{"floor":13,"key":"Block Potion"},{"floor":16,"key":"SmokeBomb"},{"floor":20,"key":"Weak Potion"}],"is_trial":false,"path_per_floor":["M","M","?","T","?","R","M","R","T","R","$","E","M","?","R","B",null,"M","$","?","M","M"],"character_chosen":"WATCHER","items_purchased":["Prostrate","MentalFortress","FlurryOfBlows","Worship","Fasting2"],"campfire_rested":0,"item_purchase_floors":[11,11,11,19,19],"current_hp_per_floor":[79,79,68,68,52,52,49,49,49,49,49,33,33,59,59,23,79,79,79,3,3,0,0],"gold":141,"neow_bonus":"TEN_PERCENT_HP_BONUS","is_daily":false,"chose_seed":false,"campfire_upgraded":3,"win_rate":0.0,"timestamp":1613577968,"path_taken":["M","M","?","?","?","R","M","R","T","R","$","E","M","?","R","BOSS","M","$","?","M","M"],"items_purchased_type":["Card","Card","Card","Card","Card"],"build_version":"2020-12-22","purchased_purges":0,"victory":false,"max_hp_per_floor":[79,79,79,79,79,79,79,79,79,79,79,79,79,79,79,79,79,79,79,79,79,79,79],"card_choices":[{"not_picked":["SashWhip","CrushJoints"],"picked":"FearNoEvil","floor":1},{"not_picked":["Halt","JustLucky"],"picked":"FlurryOfBlows","floor":2},{"not_picked":["Prostrate","Protect"],"picked":"Brilliance","floor":7},{"not_picked":["Wallop","Consecrate"],"picked":"ThirdEye","floor":12},{"not_picked":["SandsOfTime","Evaluate"],"picked":"Sanctity","floor":13},{"not_picked":["Scrawl","Judgement"],"picked":"ConjureBlade","floor":16},{"not_picked":["JustLucky","Study"],"picked":"EmptyBody","floor":20},{"not_picked":["CrushJoints","PathToVictory"],"picked":"LikeWater","floor":21}],"player_experience":93677,"relics_obtained":[{"floor":9,"key":"Boot"},{"floor":12,"key":"PreservedInsect"},{"floor":20,"key":"Red Mask"}],"event_choices":[{"damage_healed":0,"gold_gain":75,"player_choice":"Gather Gold","damage_taken":11,"max_hp_gain":0,"max_hp_loss":0,"event_name":"World of Goop","floor":3,"gold_loss":0},{"damage_healed":0,"gold_gain":0,"player_choice":"Entered Light","damage_taken":16,"max_hp_gain":0,"max_hp_loss":0,"event_name":"Shining Light","floor":5,"gold_loss":0,"cards_upgraded":["Strike_P","FlurryOfBlows"]},{"damage_healed":26,"gold_gain":0,"player_choice":"Banana","damage_taken":0,"max_hp_gain":0,"max_hp_loss":0,"event_name":"Big Fish","floor":14,"gold_loss":0},{"damage_healed":0,"gold_gain":0,"player_choice":"Fought Bandits","damage_taken":0,"max_hp_gain":0,"max_hp_loss":0,"event_name":"Masked Bandits","floor":20,"gold_loss":0}],"is_beta":false,"boss_relics":[{"not_picked":["Runic Dome","Ectoplasm","Busted Crown"]}],"items_purged_floors":[],"is_endless":false,"potions_floor_spawned":[7,13,16,18,20],"killed_by":"Snecko","ascension_level":2}}