{"host":"rq6soridv5n2augj","time":1613555095,"event":{"mods":["BaseMod","Downfall","Googly Eyes","Hermit","Marisa????????","Minty Spire (QoL Compilation)","READ ME - Guardian Mod","Remilia??????","Replay The Spire","StSLib","The Animator","The Cursed","The Hierophant","The Necromancer","The Senshi","The Servant 0.9.4"],"gold_per_floor":[115,115,159,109,127,162,162,179,179,195,195,207,226,226,226,325,325,345,345,345,364,376,376,401,418,418,418,433,433,468,493,493,664,664,689,13,13,31,63,89,89,105,105,130,4,35,51,66,66,66],"floor_reached":51,"language":"ENG","playtime":10722,"items_purged":["downfall:Icky","hermit:Strike_Hermit"],"score":680,"play_id":"08e63651-f51e-4039-92e1-cf4ece4117b1","local_time":"20210217014455","is_ascension_mode":false,"campfire_choices":[{"data":"hermit:FatalDesire","floor":7,"key":"SMITH"},{"floor":15,"key":"REST"},{"data":"hermit:Combo","floor":23,"key":"SMITH"},{"floor":29,"key":"REST"},{"floor":32,"key":"REST"},{"floor":41,"key":"REST"},{"floor":49,"key":"REST"}],"circlet_count":0,"master_deck":["hermit:Strike_Hermit","hermit:Strike_Hermit","hermit:Defend_Hermit","hermit:Defend_Hermit","hermit:Defend_Hermit","hermit:Snapshot","hermit:Covet","hermit:FatalDesire+1","hermit:Glare","hermit:Coalescence","hermit:Ricochet","hermit:Quickdraw","hermit:Adapt+1","hermit:HighCaliber","hermit:Snipe","hermit:DeadOrAlive","hermit:Brawl+1","Slimebound:CheckThePlaybook","hermit:GoldenBullet","animator:Curse_Dizziness","hermit:Combo+1","hermit:Ricochet+1","hermit:Enervate+1","hermit:GhostlyPresence","hermit:Roulette","hermit:Horror+1","hermit:FromBeyond+1","hermit:BigShot+1","hermit:BigShot+1","hermit:Cheat+1","hermit:Snipe+1","hermit:Reprieve","hermit:EyeOfTheStorm+1"],"relics":["hermit:Momento","ReplayTheSpireMod:Ring of Exchange","Ring of Misfortune","Mercury Hourglass","Akabeko","Vajra","Membership Card","ReplayTheSpireMod:CursedCoin","Bag of Marbles","Durian","Mango","Painkiller Herb","Replay:Ringing Soul","SlaversCollar","AntiCross","Eternal Feather","hermit:Spyglass"],"acts_visited":["Exordium","TheCity","TheBeyond"],"potions_floor_usage":[6,6,6,12,22,28,30,33,42],"damage_taken":[{"damage":1,"enemies":"Jaw Worm","floor":1,"turns":5},{"damage":2,"enemies":"Small Slimes","floor":5,"turns":3},{"damage":10,"enemies":"Gremlin Nob","floor":6,"turns":3},{"damage":0,"enemies":"2 Louse","floor":8,"turns":2},{"damage":0,"enemies":"2 Fungi Beasts","floor":10,"turns":2},{"damage":0,"enemies":"Lots of Slimes","floor":12,"turns":3},{"damage":4,"enemies":"3 Louse","floor":13,"turns":2},{"damage":3,"enemies":"Fading Forest","floor":16,"turns":11},{"damage":12,"enemies":"2 Thieves","floor":18,"turns":3},{"damage":3,"enemies":"3 Byrds","floor":22,"turns":3},{"damage":26,"enemies":"Gremlin Leader","floor":24,"turns":5},{"damage":11,"enemies":"Snake Plant","floor":25,"turns":3},{"damage":11,"enemies":"Shelled Parasite and Fungi","floor":28,"turns":4},{"damage":3,"enemies":"3 Cultists","floor":30,"turns":3},{"damage":0,"enemies":"Snecko","floor":31,"turns":4},{"damage":11,"enemies":"Collector","floor":33,"turns":7},{"damage":16,"enemies":"3 Shapes","floor":35,"turns":3},{"damage":12,"enemies":"3 Darklings","floor":38,"turns":4},{"damage":7,"enemies":"Spire Growth","floor":39,"turns":3},{"damage":23,"enemies":"R_Hoarder","floor":40,"turns":5},{"damage":32,"enemies":"Writhing Mass","floor":42,"turns":4},{"damage":0,"enemies":"Sphere and 2 Shapes","floor":44,"turns":4},{"damage":0,"enemies":"3 Darklings","floor":46,"turns":3},{"damage":0,"enemies":"Transient","floor":47,"turns":5},{"damage":0,"enemies":"Maw","floor":48,"turns":5},{"damage":66,"enemies":"Awakened One","floor":50,"turns":7}],"seed_played":"-2447990575989311381","potions_obtained":[{"floor":1,"key":"GamblersBrew"},{"floor":3,"key":"ColorlessPotion"},{"floor":3,"key":"Languid Potion"},{"floor":10,"key":"SneckoOil"},{"floor":16,"key":"FairyPotion"},{"floor":18,"key":"Languid Potion"},{"floor":25,"key":"Swift Potion"},{"floor":28,"key":"AttackPotion"},{"floor":30,"key":"LifebloodPotion"},{"floor":40,"key":"Fire Potion"},{"floor":42,"key":"SpeedPotion"},{"floor":46,"key":"SmokeBomb"}],"is_trial":false,"path_per_floor":["M","?","?","?","M","E","R","M","T","M","?","M","M","?","R","B",null,"M","?","?","$","M","R","E","M","T","?","M","R","M","M","R","B",null,"?","T","?","?","?","E","T","?","T","?","T","?","?","?","T","B",null],"character_chosen":"HERMIT","items_purchased":["ReplayTheSpireMod:CursedCoin","Bag of Marbles","hermit:Combo","Replay:Ringing Soul","SlaversCollar","hermit:Spyglass"],"campfire_rested":5,"item_purchase_floors":[21,21,21,36,36,45],"current_hp_per_floor":[67,67,67,67,65,55,55,55,55,55,55,55,51,33,53,68,68,56,56,56,56,53,53,32,21,35,35,24,50,47,47,73,62,87,71,71,71,59,55,35,62,33,33,33,33,33,36,47,95,29],"gold":66,"neow_bonus":"THREE_RARE_CARDS","is_daily":false,"chose_seed":false,"campfire_upgraded":2,"win_rate":0.0,"timestamp":1613555095,"path_taken":["M","?","?","?","M","E","R","M","T","M","?","M","?","?","R","BOSS","M","?","?","$","M","R","E","M","T","?","M","R","M","M","R","BOSS","?","T","?","?","?","E","T","?","T","?","T","?","?","?","T","BOSS"],"items_purchased_type":["Relic","Relic","Card","Relic","Relic","Relic"],"build_version":"2020-12-22","purchased_purges":2,"victory":true,"max_hp_per_floor":[68,68,68,68,68,68,68,68,68,68,68,68,68,68,68,68,68,68,68,68,68,68,68,73,73,87,87,87,87,87,87,87,87,87,87,87,87,87,90,93,93,96,96,96,96,96,99,102,102,102],"card_choices":[{"not_picked":["hermit:FromBeyond","hermit:DeadOrAlive"],"picked":"hermit:FatalDesire","floor":0},{"not_picked":["hermit:Determination","hermit:DeadMansHand"],"picked":"hermit:Glare","floor":1},{"not_picked":["hermit:Snipe","hermit:DeadMansHand"],"picked":"hermit:Coalescence","floor":3},{"not_picked":["hermit:FullyLoaded","hermit:LoneWolf"],"picked":"hermit:Ricochet","floor":5},{"not_picked":["hermit:Coalescence","hermit:Scavenge"],"picked":"hermit:Quickdraw","floor":6},{"not_picked":["hermit:Scavenge","hermit:Gestalt"],"picked":"hermit:Adapt","floor":8},{"not_picked":["hermit:Glare","hermit:Malice","hermit:Vantage"],"picked":"SKIP","floor":10},{"not_picked":["hermit:Ricochet","hermit:Spite"],"picked":"hermit:HighCaliber","floor":12},{"not_picked":["hermit:LowProfile","hermit:NoHoldsBarred"],"picked":"hermit:Snipe","floor":13},{"not_picked":["hermit:Purgatory","hermit:Reprieve"],"picked":"hermit:DeadOrAlive","floor":16},{"not_picked":["hermit:FullyLoaded+1","hermit:Snipe"],"picked":"hermit:Brawl+1","floor":18},{"not_picked":["hermit:CursedWeapon","hermit:Malice"],"picked":"hermit:Ricochet+1","floor":22},{"not_picked":["hermit:Reprieve","hermit:GoldenBullet"],"picked":"hermit:Enervate+1","floor":24},{"not_picked":["hermit:Feint+1","hermit:Manifest"],"picked":"hermit:GhostlyPresence","floor":25},{"not_picked":["hermit:TrackingShot","hermit:Quickdraw","hermit:BodyArmor"],"picked":"SKIP","floor":28},{"not_picked":["hermit:Coalescence+1","hermit:Malice"],"picked":"hermit:Roulette","floor":30},{"not_picked":["hermit:Roulette","hermit:Combo+1"],"picked":"hermit:Horror+1","floor":31},{"not_picked":["hermit:RoundhouseKick","hermit:Reprieve"],"picked":"hermit:FromBeyond","floor":33},{"not_picked":["hermit:FullyLoaded","hermit:Snipe"],"picked":"hermit:BigShot+1","floor":35},{"not_picked":["hermit:Brawl+1","hermit:ItchyTrigger","hermit:TrackingShot"],"picked":"SKIP","floor":38},{"not_picked":["hermit:Horror+1","hermit:FlashPowder+1"],"picked":"hermit:BigShot+1","floor":39},{"not_picked":["hermit:LuckOfTheDraw","hermit:BigShot"],"picked":"hermit:Cheat+1","floor":40},{"not_picked":["hermit:Spite","hermit:LowProfile+1"],"picked":"hermit:Snipe+1","floor":42},{"not_picked":["hermit:Misfire","hermit:Roulette+1","hermit:Vantage"],"picked":"SKIP","floor":44},{"not_picked":["hermit:Maintenance+1","hermit:Roulette+1","hermit:Glare+1"],"picked":"SKIP","floor":46},{"not_picked":["hermit:Glare","hermit:Roulette+1"],"picked":"hermit:Reprieve","floor":47},{"not_picked":["hermit:Malice+1","hermit:BigShot+1"],"picked":"hermit:EyeOfTheStorm+1","floor":48}],"player_experience":374581,"relics_obtained":[{"floor":2,"key":"ReplayTheSpireMod:Ring of Exchange"},{"floor":2,"key":"Ring of Misfortune"},{"floor":6,"key":"Mercury Hourglass"},{"floor":9,"key":"Akabeko"},{"floor":24,"key":"Durian"},{"floor":26,"key":"Mango"},{"floor":40,"key":"AntiCross"},{"floor":43,"key":"Eternal Feather"}],"event_choices":[{"cards_removed":["hermit:Defend_Hermit"],"damage_healed":0,"gold_gain":0,"player_choice":"Card Removal","damage_taken":0,"max_hp_gain":0,"max_hp_loss":0,"event_name":"The Cleric","floor":4,"gold_loss":50},{"damage_healed":0,"gold_gain":0,"player_choice":"Upgraded","damage_taken":0,"max_hp_gain":0,"max_hp_loss":0,"event_name":"Upgrade Shrine","floor":11,"gold_loss":0,"cards_upgraded":["hermit:Adapt"]},{"damage_healed":0,"gold_gain":0,"player_choice":"Success","damage_taken":18,"relics_obtained":["Vajra"],"max_hp_gain":0,"max_hp_loss":0,"event_name":"Scrap Ooze","floor":14,"gold_loss":0},{"damage_healed":0,"gold_gain":0,"player_choice":"Read","damage_taken":0,"max_hp_gain":0,"max_hp_loss":0,"event_name":"The Library","floor":20,"gold_loss":0,"cards_obtained":["hermit:GoldenBullet"]},{"cards_removed":["hermit:Strike_Hermit"],"damage_healed":0,"gold_gain":0,"player_choice":"Elegance","damage_taken":0,"max_hp_gain":0,"max_hp_loss":0,"event_name":"Back to Basics","floor":27,"gold_loss":0},{"damage_healed":0,"gold_gain":0,"player_choice":"Forge","damage_taken":0,"max_hp_gain":0,"max_hp_loss":0,"event_name":"Accursed Blacksmith","floor":37,"gold_loss":0,"cards_upgraded":["hermit:FromBeyond"]}],"is_beta":false,"boss_relics":[{"not_picked":["Sling","Medical Kit"],"picked":"Membership Card"},{"not_picked":["Runic Pyramid","Chemical X"],"picked":"Painkiller Herb"}],"items_purged_floors":[21,36],"is_endless":false,"potions_floor_spawned":[1,10,16,18,25,28,30,40,42,46,47],"ascension_level":0}}