{"host":"seujf6kmfn3ctpoe","time":1613571735,"event":{"mods":["BaseMod","Colored Map","Jedi Mod","Minty Spire (QoL Compilation)","Permanent Neow","Relic Sorter","Relic Stats","StSLib"],"gold_per_floor":[15,26,26,26,26,62,62,78,78,78,78,109,129,162,162,290,290,313,337,353,452,470,513,531,531,531,575,590,590,215,230,230,360,360,378,378,443,443,85,85,124,24,24,48,67,110,130,146,146,146,146,146,94,138,138],"floor_reached":56,"language":"ENG","playtime":2610,"items_purged":["jedi:unlimitedpower","Spot Weakness"],"score":1490,"play_id":"11fac6b1-4ae8-40e5-9893-94edbedb22fb","local_time":"20210217152215","is_ascension_mode":true,"campfire_choices":[{"data":"jedi:fear","floor":7.0,"key":"SMITH"},{"data":"Shockwave","floor":11.0,"key":"SMITH"},{"data":"Bash","floor":15.0,"key":"SMITH"},{"floor":25.0,"key":"RECALL"},{"floor":29.0,"key":"REST"},{"floor":32.0,"key":"REST"},{"floor":40.0,"key":"REST"},{"floor":49.0,"key":"REST"},{"floor":52.0,"key":"REST"}],"circlet_count":0,"master_deck":["Strike_R","Strike_R+1","Strike_R","Defend_R","Defend_R","Defend_R","Defend_R","Bash+1","Cleave+1","jedi:fear+1","Shockwave+1","Uppercut+1","Metallicize+1","Whirlwind+1","jedi:harder","Seeing Red+1","Heavy Blade"],"relics":["Burning Blood","jedi:matchstick","Bird Faced Urn","Golden Idol","Blue Candle","Singing Bowl","jedi:crownofsimplicity","Tiny Chest","Fusion Hammer","Sundial","Dream Catcher","Brimstone","Oddly Smooth Stone","Runic Pyramid","Lizard Tail","Ice Cream","Whetstone","FossilizedHelix","Pen Nib","Calipers"],"acts_visited":["Exordium","TheCity","TheBeyond","TheEnding"],"potions_floor_usage":[54,55,55],"damage_taken":[{"damage":1.0,"enemies":"2 Louse","floor":1.0,"turns":3.0},{"damage":5.0,"enemies":"Jaw Worm","floor":2.0,"turns":5.0},{"damage":24.0,"enemies":"3 Sentries","floor":6.0,"turns":6.0},{"damage":5.0,"enemies":"Small Slimes","floor":8.0,"turns":3.0},{"damage":21.0,"enemies":"Gremlin Nob","floor":12.0,"turns":4.0},{"damage":0.0,"enemies":"Looter","floor":13.0,"turns":2.0},{"damage":15.0,"enemies":"Lagavulin","floor":14.0,"turns":5.0},{"damage":12.0,"enemies":"Slime Boss","floor":16.0,"turns":8.0},{"damage":0.0,"enemies":"Shell Parasite","floor":18.0,"turns":3.0},{"damage":17.0,"enemies":"Spheric Guardian","floor":19.0,"turns":4.0},{"damage":0.0,"enemies":"Cultist and Chosen","floor":20.0,"turns":4.0},{"damage":5.0,"enemies":"Snake Plant","floor":22.0,"turns":3.0},{"damage":32.0,"enemies":"Slavers","floor":23.0,"turns":5.0},{"damage":0.0,"enemies":"3 Cultists","floor":24.0,"turns":3.0},{"damage":19.0,"enemies":"Book of Stabbing","floor":27.0,"turns":3.0},{"damage":12.0,"enemies":"Shelled Parasite and Fungi","floor":28.0,"turns":4.0},{"damage":6.0,"enemies":"Snake Plant","floor":31.0,"turns":3.0},{"damage":8.0,"enemies":"Champ","floor":33.0,"turns":7.0},{"damage":0.0,"enemies":"3 Darklings","floor":35.0,"turns":3.0},{"damage":0.0,"enemies":"2 Orb Walkers","floor":37.0,"turns":2.0},{"damage":22.0,"enemies":"Giant Head","floor":41.0,"turns":7.0},{"damage":0.0,"enemies":"3 Shapes","floor":44.0,"turns":4.0},{"damage":0.0,"enemies":"Transient","floor":45.0,"turns":5.0},{"damage":12.0,"enemies":"Nemesis","floor":46.0,"turns":5.0},{"damage":0.0,"enemies":"Spire Growth","floor":47.0,"turns":4.0},{"damage":8.0,"enemies":"Writhing Mass","floor":48.0,"turns":5.0},{"damage":86.0,"enemies":"Donu and Deca","floor":50.0,"turns":6.0},{"damage":12,"enemies":"Shield and Spear","floor":54,"turns":2},{"damage":154,"enemies":"The Heart","floor":55,"turns":7}],"seed_played":"3883669129033745694","potions_obtained":[{"floor":2.0,"key":"Energy Potion"},{"floor":5.0,"key":"DistilledChaos"},{"floor":5.0,"key":"Strength Potion"},{"floor":6.0,"key":"BloodPotion"},{"floor":19.0,"key":"Ancient Potion"},{"floor":28.0,"key":"SteroidPotion"},{"floor":31.0,"key":"DuplicationPotion"},{"floor":46.0,"key":"PowerPotion"}],"is_trial":false,"path_per_floor":["M","M","?","?","?","E","R","M","T","?","R","E","M","E","R","B",null,"M","M","M","?","M","E","M","R","T","E","M","R","$","M","R","B",null,"M","?","?","T","$","R","E","$","T","M","M","E","M","M","R","B",null,"R","$","E","B",null],"character_chosen":"IRONCLAD","items_purchased":["Brimstone","Oddly Smooth Stone","Ice Cream","jedi:harder","Heavy Blade"],"campfire_rested":5,"item_purchase_floors":[30,30,39,39,53],"current_hp_per_floor":[80,80,80,74,74,56,56,57,57,57,57,44,52,45,45,39,80,82,84,86,86,88,64,72,72,72,61,55,85,85,87,98,98,100,100,100,102,102,102,104,90,90,90,100,110,106,114,114,116,36,116,118,118,114,36],"gold":138,"neow_bonus":"ONE_RARE_RELIC","is_daily":false,"chose_seed":false,"campfire_upgraded":3,"win_rate":0.0,"timestamp":1613571735,"path_taken":["M","M","?","?","?","E","R","?","T","?","R","E","?","E","R","BOSS","M","M","M","?","M","E","M","R","T","E","M","R","$","M","R","BOSS","M","?","?","?","$","R","E","$","T","M","?","E","M","M","R","BOSS","R","$","E","BOSS"],"items_purchased_type":["Relic","Relic","Relic","Card","Card"],"build_version":"2020-12-22","purchased_purges":2,"victory":true,"max_hp_per_floor":[80,80,80,74,74,74,74,74,74,74,74,76,78,80,80,80,80,82,84,86,86,88,90,92,92,92,94,94,96,96,98,98,100,100,100,100,102,102,102,104,106,106,106,108,110,112,114,114,116,116,116,118,118,120,120],"relic_stats":{"Singing Bowl":46,"counters":[29,125],"Golden Idol":235,"Blue Candle":[0],"Pen Nib":[3],"Whetstone":["Strike_R","Cleave"],"Burning Blood":143,"Dream Catcher":5,"Lizard Tail":60,"Sundial":[10],"Bird Faced Urn":[12],"Tiny Chest":1,"obtain_stats":[{"Ice Cream":39,"Calipers":54,"Singing Bowl":9,"Golden Idol":4,"Blue Candle":6,"Oddly Smooth Stone":30,"Pen Nib":46,"jedi:crownofsimplicity":12,"Whetstone":41,"Burning Blood":0,"Dream Catcher":27,"Lizard Tail":37,"Sundial":26,"Brimstone":30,"Bird Faced Urn":0,"Tiny Chest":14,"jedi:matchstick":23,"Fusion Hammer":17,"FossilizedHelix":43,"Runic Pyramid":34},{"Ice Cream":20,"Calipers":28,"Singing Bowl":4,"Golden Idol":2,"Blue Candle":3,"Oddly Smooth Stone":16,"Pen Nib":24,"jedi:crownofsimplicity":5,"Whetstone":21,"Burning Blood":0,"Dream Catcher":15,"Lizard Tail":20,"Sundial":14,"Brimstone":16,"Bird Faced Urn":0,"Tiny Chest":7,"jedi:matchstick":13,"Fusion Hammer":8,"FossilizedHelix":21,"Runic Pyramid":18},{"Ice Cream":80,"Calipers":118,"Singing Bowl":17,"Golden Idol":8,"Blue Candle":14,"Oddly Smooth Stone":65,"Pen Nib":101,"jedi:crownofsimplicity":21,"Whetstone":87,"Burning Blood":0,"Dream Catcher":61,"Lizard Tail":80,"Sundial":58,"Brimstone":65,"Bird Faced Urn":0,"Tiny Chest":28,"jedi:matchstick":55,"Fusion Hammer":36,"FossilizedHelix":87,"Runic Pyramid":75}]},"card_choices":[{"not_picked":["Headbutt","True Grit"],"picked":"Cleave","floor":1.0},{"not_picked":["Sentinel","Warcry"],"picked":"jedi:fear","floor":2.0},{"not_picked":["Twin Strike","Fiend Fire"],"picked":"Spot Weakness","floor":6.0},{"not_picked":["jedi:fear","Dual Wield","Cleave"],"picked":"SKIP","floor":8.0},{"not_picked":["Headbutt","jedi:fear","Fire Breathing"],"picked":"Singing Bowl","floor":12.0},{"not_picked":["Havoc","True Grit","Cleave"],"picked":"Singing Bowl","floor":13.0},{"not_picked":["Anger","Rupture","Pommel Strike"],"picked":"Singing Bowl","floor":14.0},{"not_picked":["Immolate","Barricade"],"picked":"jedi:unlimitedpower","floor":16.0},{"not_picked":["Fire Breathing+1","Entrench","Sword Boomerang+1"],"picked":"Singing Bowl","floor":18.0},{"not_picked":["Reckless Charge+1","Searing Blow+1","Warcry"],"picked":"Singing Bowl","floor":19.0},{"not_picked":["jedi:fear","Burning Pact","Havoc+1"],"picked":"Singing Bowl","floor":20.0},{"not_picked":["Armaments","Clothesline","Pommel Strike"],"picked":"Singing Bowl","floor":22.0},{"not_picked":["Body Slam","Pommel Strike","Clothesline"],"picked":"Singing Bowl","floor":23.0},{"not_picked":["Rage","Burning Pact","Exhume"],"picked":"Singing Bowl","floor":24.0},{"not_picked":["Havoc","Uppercut+1","Armaments"],"picked":"Singing Bowl","floor":27.0},{"not_picked":["Wild Strike","Pommel Strike"],"picked":"Uppercut+1","floor":28.0},{"not_picked":["Combust+1","Anger+1","Blood for Blood"],"picked":"Singing Bowl","floor":29.0},{"not_picked":["Berserk","jedi:fear+1","Warcry"],"picked":"Singing Bowl","floor":31.0},{"not_picked":["Pummel","Perfected Strike"],"picked":"Metallicize+1","floor":32.0},{"not_picked":["jedi:strikingstrike","Brutality","Feed"],"picked":"Singing Bowl","floor":33.0},{"not_picked":["Flex","Anger+1"],"picked":"Whirlwind+1","floor":35.0},{"not_picked":["Havoc","Cleave","Dark Embrace+1"],"picked":"Singing Bowl","floor":37.0},{"not_picked":["jedi:harder","Warcry+1","Carnage"],"picked":"Singing Bowl","floor":40.0},{"not_picked":["Feel No Pain","jedi:suffering","Infernal Blade+1"],"picked":"Singing Bowl","floor":41.0},{"not_picked":["Sword Boomerang","Sever Soul","Headbutt+1"],"picked":"Singing Bowl","floor":44.0},{"not_picked":["Thunderclap","Pummel+1","Anger"],"picked":"Singing Bowl","floor":45.0},{"not_picked":["Limit Break","Flex","Havoc"],"picked":"Singing Bowl","floor":46.0},{"not_picked":["Rage","Flex+1","Warcry"],"picked":"Singing Bowl","floor":47.0},{"not_picked":["Armaments+1","Disarm+1"],"picked":"Seeing Red+1","floor":48.0},{"not_picked":["Clothesline+1","Perfected Strike","jedi:MakeshiftSword+1"],"picked":"Singing Bowl","floor":49.0},{"not_picked":["Havoc","Heavy Blade+1","Dropkick"],"picked":"Singing Bowl","floor":52.0},{"not_picked":["jedi:MakeshiftSword+1","Warcry","Shrug It Off"],"picked":"Singing Bowl","floor":54}],"player_experience":448778,"relics_obtained":[{"floor":6.0,"key":"Blue Candle"},{"floor":9.0,"key":"Singing Bowl"},{"floor":12.0,"key":"jedi:crownofsimplicity"},{"floor":14.0,"key":"Tiny Chest"},{"floor":23.0,"key":"jedi:matchstick"},{"floor":26.0,"key":"Sundial"},{"floor":27.0,"key":"Dream Catcher"},{"floor":37.0,"key":"Lizard Tail"},{"floor":41.0,"key":"Whetstone"},{"floor":43.0,"key":"FossilizedHelix"},{"floor":46.0,"key":"Pen Nib"},{"floor":54,"key":"Calipers"}],"event_choices":[{"cards_removed":["Strike_R"],"damage_healed":0.0,"max_hp_gain":0.0,"max_hp_loss":0.0,"gold_gain":0.0,"event_name":"Living Wall","player_choice":"Forget","floor":3.0,"gold_loss":0.0,"damage_taken":0.0},{"damage_healed":0.0,"max_hp_gain":0.0,"max_hp_loss":6.0,"gold_gain":0.0,"event_name":"Golden Idol","player_choice":"Lose Max HP","floor":4.0,"gold_loss":0.0,"damage_taken":0.0,"relics_obtained":["Golden Idol"]},{"damage_healed":0.0,"max_hp_gain":0.0,"max_hp_loss":0.0,"gold_gain":0.0,"event_name":"Lab","player_choice":"Got Potions","floor":5.0,"gold_loss":0.0,"damage_taken":0.0},{"damage_healed":0.0,"max_hp_gain":0.0,"max_hp_loss":0.0,"gold_gain":0.0,"cards_transformed":["Strike_R"],"event_name":"Transmorgrifier","player_choice":"Transformed","floor":10.0,"gold_loss":0.0,"damage_taken":0.0,"cards_obtained":["Shockwave"]},{"damage_healed":0.0,"max_hp_gain":0.0,"max_hp_loss":0.0,"gold_gain":99.0,"event_name":"Nest","player_choice":"Stole From Cult","floor":21.0,"gold_loss":0.0,"damage_taken":0.0},{"damage_healed":0.0,"max_hp_gain":0.0,"max_hp_loss":0.0,"gold_gain":0.0,"event_name":"Tomb of Lord Red Mask","player_choice":"Ignored","floor":36.0,"gold_loss":0.0,"damage_taken":0.0},{"damage_healed":0.0,"max_hp_gain":0.0,"max_hp_loss":0.0,"gold_gain":0.0,"event_name":"Mysterious Sphere","player_choice":"Fight","floor":37.0,"gold_loss":0.0,"damage_taken":0.0}],"is_beta":false,"boss_relics":[{"not_picked":["jedi:battlestandard","Pandora\u0027s Box"],"picked":"Fusion Hammer"},{"not_picked":["Calling Bell","Coffee Dripper"],"picked":"Runic Pyramid"}],"items_purged_floors":[30,42],"is_endless":false,"potions_floor_spawned":[2,6,16,19,27,28,31,33,37,44,46],"ascension_level":1}}