{"host":"63uc7iyb40dnlk3k","time":1613581687,"event":{"mods":["2.2 Compatiblity","AchievementEnabler","BaseMod","Defuse TimeMaze Blight","Downfall","Jorbs\u0027s Wanderer Trilogy","Minty Spire (QoL Compilation)","Random Character Button","StSLib"],"gold_per_floor":[118,19,19,19,31,56,56,70,141,157,174,174,199,212,212,316,316,336,187,202,217,217,247,259,321,383,395,427,15,15,33,33,33,33],"floor_reached":33,"language":"ENG","playtime":2077,"items_purged":["Strike_P","Strike_P"],"score":377,"play_id":"1c5f1914-a4fb-4651-ba4e-480647e6f371","local_time":"20210217190807","is_ascension_mode":false,"campfire_choices":[{"data":"BattleHymn","floor":7,"key":"SMITH"},{"data":"Eruption","floor":12,"key":"SMITH"},{"data":"Wireheading","floor":15,"key":"SMITH"},{"data":"Alpha","floor":27,"key":"SMITH"},{"data":"Study","floor":30,"key":"SMITH"},{"data":"MasterReality","floor":32,"key":"SMITH"}],"circlet_count":0,"master_deck":["Strike_P","Strike_P","Defend_P","Defend_P","Defend_P","Defend_P","Eruption+1","Vigilance","Wireheading+1","FollowUp","Wallop","BattleHymn+1","BattleHymn","Consecrate","FearNoEvil","ThirdEye+1","SpiritShield","Nirvana","Wireheading","Evaluate+1","FlyingSleeves","Sanctity+1","Alpha+1","Study+1","MasterReality+1","CutThroughFate"],"relics":["PureWater","NeowsBlessing","PreservedInsect","Matryoshka","Bag of Preparation","Pantograph","Blood Vial","Black Star","Sundial","MawBank","Omamori","War Paint","Membership Card","Calipers"],"acts_visited":["Exordium","TheCity"],"potions_floor_usage":[10,14,21,33],"damage_taken":[{"damage":0,"enemies":"Jaw Worm","floor":1,"turns":1},{"damage":0,"enemies":"2 Louse","floor":5,"turns":1},{"damage":0,"enemies":"Gremlin Nob","floor":6,"turns":1},{"damage":0,"enemies":"Cultist","floor":8,"turns":2},{"damage":0,"enemies":"Exordium Thugs","floor":10,"turns":2},{"damage":1,"enemies":"Looter","floor":11,"turns":2},{"damage":0,"enemies":"Lagavulin","floor":13,"turns":4},{"damage":0,"enemies":"Blue Slaver","floor":14,"turns":3},{"damage":0,"enemies":"Slime Boss","floor":16,"turns":4},{"damage":24,"enemies":"3 Byrds","floor":18,"turns":5},{"damage":1,"enemies":"Shell Parasite","floor":20,"turns":5},{"damage":5,"enemies":"Cultist and Chosen","floor":21,"turns":6},{"damage":15,"enemies":"Book of Stabbing","floor":23,"turns":6},{"damage":12,"enemies":"Snecko","floor":28,"turns":5},{"damage":5,"enemies":"Centurion and Healer","floor":31,"turns":8},{"damage":65,"enemies":"Collector","floor":33,"turns":5}],"seed_played":"-9015006248683906137","potions_obtained":[{"floor":5,"key":"Dexterity Potion"},{"floor":8,"key":"Slimebound:ThreeZeroPotion"},{"floor":11,"key":"SkillPotion"},{"floor":13,"key":"SmokeBomb"},{"floor":18,"key":"GamblersBrew"},{"floor":23,"key":"Fire Potion"}],"is_trial":false,"path_per_floor":["M","$","?","?","M","E","R","M","T","M","M","R","E","M","R","B",null,"M","$","M","M","?","E","?","?","T","R","M","$","R","M","R","B"],"character_chosen":"WATCHER","items_purchased":["Wireheading","FollowUp","Wireheading","Membership Card","MasterReality","Calipers"],"campfire_rested":0,"item_purchase_floors":[2,2,19,29,29,29],"current_hp_per_floor":[72,72,72,72,72,72,72,72,72,72,71,71,71,72,72,72,72,48,48,49,46,46,33,33,33,33,33,23,23,23,20,20,0,0],"gold":33,"neow_bonus":"THREE_ENEMY_KILL","is_daily":false,"chose_seed":false,"campfire_upgraded":6,"win_rate":0.0,"timestamp":1613581687,"path_taken":["M","$","?","?","M","E","R","M","T","?","M","R","E","M","R","BOSS","M","$","M","M","?","E","?","?","T","R","M","$","R","M","R","BOSS"],"items_purchased_type":["Card","Card","Card","Relic","Card","Relic"],"build_version":"2020-12-22","purchased_purges":2,"victory":false,"max_hp_per_floor":[72,72,72,72,72,72,72,72,72,72,72,72,72,72,72,72,72,72,72,72,72,72,72,72,72,72,72,72,72,72,72,72,72,72],"card_choices":[{"not_picked":["Crescendo","Adaptation"],"picked":"CutThroughFate","floor":1},{"not_picked":["JustLucky","Swivel"],"picked":"Wallop","floor":5},{"not_picked":["Indignation","Swivel"],"picked":"BattleHymn","floor":6},{"not_picked":["EmptyBody","FlurryOfBlows"],"picked":"BattleHymn","floor":8},{"not_picked":["Judgement","FollowUp"],"picked":"Consecrate","floor":10},{"not_picked":["Halt","SandsOfTime","SashWhip"],"picked":"SKIP","floor":11},{"not_picked":["Vengeance","SashWhip"],"picked":"FearNoEvil","floor":13},{"not_picked":["Vengeance","FollowUp"],"picked":"ThirdEye","floor":14},{"not_picked":["Ragnarok","Scrawl"],"picked":"SpiritShield","floor":16},{"not_picked":["Halt","EmptyFist"],"picked":"Nirvana","floor":18},{"not_picked":["Wallop","FlurryOfBlows"],"picked":"Evaluate","floor":20},{"not_picked":["ThirdEye","Halt"],"picked":"FlyingSleeves","floor":21},{"not_picked":["CutThroughFate","ThirdEye"],"picked":"Sanctity+1","floor":23},{"not_picked":["CrushJoints","BattleHymn"],"picked":"Study","floor":28},{"not_picked":["BowlingBash","FlurryOfBlows"],"picked":"CutThroughFate","floor":31}],"player_experience":381496,"relics_obtained":[{"floor":6,"key":"Matryoshka"},{"floor":9,"key":"Bag of Preparation"},{"floor":9,"key":"Pantograph"},{"floor":13,"key":"Blood Vial"},{"floor":23,"key":"Sundial"},{"floor":23,"key":"MawBank"},{"floor":26,"key":"Omamori"},{"floor":26,"key":"War Paint"}],"event_choices":[{"damage_healed":0,"gold_gain":0,"player_choice":"Ignored","damage_taken":0,"max_hp_gain":0,"max_hp_loss":0,"event_name":"Liars Game","floor":3,"gold_loss":0},{"cards_removed":["CutThroughFate"],"damage_healed":0,"gold_gain":0,"player_choice":"Gave Card","damage_taken":0,"relics_obtained":["PreservedInsect"],"max_hp_gain":0,"max_hp_loss":0,"event_name":"WeMeetAgain","floor":4,"gold_loss":0},{"damage_healed":0,"gold_gain":0,"player_choice":"Read","damage_taken":0,"max_hp_gain":0,"max_hp_loss":0,"event_name":"The Library","floor":24,"gold_loss":0,"cards_obtained":["Alpha"]},{"damage_healed":0,"gold_gain":100,"player_choice":"Bet on Murderer","damage_taken":0,"max_hp_gain":0,"max_hp_loss":0,"event_name":"The Joust","floor":25,"gold_loss":50}],"is_beta":false,"boss_relics":[{"not_picked":["Astrolabe","HolyWater"],"picked":"Black Star"}],"items_purged_floors":[19,29],"is_endless":false,"potions_floor_spawned":[5,8,11,13,18,23],"killed_by":"Collector","ascension_level":0}}