{"host":"67lwyhkmsxpels8b","time":1613565974,"event":{"mods":["AchievementEnabler","Act Like it!","AlwaysNeverKeys","Aspiration","BaseMod","Colored Map","Colored Powertips","Decade(王小明)","Dota2Spire","Friendly Minions","Gensokyo","GifTheSpireLib","Hallownest","Hermit","Highlight Path","KinomotoSakuraMod(木之本樱)","Koishi","Lobotomy","LobotomyExtend","Marisa（F雨　魔理沙）","Minty Spire (QoL Compilation)","Quick Restart","Rare Cards Sparkle","Relic Stats","Remilia（蕾米莉亚）","Replay The Spire","RumiaBox-露米娅的神秘盒子","Spicy Shops","StSLib","The Administrix","The Animator","The Blackbeard","The Bug Knight","The Cursed","The Hierophant","Yakumo Yukari mod","【功能Mod】混沌之环修复补丁","【功能Mod】聪明的最终Boss"],"gold_per_floor":[218,218,235,248,265,265,278,278,278,278,295,323,323,14,14,110,110,83,8,22,33,33,33,68,68,68,98,98,98,127,157,157,270,270,287,318,64,64,107,107,155,155,155,213,213,267,318,684,684,719],"floor_reached":51,"language":"ZHS","playtime":5439,"items_purged":["Regret","blackbeard:DeadlyArsenal"],"score":738,"play_id":"16bb3839-6b87-4bb0-ba6b-cadc4d131c5b","local_time":"20210217204614","is_ascension_mode":false,"campfire_choices":[{"data":"blackbeard:Cutlass","floor":6,"key":"SMITH"},{"data":"blackbeard:Fencing","floor":8,"key":"SMITH"},{"data":"blackbeard:PiratesWill","floor":10,"key":"SMITH"},{"data":"blackbeard:ArmorUp","floor":15,"key":"SMITH"},{"floor":23,"key":"REST"},{"data":"blackbeard:Upgrade","floor":25,"key":"SMITH"},{"floor":32,"key":"REST"},{"floor":40,"key":"REST"},{"data":"blackbeard:MegaUpgrade","floor":42,"key":"SMITH"},{"data":"blackbeard:BuriedTreasure","floor":45,"key":"SMITH"},{"data":"blackbeard:BoostMorale","floor":49,"key":"SMITH"}],"circlet_count":0,"master_deck":["blackbeard:BlackbeardStrike","blackbeard:BlackbeardStrike","blackbeard:IntimidatingStrike","blackbeard:BlackbeardDefend","blackbeard:Cutlass+1","blackbeard:Fencing+1","blackbeard:ArmorUp+1","blackbeard:PiratesWill+1","blackbeard:Toast","blackbeard:WiseDefense","blackbeard:Eyepatch","blackbeard:GoldenDefense","blackbeard:ReapersScythe","Parasite","blackbeard:Dagger","blackbeard:Spear","blackbeard:WeaponMastery","blackbeard:Sharpening+1","blackbeard:WeaponProficiency+1","blackbeard:Sword","blackbeard:BuriedTreasure+1","blackbeard:BoostMorale+1","blackbeard:Upgrade+1","blackbeard:Toast","blackbeard:Salvager","blackbeard:SwordDance","blackbeard:MegaUpgrade+1","blackbeard:DeadlyArsenal+1","blackbeard:BuriedTreasure","blackbeard:CatONineTails","blackbeard:Toast+1","blackbeard:PirateHook+1","blackbeard:SwordDance","blackbeard:GoldenDefense","blackbeard:GoldenCannonball+1"],"relics":["blackbeard:LoadTheCannons","Mirror","Replay:PocketPolymizer","Boot","Lee\u0027s Waffle","Dota2Spire:Bloodstone","aspiration:DSix","aspiration:StickyExplosives_weak","Dota2Spire:BladeMail","Runic Pyramid","Happy Flower","Dota2Spire:PhaseBoots","GodSword5","Old Coin"],"acts_visited":["Exordium","TheCity","TheBeyond"],"potions_floor_usage":[12,24,27,33,33,36,39,48,48,48,50],"damage_taken":[{"damage":3,"enemies":"Jaw Worm","floor":1,"turns":4},{"damage":2,"enemies":"2 Louse","floor":3,"turns":2},{"damage":8,"enemies":"Small Slimes","floor":4,"turns":5},{"damage":4,"enemies":"Looter","floor":5,"turns":3},{"damage":6,"enemies":"Red Slaver","floor":7,"turns":3},{"damage":11,"enemies":"Large Slime","floor":11,"turns":8},{"damage":44,"enemies":"3 Sentries","floor":12,"turns":13},{"damage":65,"enemies":"Slime Boss","floor":16,"turns":17},{"damage":26,"enemies":"2 Thieves","floor":18,"turns":5},{"damage":14,"enemies":"Spheric Guardian","floor":20,"turns":6},{"damage":23,"enemies":"Centurion and Healer","floor":21,"turns":8},{"damage":17,"enemies":"Snecko","floor":24,"turns":5},{"damage":9,"enemies":"3 Cultists","floor":27,"turns":6},{"damage":3,"enemies":"Snake Plant","floor":30,"turns":5},{"damage":21,"enemies":"Chosen and Byrds","floor":31,"turns":5},{"damage":25,"enemies":"Champ","floor":33,"turns":5},{"damage":37,"enemies":"Orb Walker","floor":35,"turns":5},{"damage":24,"enemies":"3 Darklings","floor":36,"turns":6},{"damage":4,"enemies":"Spire Growth","floor":39,"turns":4},{"damage":12,"enemies":"Writhing Mass","floor":41,"turns":4},{"damage":2,"enemies":"Giant Head","floor":44,"turns":6},{"damage":2,"enemies":"3 Darklings","floor":46,"turns":5},{"damage":13,"enemies":"Spire Growth","floor":47,"turns":4},{"damage":13,"enemies":"Reptomancer","floor":48,"turns":5},{"damage":36,"enemies":"Time Eater","floor":50,"turns":4}],"seed_played":"8785331965042426658","potions_obtained":[{"floor":1,"key":"FearPotion"},{"floor":11,"key":"Regen Potion"},{"floor":12,"key":"FearPotion"},{"floor":18,"key":"Reflective Coating"},{"floor":21,"key":"Regen Potion"},{"floor":31,"key":"Weak Potion"},{"floor":33,"key":"Dota2Spire:HealingSalve"},{"floor":36,"key":"Regen Potion"},{"floor":46,"key":"Adrenaline Potion"},{"floor":47,"key":"EntropicBrew"}],"is_trial":false,"path_per_floor":["M","?","M","M","M","R","M","R","T","R","M","E","?","$","R","B",null,"M","?","M","M","?","R","M","R","T","M","?","T","M","M","R","B",null,"M","M","$","?","M","R","M","R","T","E","R","M","M","E","R","B",null],"character_chosen":"BLACKBEARD_CLASS","items_purchased":["blackbeard:Dagger","blackbeard:Spear","Lee\u0027s Waffle","Happy Flower"],"campfire_rested":3,"item_purchase_floors":[14,14,14,37],"current_hp_per_floor":[72,72,70,62,58,58,52,52,52,52,41,12,30,82,82,17,82,56,56,42,19,19,43,38,38,38,29,29,29,26,20,44,19,82,45,36,36,36,44,68,74,74,74,72,72,70,57,70,70,45],"gold":719,"neow_bonus":"HUNDRED_GOLD","is_daily":false,"chose_seed":false,"campfire_upgraded":8,"win_rate":0.0,"timestamp":1613565974,"path_taken":["M","?","M","M","M","R","M","R","T","R","M","E","?","$","R","BOSS","M","?","M","M","?","R","M","R","T","M","?","?","M","M","R","BOSS","M","M","$","?","M","R","M","R","T","E","R","M","M","E","R","BOSS"],"items_purchased_type":["Card","Card","Relic","Relic"],"build_version":"2020-12-22","purchased_purges":2,"victory":true,"max_hp_per_floor":[75,75,75,75,75,75,75,75,75,75,75,75,75,82,82,82,82,82,82,82,82,82,82,82,82,82,82,82,82,82,82,82,82,82,82,82,82,82,82,82,82,82,82,82,82,82,82,82,82,82],"relic_stats":{"Lee\u0027s Waffle":52,"Happy Flower":[10],"counters":[25,143],"Boot":[10],"obtain_stats":[{"Lee\u0027s Waffle":14,"Replay:PocketPolymizer":9,"Happy Flower":37,"blackbeard:LoadTheCannons":0,"Dota2Spire:Bloodstone":17,"Boot":12,"aspiration:StickyExplosives_weak":29,"Old Coin":48,"Dota2Spire:BladeMail":33,"GodSword5":44,"Mirror":2,"aspiration:DSix":26,"Runic Pyramid":34,"Dota2Spire:PhaseBoots":43},{"Lee\u0027s Waffle":7,"Replay:PocketPolymizer":5,"Happy Flower":18,"blackbeard:LoadTheCannons":0,"Dota2Spire:Bloodstone":8,"Boot":7,"aspiration:StickyExplosives_weak":13,"Old Coin":24,"Dota2Spire:BladeMail":16,"GodSword5":21,"Mirror":1,"aspiration:DSix":12,"Runic Pyramid":16,"Dota2Spire:PhaseBoots":20},{"Lee\u0027s Waffle":38,"Replay:PocketPolymizer":17,"Happy Flower":111,"blackbeard:LoadTheCannons":0,"Dota2Spire:Bloodstone":55,"Boot":38,"aspiration:StickyExplosives_weak":85,"Old Coin":139,"Dota2Spire:BladeMail":100,"GodSword5":125,"Mirror":4,"aspiration:DSix":79,"Runic Pyramid":100,"Dota2Spire:PhaseBoots":119}]},"card_choices":[{"not_picked":["blackbeard:PirateEarring","blackbeard:TacticalRetreat"],"picked":"blackbeard:Fencing","floor":1},{"not_picked":["blackbeard:WoodenLeg","blackbeard:Fencing"],"picked":"blackbeard:ArmorUp","floor":3},{"not_picked":["blackbeard:CaptainsCabin","blackbeard:CloakAndCannonball"],"picked":"blackbeard:PiratesWill","floor":4},{"not_picked":["blackbeard:DelayedPain","blackbeard:FishingNets"],"picked":"blackbeard:Toast","floor":5},{"not_picked":["blackbeard:CaptainsCabin","blackbeard:CloakAndCannonball"],"picked":"blackbeard:WiseDefense","floor":7},{"not_picked":["blackbeard:GoldenStrike","blackbeard:Eyepatch"],"picked":"blackbeard:GoldenDefense","floor":11},{"not_picked":["blackbeard:CloakAndCannonball","blackbeard:WeaponProficiency"],"picked":"blackbeard:ReapersScythe","floor":12},{"not_picked":["blackbeard:GoldenRain","blackbeard:FinalBarrage"],"picked":"blackbeard:WeaponMastery","floor":16},{"not_picked":["blackbeard:SwordDance","blackbeard:Sword"],"picked":"blackbeard:Sharpening+1","floor":18},{"not_picked":["blackbeard:GoldenDefense+1","blackbeard:FieryDefense"],"picked":"blackbeard:WeaponProficiency+1","floor":20},{"not_picked":["blackbeard:CloakAndCannonball","blackbeard:BeatUp"],"picked":"blackbeard:Sword","floor":21},{"not_picked":["blackbeard:Dagger","blackbeard:PirateHook"],"picked":"blackbeard:Upgrade","floor":24},{"not_picked":["blackbeard:BeatUp+1","blackbeard:Sword"],"picked":"blackbeard:Toast","floor":27},{"not_picked":["blackbeard:Eyepatch","blackbeard:Shrapnel"],"picked":"blackbeard:Salvager","floor":30},{"not_picked":["blackbeard:GoldenDefense+1","blackbeard:CloakAndCannonball"],"picked":"blackbeard:SwordDance","floor":31},{"not_picked":["blackbeard:Parrot","blackbeard:GoldenGuillotine"],"picked":"blackbeard:MegaUpgrade","floor":33},{"not_picked":["blackbeard:Sword","blackbeard:Scrap"],"picked":"blackbeard:DeadlyArsenal","floor":35},{"not_picked":["blackbeard:Toast","blackbeard:Provisioning+1"],"picked":"blackbeard:DeadlyArsenal+1","floor":36},{"not_picked":["blackbeard:AgileStrike","blackbeard:Dagger"],"picked":"blackbeard:CatONineTails","floor":39},{"not_picked":["blackbeard:DoubleBottom","blackbeard:PiratesWill"],"picked":"blackbeard:Toast+1","floor":41},{"not_picked":["blackbeard:VengefulSpirit","blackbeard:Dagger+1"],"picked":"blackbeard:PirateHook+1","floor":44},{"not_picked":["blackbeard:Dagger","blackbeard:BeatUp"],"picked":"blackbeard:GoldenDefense","floor":46},{"not_picked":["blackbeard:FieryDefense","blackbeard:BeatUp"],"picked":"blackbeard:GoldenCannonball+1","floor":47},{"not_picked":["blackbeard:UndeadForm","blackbeard:CaptainsCabin+1","blackbeard:Sharpening+1"],"picked":"SKIP","floor":48}],"player_experience":32030,"relics_obtained":[{"floor":9,"key":"Replay:PocketPolymizer"},{"floor":12,"key":"Boot"},{"floor":26,"key":"aspiration:DSix"},{"floor":29,"key":"aspiration:StickyExplosives_weak"},{"floor":33,"key":"Dota2Spire:BladeMail"},{"floor":43,"key":"Dota2Spire:PhaseBoots"},{"floor":44,"key":"GodSword5"},{"floor":48,"key":"Old Coin"}],"event_choices":[{"damage_healed":0,"gold_gain":0,"player_choice":"Box","damage_taken":0,"relics_obtained":["Mirror"],"max_hp_gain":0,"max_hp_loss":0,"event_name":"Big Fish","floor":2,"gold_loss":0,"cards_obtained":["Regret"]},{"damage_healed":18,"gold_gain":0,"player_choice":"Healed and dodged fight","damage_taken":0,"max_hp_gain":0,"max_hp_loss":0,"event_name":"Mushrooms","floor":13,"gold_loss":0,"cards_obtained":["Parasite"]},{"cards_removed":["blackbeard:BlackbeardStrike"],"damage_healed":0,"gold_gain":0,"player_choice":"Gave Gold","damage_taken":0,"max_hp_gain":0,"max_hp_loss":0,"event_name":"Beggar","floor":19,"gold_loss":75},{"damage_healed":0,"gold_gain":0,"cards_transformed":["blackbeard:BlackbeardDefend","blackbeard:BlackbeardDefend"],"player_choice":"Became Test Subject","damage_taken":0,"max_hp_gain":0,"max_hp_loss":0,"event_name":"Drug Dealer","floor":22,"gold_loss":0,"cards_obtained":["blackbeard:BuriedTreasure","blackbeard:BoostMorale"]},{"damage_healed":0,"gold_gain":0,"player_choice":"Ignored","damage_taken":0,"max_hp_gain":0,"max_hp_loss":0,"event_name":"Ghosts","floor":28,"gold_loss":0},{"damage_healed":0,"gold_gain":0,"player_choice":"Copied","damage_taken":0,"max_hp_gain":0,"max_hp_loss":0,"event_name":"Duplicator","floor":38,"gold_loss":0,"cards_obtained":["blackbeard:BuriedTreasure"]}],"is_beta":false,"boss_relics":[{"not_picked":["blackbeard:LoadTheGoldenCannons","Velvet Choker"],"picked":"Dota2Spire:Bloodstone"},{"not_picked":["AddBug","blackbeard:Karategi"],"picked":"Runic Pyramid"}],"items_purged_floors":[14,37],"is_endless":false,"potions_floor_spawned":[1,11,12,18,21,31,33,36,46,47],"ascension_level":0}}