{"host":"d73an99q9oevilk5","time":1613535053,"event":{"mods":["2.2 Compatiblity","AchievementEnabler","Act Like it!","Aspiration","BaseMod","Beaked The Cultist","Better Third Choice","BetterRewards","Colored Map","Colored Powertips","Conspire","Downfall","GifTheSpireLib","Halation","Hubris","Infinite Spire","Marisa????????","Mimic Mod","Minty Spire (QoL Compilation)","MostiFishMod","Quick Restart","Relic Sorter","Reliquary","Replay The Spire","Shop Mod","Spikes Relics","StSLib","Stuff the Spire","The Cursed","The Jungle","The Necromancer","The Saiyan","Waifu the Spire","egg","slay the spire mod where everything is the same but ironclad has a cowboy hat"],"gold_per_floor":[115,134,7,7,23,23,66,66,90,90,129,129,162,186,186,314,314,327,167,187,187,131,131,166,24,47,72,72,86,130,143,143,269,269,288,288,288,288,288,288,322,340,365,405,426,426,441,468,468,472],"floor_reached":51,"language":"ENG","playtime":1809,"items_purged":[],"score":1228,"play_id":"68772c7a-0173-4085-b2a3-c28d778f1cce","local_time":"20210216211053","is_ascension_mode":false,"campfire_choices":[{"data":"Infinite Blades","floor":6,"key":"SMITH"},{"floor":10,"key":"REST"},{"data":"Accuracy","floor":12,"key":"SMITH"},{"floor":15,"key":"DIG"},{"data":"After Image","floor":23,"key":"SMITH"},{"data":"Infinite Blades","floor":32,"key":"SMITH"},{"data":"Sadistic Nature","floor":40,"key":"SMITH"},{"data":"Neutralize","floor":46,"key":"SMITH"},{"data":"MostiFishMod:VineMother","floor":49,"key":"SMITH"}],"circlet_count":0,"master_deck":["Strike_G","Strike_G","Strike_G","Strike_G","Defend_G","Defend_G","Defend_G","Defend_G","Defend_G","Survivor","Infinite Blades+1","Accuracy+1","Dodge and Roll","MostiFishMod:VineMother+1","After Image+1","Infinite Blades+1","MostiFishMod:FrostNova","MostiFishMod:PerfectParry","Neutralize+1","ReplayTheSpireMod:Speed Training","Phantasmal Killer","Blade Dance","Noxious Fumes","Sadistic Nature+1","MostiFishMod:PreservedThorns","Blade Dance","Blade Dance","Blade Dance","Phantasmal Killer","MostiFishMod:Neurotoxin+1","Cloak And Dagger+1","Madness","Madness","Footwork+1","conspire:PoisonWeapons+1","Infinite Blades+1"],"relics":["Ring of the Snake","halation:VictoryRuler","DaveBox","The Courier","infinitespire:Golems Mask","SynthV:TestCard","Golden Idol","Replay:Rubber Ducky","Anchor","halation:OrihimeAndHikoboshiSamaAndTears","StuffTheSpire:Mouthbags","reliquary:Aerogel","Sandwich","reliquary:Stiletto","reliquary:Knoch","reliquary:PartyBalloon","Matryoshka","Black Star","JellyFishMachine","hubris:GlazedTorus","reliquary:Firecrackers","hubris:TenFootPole","Letter Opener","Vajra","Nunchaku","halation:IllGainedPizza"],"acts_visited":["Exordium","TheCity","TheBeyond"],"potions_floor_usage":[7,16,33,47,50,50],"damage_taken":[{"damage":0,"enemies":"2 Louse","floor":1,"turns":3},{"damage":2,"enemies":"Small Slimes","floor":2,"turns":4},{"damage":4,"enemies":"infinitespire:Voidling","floor":5,"turns":4},{"damage":13,"enemies":"3 Sentries","floor":7,"turns":6},{"damage":15,"enemies":"Gremlin Nob","floor":13,"turns":4},{"damage":0,"enemies":"Exordium Wildlife","floor":14,"turns":3},{"damage":0,"enemies":"Fading Forest","floor":16,"turns":11},{"damage":1,"enemies":"2 Thieves","floor":18,"turns":4},{"damage":0,"enemies":"conspire:FuzzyDice","floor":20,"turns":5},{"damage":0,"enemies":"conspire:SneckoGhost","floor":24,"turns":4},{"damage":0,"enemies":"Centurion and Healer","floor":27,"turns":4},{"damage":0,"enemies":"Snake Plant","floor":29,"turns":3},{"damage":0,"enemies":"Replay:Snechameleon","floor":30,"turns":3},{"damage":0,"enemies":"Sentry and Sphere","floor":31,"turns":3},{"damage":3,"enemies":"Automaton","floor":33,"turns":4},{"damage":0,"enemies":"Orb Walker","floor":35,"turns":3},{"damage":3,"enemies":"Nemesis","floor":41,"turns":3},{"damage":0,"enemies":"3 Darklings","floor":42,"turns":2},{"damage":0,"enemies":"R_Hoarder","floor":44,"turns":4},{"damage":0,"enemies":"Writhing Mass","floor":45,"turns":3},{"damage":0,"enemies":"Jaw Worm Horde","floor":47,"turns":2},{"damage":0,"enemies":"Sphere and 2 Shapes","floor":48,"turns":3},{"damage":0,"enemies":"hubris:GrandSnecko","floor":50,"turns":4}],"seed_played":"-7625225782263976283","potions_obtained":[{"floor":2,"key":"PowerPotion"},{"floor":7,"key":"LifebloodPotion"},{"floor":18,"key":"SneckoOil"},{"floor":21,"key":"infinitespire:BlackPotion"},{"floor":21,"key":"Dexterity Potion"},{"floor":21,"key":"LiquidMemories"},{"floor":35,"key":"Energy Potion"}],"is_trial":false,"path_per_floor":["M","M","$","?","M","R","E","?","T","R","?","R","E","M","R_BF","B",null,"M","$","M","?","$","R","E","$","T","M","?","M","E","M","R","B",null,"M","?","?","AVR","HB","R","E","M","T","E","M","R","M","M","R","B",null],"character_chosen":"THE_SILENT","items_purchased":["Infinite Blades","Accuracy","After Image","Noxious Fumes","Sadistic Nature","MostiFishMod:PreservedThorns","Blade Dance","reliquary:Knoch"],"campfire_rested":1,"item_purchase_floors":[0,0,3,19,19,22,25,25],"current_hp_per_floor":[70,68,68,51,47,47,34,34,34,55,55,55,40,40,40,40,70,70,70,70,70,70,70,70,70,70,70,70,70,70,70,70,67,70,70,70,61,61,35,35,32,32,32,32,32,32,32,32,32,34],"gold":472,"neow_bonus":"","is_daily":false,"chose_seed":false,"campfire_upgraded":7,"win_rate":0.0,"timestamp":1613535053,"path_taken":["M","M","$","?","M","R","E","?","T","R","?","R","E","?","R_BF","BOSS","M","$","M","?","$","R","E","?","T","M","?","?","E","M","R","BOSS","M","?","?","AVR","HB","R","E","M","T","E","M","R","M","M","R","BOSS"],"items_purchased_type":["Card","Card","Card","Card","Card","Card","Card","Relic"],"build_version":"2020-12-22","purchased_purges":0,"victory":true,"max_hp_per_floor":[70,70,70,70,70,70,70,70,70,70,70,70,70,70,70,70,70,70,70,70,70,70,70,70,70,70,70,70,70,70,70,70,70,70,70,70,70,70,35,35,35,35,35,35,35,35,35,35,35,35],"card_choices":[{"not_picked":["Eviscerate","Riddle With Holes"],"picked":"Dodge and Roll","floor":1},{"not_picked":["MostiFishMod:ThornCasing","Deflect","PiercingWail","Leg Sweep"],"picked":"MostiFishMod:VineMother","floor":2},{"not_picked":["PiercingWail","Bane","StuffTheSpire:Python","Flying Knee"],"picked":"Infinite Blades","floor":5},{"not_picked":["Distraction","StuffTheSpire:Injection","Dagger Spray","Hidden Blade"],"picked":"MostiFishMod:FrostNova","floor":7},{"not_picked":["Slice","Well Laid Plans","Atom Bomb","StuffTheSpire:Injection"],"picked":"MostiFishMod:PerfectParry","floor":11},{"not_picked":["Acrobatics","Deflect","Deadly Poison","Outmaneuver","Underhanded Strike"],"picked":"SKIP","floor":13},{"not_picked":["Crippling Poison","Envenom","StuffTheSpire:BumpUp","Heel Hook"],"picked":"ReplayTheSpireMod:Speed Training","floor":14},{"not_picked":["Venomology","Doppelganger","Replay:Bag of Tricks","A Thousand Cuts"],"picked":"Phantasmal Killer","floor":16},{"not_picked":["PiercingWail+1","Hidden Blade","Outmaneuver","Sucker Punch"],"picked":"Blade Dance","floor":18},{"not_picked":["Prepared","ReplayTheSpireMod:Exploit Weakness","Flying Knee","Acrobatics","Deflect+1"],"picked":"SKIP","floor":20},{"not_picked":["Hidden Blade+1","Bane","ReplayTheSpireMod:Shiv Toss+1","StuffTheSpire:BumpUp","Sucker Punch+1"],"picked":"SKIP","floor":24},{"not_picked":["Prepared","Backflip","Dodge and Roll","MostiFishMod:PreservedThorns"],"picked":"Blade Dance","floor":27},{"not_picked":["ReplayTheSpireMod:From All Sides","Prepared+1","Dagger Throw","Caltrops"],"picked":"Blade Dance","floor":29},{"not_picked":["Terror","StuffTheSpire:Injection","StuffTheSpire:ClusterCrunch","Draining Mist"],"picked":"Phantasmal Killer","floor":30},{"not_picked":["StuffTheSpire:MirrorStance","StuffTheSpire:ClusterCrunch","conspire:DoublingDagger+1","Acrobatics","Well Laid Plans"],"picked":"SKIP","floor":31},{"not_picked":["MostiFishMod:FullyArmed","Poison Darts","aspiration:Lunge","Phantasmal Killer"],"picked":"MostiFishMod:Neurotoxin","floor":33},{"not_picked":["Dodge and Roll+1","Quick Slash","Hidden Blade+1","Underhanded Strike"],"picked":"Cloak And Dagger+1","floor":35},{"not_picked":["ReplayTheSpireMod:Necrosis","StuffTheSpire:Repulse","Heel Hook+1","Outmaneuver+1","MostiFishMod:PerfectParry+1"],"picked":"SKIP","floor":41},{"not_picked":["Outmaneuver","Underhanded Strike","StuffTheSpire:Python+1","MostiFishMod:PerfectParry+1","ReplayTheSpireMod:Tripwire"],"picked":"SKIP","floor":42},{"not_picked":["StuffTheSpire:Fury+1","Flying Knee","InfectiousVector","Dodge and Roll+1","Outmaneuver+1"],"picked":"SKIP","floor":44},{"not_picked":["Acrobatics+1","Well Laid Plans","Quick Slash","Deadly Poison"],"picked":"Footwork+1","floor":45},{"not_picked":["Dash+1","Blur","hubris:Counter+1","MostiFishMod:SpreadingSpore"],"picked":"conspire:PoisonWeapons+1","floor":47},{"not_picked":["Quick Slash+1","StuffTheSpire:BumpUp","StuffTheSpire:Python+1","Dagger Throw"],"picked":"Infinite Blades+1","floor":48}],"player_experience":1930119,"relics_obtained":[{"floor":1,"key":"SynthV:TestCard"},{"floor":7,"key":"Replay:Rubber Ducky"},{"floor":9,"key":"Anchor"},{"floor":11,"key":"halation:OrihimeAndHikoboshiSamaAndTears"},{"floor":13,"key":"StuffTheSpire:Mouthbags"},{"floor":15,"key":"reliquary:Aerogel"},{"floor":24,"key":"reliquary:Stiletto"},{"floor":26,"key":"reliquary:PartyBalloon"},{"floor":30,"key":"Matryoshka"},{"floor":41,"key":"reliquary:Firecrackers"},{"floor":41,"key":"hubris:TenFootPole"},{"floor":43,"key":"Letter Opener"},{"floor":43,"key":"Vajra"},{"floor":44,"key":"Nunchaku"},{"floor":44,"key":"halation:IllGainedPizza"}],"event_choices":[{"damage_healed":0,"gold_gain":0,"player_choice":"Take Damage","damage_taken":17,"relics_obtained":["Golden Idol"],"max_hp_gain":0,"max_hp_loss":0,"event_name":"Golden Idol","floor":4,"gold_loss":0},{"damage_healed":0,"gold_gain":0,"player_choice":"Ignored","damage_taken":0,"max_hp_gain":0,"max_hp_loss":0,"event_name":"Golden Wing","floor":8,"gold_loss":0},{"damage_healed":0,"gold_gain":0,"player_choice":"Got Potions","damage_taken":0,"max_hp_gain":0,"max_hp_loss":0,"event_name":"Lab","floor":21,"gold_loss":0},{"cards_removed":["Strike_G"],"damage_healed":0,"gold_gain":0,"player_choice":"Purged","damage_taken":0,"max_hp_gain":0,"max_hp_loss":0,"event_name":"Purifier","floor":28,"gold_loss":0},{"damage_healed":0,"gold_gain":0,"player_choice":"Embrace Madness","damage_taken":9,"max_hp_gain":0,"max_hp_loss":0,"event_name":"Winding Halls","floor":37,"gold_loss":0,"cards_obtained":["Madness","Madness"]}],"is_beta":false,"boss_relics":[{"not_picked":["hubris:BlackHole","OneHitWonderSystem"],"picked":"Sandwich"},{"not_picked":["aspiration:PoetsPen","reliquary:Craggleroot"],"picked":"Black Star"}],"items_purged_floors":[],"is_endless":false,"potions_floor_spawned":[2,7,18,29,30,35,44],"ascension_level":0}}