{"host":"4w9vompg42n13q24","time":1613580155,"event":{"mods":["Aspiration","BaseMod","Better Third Choice","Colored Map","Colored Powertips","DeckTracker","Downfall","GifTheSpireLib","Glutton Mod","Hermit","Highlight Path","Hubris","Minty Spire (QoL Compilation)","Relic Stats","StSLib","Stuff the Spire","The Druid","The Necromancer","Trackpad"],"gold_per_floor":[199,211,661,661,676,676,676,576,589,604,604,624,624,650,664,760,760,660,673,69,85,70,84,84,84,101,134,134,134,134,146,156,156,156,156],"floor_reached":33,"language":"ENG","playtime":2414,"items_purged":["downfall:Malfunctioning"],"score":269,"play_id":"dc62f038-23ab-4f04-b3a3-0a82a751889f","local_time":"20210217174235","is_ascension_mode":false,"campfire_choices":[{"floor":1,"key":"RECALL"},{"data":"bronze:Return","floor":8,"key":"SMITH"},{"data":"bronze:GetLatest","floor":11,"key":"SMITH"},{"data":"bronze:Goto","floor":13,"key":"SMITH"},{"data":"bronze:Replicate","floor":18,"key":"SMITH"},{"data":"bronze:Verify","floor":25,"key":"SMITH"},{"floor":28,"key":"REST"},{"floor":30,"key":"REST"}],"circlet_count":0,"master_deck":["bronze:Strike","bronze:Strike","bronze:Strike","bronze:Strike","bronze:Defend","bronze:Defend","bronze:Defend","bronze:Defend","bronze:Replicate+1","bronze:Goto+1","bronze:Return+1","bronze:GetLatest+1","bronze:ForceShield","bronze:OilSpill","bronze:OilSpill","bronze:Philosophize","bronze:Format","bronze:Shell","bronze:Verify+1","Chaos+1","bronze:Repulsor","Machine Learning","bronze:Constructor+1"],"relics":["bronze:BronzeCore","trackpad:SappingStone","hubris:SphereOfDissonance","downfall:HeartBlessingRed","trackpad:WritersBlock","aspiration:DefectSkillbook","downfall:HeartBlessingGreen","Singing Bowl","Toxic Egg 2","trackpad:WondrousWand","Toy Ornithopter"],"acts_visited":["Exordium","TheCity"],"potions_floor_usage":[14,27,33,33],"damage_taken":[{"damage":1,"enemies":"Cultist","floor":2,"turns":3},{"damage":7,"enemies":"2 Louse","floor":5,"turns":4},{"damage":7,"enemies":"Small Slimes","floor":9,"turns":4},{"damage":0,"enemies":"3 Louse","floor":10,"turns":4},{"damage":3,"enemies":"Red Slaver","floor":12,"turns":3},{"damage":4,"enemies":"3 Sentries","floor":14,"turns":8},{"damage":2,"enemies":"downfall:LooterAlt","floor":15,"turns":3},{"damage":19,"enemies":"IC_STATUS_ARCHETYPE","floor":16,"turns":6},{"damage":12,"enemies":"downfall:LooterAlt2","floor":19,"turns":2},{"damage":0,"enemies":"downfall:FleeingMerchant","floor":20,"turns":4},{"damage":0,"enemies":"Shell Parasite","floor":21,"turns":2},{"damage":7,"enemies":"downfall:FleeingMerchant","floor":22,"turns":4},{"damage":10,"enemies":"Centurion and Healer","floor":23,"turns":5},{"damage":15,"enemies":"Snake Plant","floor":26,"turns":4},{"damage":11,"enemies":"Gremlin Leader","floor":27,"turns":5},{"damage":19,"enemies":"3 Cultists","floor":31,"turns":5},{"damage":31,"enemies":"Sentry and Sphere","floor":32,"turns":5},{"damage":20,"enemies":"DF_ARCHETYPE_CLAW","floor":33,"turns":5}],"seed_played":"6946724768139995894","potions_obtained":[{"floor":2,"key":"FearPotion"},{"floor":9,"key":"Swift Potion"},{"floor":10,"key":"BlessingOfTheForge"},{"floor":12,"key":"Dexterity Potion"},{"floor":16,"key":"SmokeBomb"},{"floor":32,"key":"SkillPotion"}],"is_trial":false,"path_per_floor":["R","M","?","?","M","?","T","R","M","M","R","M","R","E","M","B",null,"R","M","$","M","$","M","T","R","M","E","R","?","R","M","M","B"],"character_chosen":"THE_AUTOMATON","items_purchased":["Singing Bowl","Toxic Egg 2"],"campfire_rested":2,"item_purchase_floors":[20,20],"current_hp_per_floor":[70,69,69,51,44,44,44,44,37,37,37,34,34,30,28,9,70,70,58,58,58,51,43,43,43,28,19,41,27,50,33,2,0,0,0],"gold":156,"neow_bonus":"HUNDRED_GOLD","is_daily":false,"chose_seed":false,"campfire_upgraded":5,"win_rate":0.0,"timestamp":1613580155,"path_taken":["R","?","?","?","M","?","T","R","M","M","R","M","R","E","M","BOSS","R","M","$","M","$","M","T","R","M","E","R","?","R","M","M","BOSS"],"items_purchased_type":["Relic","Relic"],"build_version":"2020-12-22","purchased_purges":1,"victory":false,"max_hp_per_floor":[70,70,70,70,70,70,70,70,70,70,70,70,70,70,70,70,70,70,70,70,70,70,72,72,72,72,74,74,79,79,81,81,81,81,81],"relic_stats":{"Singing Bowl":6,"counters":[18,75],"obtain_stats":[{"bronze:BronzeCore":0,"downfall:HeartBlessingRed":8,"aspiration:DefectSkillbook":17,"Singing Bowl":20,"trackpad:SappingStone":4,"hubris:SphereOfDissonance":7,"trackpad:WritersBlock":14,"downfall:HeartBlessingGreen":18,"trackpad:WondrousWand":24,"Toxic Egg 2":20,"Toy Ornithopter":27},{"bronze:BronzeCore":0,"downfall:HeartBlessingRed":2,"aspiration:DefectSkillbook":8,"Singing Bowl":10,"trackpad:SappingStone":1,"hubris:SphereOfDissonance":2,"trackpad:WritersBlock":6,"downfall:HeartBlessingGreen":8,"trackpad:WondrousWand":13,"Toxic Egg 2":10,"Toy Ornithopter":15},{"bronze:BronzeCore":0,"downfall:HeartBlessingRed":7,"aspiration:DefectSkillbook":35,"Singing Bowl":41,"trackpad:SappingStone":3,"hubris:SphereOfDissonance":7,"trackpad:WritersBlock":26,"downfall:HeartBlessingGreen":35,"trackpad:WondrousWand":52,"Toxic Egg 2":41,"Toy Ornithopter":61}],"Toy Ornithopter":10},"card_choices":[{"not_picked":["bronze:Separator","bronze:Backtrace"],"picked":"bronze:Return","floor":2},{"not_picked":["bronze:OilSpill","bronze:BitShift"],"picked":"bronze:GetLatest","floor":5},{"not_picked":["bronze:DelayedGuard","bronze:Fortify"],"picked":"bronze:ForceShield","floor":9},{"not_picked":["bronze:DigitalCarnage","bronze:DelayedGuard"],"picked":"bronze:OilSpill","floor":10},{"not_picked":["bronze:Fortify","bronze:BitShift","bronze:DelayedGuard"],"picked":"SKIP","floor":12},{"not_picked":["bronze:Iterate","bronze:ChildClass"],"picked":"bronze:OilSpill","floor":14},{"not_picked":["bronze:ChildClass","bronze:DelayedSlice"],"picked":"bronze:Philosophize","floor":15},{"not_picked":["bronze:Assembly","bronze:BurnOut"],"picked":"bronze:Format","floor":16},{"not_picked":["bronze:OilSpill","Turbo","bronze:Separator"],"picked":"bronze:Shell","floor":19},{"not_picked":["StuffTheSpire:Rend+1","White Noise+1","bronze:BugBarrage"],"picked":"bronze:Verify","floor":20},{"not_picked":["Ball Lightning","bronze:Deprecate+1","bronze:Frontload+1"],"picked":"Chaos+1","floor":21},{"not_picked":["bronze:Branch","bronze:Shield+1","bronze:Safeguard+1"],"picked":"bronze:Repulsor","floor":22},{"not_picked":["bronze:DelayedSlice+1","bronze:Frontload+1","bronze:FollowUp","bronze:DigitalCarnage+1"],"picked":"Singing Bowl","floor":23},{"not_picked":["Compile Driver","Aggregate+1","Turbo+1"],"picked":"Machine Learning","floor":26},{"not_picked":["bronze:FineTuning+1","bronze:Repulsor","Coolheaded+1","bronze:InfiniteLoop"],"picked":"Singing Bowl","floor":27},{"not_picked":["bronze:Constructor+1","StuffTheSpire:Synthwave","Steam+1","Genetic Algorithm+1"],"picked":"Singing Bowl","floor":31},{"not_picked":["bronze:DelayedSlice","Redo+1","bronze:Separator"],"picked":"bronze:Constructor+1","floor":32}],"player_experience":677863,"relics_obtained":[{"floor":7,"key":"hubris:SphereOfDissonance"},{"floor":14,"key":"trackpad:WritersBlock"},{"floor":24,"key":"trackpad:WondrousWand"},{"floor":27,"key":"Toy Ornithopter"}],"event_choices":[{"damage_healed":0,"gold_gain":0,"player_choice":"Relic ","damage_taken":18,"max_hp_gain":0,"max_hp_loss":0,"event_name":"betterThird:BetterScrap","floor":4,"gold_loss":0,"cards_obtained":["hubris:TrickCloak"]}],"is_beta":false,"boss_relics":[{"not_picked":["aspiration:RunicSpoon","Runic Dome"],"picked":"aspiration:DefectSkillbook"}],"items_purged_floors":[20],"is_endless":false,"potions_floor_spawned":[2,9,10,12,16,21,23,32],"killed_by":"DF_ARCHETYPE_CLAW","ascension_level":0}}