{"host":"9glxjasd35ghdaim","time":1613530788,"event":{"mods":["Act Like it!","AlwaysNeverKeys","Aspiration","Bard","BaseMod","Better Third Choice","CCEM2","CapriCore","Colored Map","Colored Powertips","Dark Map","Displayed Cursed Tome","Energized Spire","GifTheSpireLib","Halation","Hermit","Infinite Spire","Jorbs\u0027s Wanderer Trilogy","Luminous","Marisa????????","Minty Spire (QoL Compilation)","Permanent Neow","Quick Restart","Random Character Button","Rare Cards Sparkle","Reliquary","Replay The Spire","Shade Mod","Spicy Shops","StS++","StSLib","Stuff the Spire","The Administrix","The Animator","The Blue Laboratory","The Bug Knight","The Construct","The Cursed","The Disciple","The Florist","The Hierophant","The Problem Sleuth","The Senshi","The Servant 0.9.4","The Wild Card","TheSwordswoman","Unceasing Turn Reminder","Wandering Minibosses"],"gold_per_floor":[115,142,142,6,6,41,41,51,75,104,104,130,146,158,158,262,262,282,282,299,317,317,317,317,342,342,361,65,75,75,98,98,98,98],"floor_reached":33,"language":"ENG","playtime":2815,"items_purged":["hermit:Desperado"],"score":358,"play_id":"84720199-b463-4e96-8e1a-50a37cd065a1","local_time":"20210216215948","is_ascension_mode":false,"campfire_choices":[{"data":"hermit:Covet","floor":7,"key":"SMITH"},{"floor":23,"key":"REST"},{"floor":30,"key":"REST"},{"floor":32,"key":"DIG"}],"circlet_count":1,"master_deck":["hermit:Strike_Hermit","hermit:Strike_Hermit","hermit:Strike_Hermit","hermit:Strike_Hermit","hermit:Defend_Hermit","hermit:Snapshot","hermit:Covet+1","hermit:HighCaliber","hermit:NoHoldsBarred","hermit:Glare","Replay:Dark Deal","Sadistic Nature","Discovery","TheCursedMod:Dregs","Languid","infinitespire:Fortify","hermit:GoldenBullet+1","hermit:Quickdraw","hermit:FlashPowder","CommonCold","hermit:Enervate","hermit:CalledShot","hermit:EyeOfTheStorm","hermit:Dissolve","hermit:Shortfuse","hermit:Spite","hermit:Ricochet","hermit:Headshot+1","hermit:Quickdraw","StuffTheSpire:Ambrosia","Pain","hermit:ShadowCloak","hermit:DeadMansHand+1","hermit:Covet+1","Deep Breath","hermit:Maintenance+1"],"relics":["hermit:Momento","NeowsBlessing","Replay:Rubber Ducky","ReplayTheSpireMod:ShopPack","reliquary:BoilingFlask","reliquary:TatteredRug","aspiration:SeaSaltIceCream","Circlet","ReplayTheSpireMod:Ring of Addiction","White Beast Statue","Chameleon Ring","Smiling Mask","reliquary:ThirdArm","halation:OrihimeAndHikoboshiSamaAndTears","Frozen Egg 2","DollysMirror","StSpp:BrokenTotem","infinitespire:ShieldingShard"],"acts_visited":["Exordium","TheCity"],"potions_floor_usage":[12,12,14,16,16,20,21,25,27,29,29,33],"damage_taken":[{"damage":0,"enemies":"Cultist","floor":1,"turns":1},{"damage":0,"enemies":"Replay:BlueRogue","floor":6,"turns":1},{"damage":0,"enemies":"Jaw Worm","floor":8,"turns":1},{"damage":18,"enemies":"3 Sentries","floor":10,"turns":7},{"damage":10,"enemies":"Replay:BlueRogue","floor":12,"turns":5},{"damage":8,"enemies":"Small Slimes","floor":13,"turns":2},{"damage":14,"enemies":"2 Fungi Beasts","floor":14,"turns":3},{"damage":5,"enemies":"Slime Boss","floor":16,"turns":10},{"damage":2,"enemies":"Shell Parasite","floor":18,"turns":5},{"damage":5,"enemies":"3 Byrds","floor":20,"turns":3},{"damage":41,"enemies":"Shelled Parasite and Fungi","floor":21,"turns":4},{"damage":29,"enemies":"Nightmare","floor":25,"turns":8},{"damage":7,"enemies":"Snake Plant","floor":27,"turns":3},{"damage":8,"enemies":"Centurion and Healer","floor":29,"turns":6},{"damage":49,"enemies":"Automaton","floor":33,"turns":8}],"seed_played":"3691749593723462735","potions_obtained":[{"floor":6,"key":"Weak Potion"},{"floor":10,"key":"Block Potion"},{"floor":11,"key":"Ancient Potion"},{"floor":11,"key":"blueLaboratory:SavagePotion"},{"floor":12,"key":"blueLaboratory:HorrorPotion"},{"floor":13,"key":"blueLaboratory:NullPotion"},{"floor":14,"key":"Flashbang"},{"floor":16,"key":"SpeedPotion"},{"floor":18,"key":"construct:ShiftPotion"},{"floor":20,"key":"blueLaboratory:LouseDecoction"},{"floor":21,"key":"Doom Potion"},{"floor":25,"key":"blueLaboratory:BottleOfRum"},{"floor":27,"key":"Fruit Juice"},{"floor":29,"key":"AttackPotion"}],"is_trial":false,"path_per_floor":["M","T","?","$","?","E","R","M","T","E","?","E","M","M","R_BF","B",null,"M","?","M","M","?","R","?","NM","T","M","$","M","R","T","R_BF","B"],"character_chosen":"HERMIT","items_purchased":["hermit:Desperado","ReplayTheSpireMod:ShopPack","hermit:Glare","DollysMirror","Deep Breath"],"campfire_rested":2,"item_purchase_floors":[4,4,4,28,28],"current_hp_per_floor":[75,75,75,75,75,75,75,75,75,57,57,47,39,25,47,42,75,73,73,68,27,27,48,48,20,20,14,14,15,39,39,39,0,0],"gold":98,"neow_bonus":"THREE_ENEMY_KILL","is_daily":false,"chose_seed":false,"campfire_upgraded":1,"win_rate":0.0,"timestamp":1613530788,"path_taken":["M","?","?","$","?","E","R","M","T","E","?","E","M","M","R_BF","BOSS","M","?","M","M","?","R","?","NM","T","M","$","?","R","?","R_BF","BOSS"],"items_purchased_type":["Card","Relic","Card","Relic","Card"],"build_version":"2020-12-22","purchased_purges":1,"victory":false,"max_hp_per_floor":[75,75,75,75,75,75,75,75,75,75,75,75,75,75,75,75,75,75,75,73,73,73,73,73,72,72,73,73,82,82,82,82,81,81],"card_choices":[{"not_picked":["hermit:Dive","hermit:BodyArmor"],"picked":"hermit:HighCaliber","floor":1},{"not_picked":["Magnetism","StSpp:Cataclysm"],"picked":"Replay:Dark Deal","floor":4},{"not_picked":["Mayhem","Swift Strike"],"picked":"Sadistic Nature","floor":4},{"not_picked":["StSpp:MindBarrier","Midas Touch"],"picked":"Discovery","floor":4},{"not_picked":["infinitespire:UltimateForm","infinitespire:SealOfDarkness+"],"picked":"infinitespire:Fortify","floor":5},{"not_picked":["hermit:Gestalt","hermit:Enervate"],"picked":"hermit:GoldenBullet","floor":6},{"not_picked":["hermit:Vantage","hermit:BodyArmor"],"picked":"hermit:Quickdraw","floor":8},{"not_picked":["hermit:Grudge","hermit:Headshot"],"picked":"hermit:FlashPowder","floor":10},{"not_picked":["hermit:Feint","hermit:Dive"],"picked":"hermit:Enervate","floor":12},{"not_picked":["hermit:Feint","hermit:WideOpen"],"picked":"hermit:CalledShot","floor":13},{"not_picked":["hermit:WideOpen","hermit:Enervate"],"picked":"hermit:EyeOfTheStorm","floor":14},{"not_picked":["hermit:OverwhelmingPower","hermit:Purgatory"],"picked":"hermit:Dissolve","floor":16},{"not_picked":["hermit:WideOpen","hermit:Ricochet"],"picked":"hermit:Shortfuse","floor":18},{"not_picked":["hermit:Glare+1","hermit:FromBeyond"],"picked":"hermit:Headshot+1","floor":20},{"not_picked":["hermit:Dive","hermit:ItchyTrigger"],"picked":"hermit:Quickdraw","floor":21},{"not_picked":["hermit:Magnum","hermit:Ricochet"],"picked":"hermit:ShadowCloak","floor":25},{"not_picked":["hermit:Ricochet","hermit:Coalescence"],"picked":"hermit:DeadMansHand+1","floor":27},{"not_picked":["hermit:Dive","hermit:HoleUp+1"],"picked":"hermit:Maintenance+1","floor":29}],"player_experience":259254,"relics_obtained":[{"floor":2,"key":"Replay:Rubber Ducky"},{"floor":6,"key":"reliquary:BoilingFlask"},{"floor":9,"key":"reliquary:TatteredRug"},{"floor":10,"key":"aspiration:SeaSaltIceCream"},{"floor":11,"key":"ReplayTheSpireMod:Ring of Addiction"},{"floor":11,"key":"White Beast Statue"},{"floor":11,"key":"Chameleon Ring"},{"floor":12,"key":"Smiling Mask"},{"floor":25,"key":"halation:OrihimeAndHikoboshiSamaAndTears"},{"floor":26,"key":"Frozen Egg 2"},{"floor":31,"key":"StSpp:BrokenTotem"},{"floor":32,"key":"infinitespire:ShieldingShard"}],"event_choices":[{"damage_healed":0,"gold_gain":0,"cards_transformed":["hermit:Defend_Hermit"],"player_choice":"Change","damage_taken":0,"max_hp_gain":0,"max_hp_loss":0,"event_name":"Living Wall","floor":3,"gold_loss":0,"cards_obtained":["hermit:NoHoldsBarred"]},{"damage_healed":0,"gold_gain":0,"cards_transformed":["hermit:Defend_Hermit","hermit:Defend_Hermit"],"player_choice":"Became Test Subject","damage_taken":0,"max_hp_gain":0,"max_hp_loss":0,"event_name":"Drug Dealer","floor":19,"gold_loss":0,"cards_obtained":["hermit:Spite","hermit:Ricochet"]}],"is_beta":false,"boss_relics":[{"not_picked":["Replay:Wanted Poster","reliquary:Ember"],"picked":"reliquary:ThirdArm"}],"items_purged_floors":[28],"is_endless":true,"potions_floor_spawned":[6,10,12,13,14,16,18,20,21,25,27,29],"killed_by":"Automaton","ascension_level":0}}