{"host":"dztixnx9b0gu6w9i","time":1613595087,"event":{"mods":["BaseMod","Bestiary","Minty Spire (QoL Compilation)","Relic Stats","SpireBot","ojb\u0027s Better Paths Mod","ojb\u0027s Info Mod"],"gold_per_floor":[117,117,129,143,161,161,189,207,232,232,266,266,296,50,50,123,123,103,103,121,131,131,131,161,161,161,161,60,93,104,124,124,195,195,212,18,18,18,30,56,56,56,82,109,122,122,153,166,166,166,166,166,166,17,47,47,47],"floor_reached":56,"language":"ENG","playtime":7094,"items_purged":["Parasite"],"score":2361,"play_id":"9662c81b-5226-4e65-bc0e-258c8d8943a3","local_time":"20210217155126","is_ascension_mode":true,"campfire_choices":[{"data":"Rainbow","floor":6.0,"key":"SMITH"},{"data":"Tempest","floor":10.0,"key":"SMITH"},{"data":"Cold Snap","floor":12.0,"key":"SMITH"},{"data":"Genetic Algorithm","floor":15.0,"key":"SMITH"},{"data":"Consume","floor":23.0,"key":"SMITH"},{"data":"Loop","floor":25.0,"key":"SMITH"},{"data":"Doom and Gloom","floor":27.0,"key":"SMITH"},{"data":"Seek","floor":32.0,"key":"SMITH"},{"data":"Defend_B+1","floor":41.0,"key":"PURGE"},{"data":"Loop","floor":46.0,"key":"SMITH"},{"floor":49.0,"key":"RECALL"},{"data":"Defragment","floor":53.0,"key":"SMITH"}],"circlet_count":0,"master_deck":["AscendersBane","Strike_B+1","Strike_B+1","Strike_B+1","Strike_B+1","Defend_B+1","Defend_B+1","Defend_B+1","Zap+1","Dualcast","Rainbow+1","Leap","Conserve Battery","Cold Snap","Cold Snap+1","Glacier","Tempest+1","Genetic Algorithm+1","Self Repair","Seek+1","BootSequence","Melter+1","Loop+1","Consume+1","Doom and Gloom+1","Coolheaded","Multi-Cast","Turbo","Undo","Machine Learning","Skim+1","Coolheaded","Compile Driver","Loop+1","Hologram","Defragment+1","PanicButton"],"relics":["Cracked Core","StoneCalendar","DataDisk","Regal Pillow","PreservedInsect","Lantern","Inserter","Peace Pipe","Bottled Lightning","Symbiotic Virus","Velvet Choker","OrangePellets","Nunchaku","Mummified Hand","Vajra","Boot","Oddly Smooth Stone"],"acts_visited":["Exordium","TheCity","TheBeyond","TheEnding"],"potions_floor_usage":[56],"damage_taken":[{"damage":0.0,"enemies":"Cultist","floor":1.0,"turns":4.0},{"damage":7.0,"enemies":"Jaw Worm","floor":3.0,"turns":3.0},{"damage":0.0,"enemies":"2 Louse","floor":4.0,"turns":3.0},{"damage":6.0,"enemies":"Blue Slaver","floor":5.0,"turns":3.0},{"damage":14.0,"enemies":"3 Sentries","floor":7.0,"turns":8.0},{"damage":4.0,"enemies":"Lots of Slimes","floor":8.0,"turns":5.0},{"damage":0.0,"enemies":"Lagavulin","floor":11.0,"turns":7.0},{"damage":22.0,"enemies":"Gremlin Nob","floor":13.0,"turns":4.0},{"damage":17.0,"enemies":"Slime Boss","floor":16.0,"turns":7.0},{"damage":0.0,"enemies":"2 Thieves","floor":18.0,"turns":4.0},{"damage":5.0,"enemies":"Spheric Guardian","floor":20.0,"turns":5.0},{"damage":23.0,"enemies":"Snake Plant","floor":21.0,"turns":4.0},{"damage":7.0,"enemies":"Book of Stabbing","floor":24.0,"turns":5.0},{"damage":15.0,"enemies":"Slavers","floor":29.0,"turns":4.0},{"damage":6.0,"enemies":"Chosen and Byrds","floor":30.0,"turns":7.0},{"damage":0.0,"enemies":"Centurion and Healer","floor":31.0,"turns":8.0},{"damage":14.0,"enemies":"Champ","floor":33.0,"turns":12.0},{"damage":1.0,"enemies":"3 Darklings","floor":35.0,"turns":7.0},{"damage":0.0,"enemies":"3 Shapes","floor":39.0,"turns":7.0},{"damage":0.0,"enemies":"Giant Head","floor":40.0,"turns":16.0},{"damage":34.0,"enemies":"Reptomancer","floor":44.0,"turns":12.0},{"damage":0.0,"enemies":"Sphere and 2 Shapes","floor":45.0,"turns":6.0},{"damage":0.0,"enemies":"Nemesis","floor":47.0,"turns":18.0},{"damage":0.0,"enemies":"Transient","floor":48.0,"turns":6.0},{"damage":0.0,"enemies":"Donu and Deca","floor":50.0,"turns":16.0},{"damage":0.0,"enemies":"Awakened One","floor":51.0,"turns":22.0},{"damage":30.0,"enemies":"Shield and Spear","floor":55.0,"turns":6.0},{"damage":39,"enemies":"The Heart","floor":56,"turns":12}],"seed_played":"7557647418921660751","potions_obtained":[{"floor":1.0,"key":"FairyPotion"},{"floor":3.0,"key":"Strength Potion"},{"floor":8.0,"key":"SpeedPotion"},{"floor":16.0,"key":"SpeedPotion"},{"floor":18.0,"key":"Energy Potion"},{"floor":21.0,"key":"EntropicBrew"},{"floor":30.0,"key":"SmokeBomb"},{"floor":39.0,"key":"PowerPotion"},{"floor":48.0,"key":"SpeedPotion"}],"is_trial":false,"path_per_floor":["M","?","M","M","M","R","E","M","T","R","E","R","E","$","R","B",null,"M","?","M","M","?","R","E","R","T","R","$","E","M","M","R","B",null,"M","$","?","?","M","E","R","?","T","E","M","R","E","M","R","B","B",null,"R","$","E","B"],"character_chosen":"DEFECT","items_purchased":["Lantern","Self Repair","Coolheaded","OrangePellets","Coolheaded","PanicButton","SkillPotion"],"campfire_rested":0,"item_purchase_floors":[14,14,28,36,36,54,54],"current_hp_per_floor":[64,64,57,57,51,51,37,33,33,33,33,33,11,11,11,28,60,60,60,55,39,39,39,32,32,32,32,32,24,25,32,32,25,57,63,63,63,63,68,68,68,58,58,31,38,38,45,52,52,59,59,66,66,66,43,4,4],"gold":47,"neow_bonus":"THREE_RARE_CARDS","is_daily":false,"chose_seed":false,"campfire_upgraded":10,"win_rate":0.0,"timestamp":1613595086,"path_taken":["M","?","?","M","M","R","E","M","T","R","E","R","E","$","R","BOSS","M","?","M","M","?","R","E","R","T","R","?","E","?","M","R","BOSS","M","?","?","?","?","E","R","?","T","E","M","R","E","M","R","BOSS","BOSS","R","$","E","BOSS"],"items_purchased_type":["Relic","Card","Card","Relic","Card","Card","Potion"],"build_version":"2020-12-22","purchased_purges":1,"victory":false,"max_hp_per_floor":[71,71,71,71,71,71,71,71,71,71,71,71,71,71,71,71,71,71,71,71,71,71,71,71,71,71,71,68,68,68,68,68,68,68,68,68,68,68,68,68,68,68,68,68,68,68,68,68,68,68,68,68,68,68,68,68,68],"relic_stats":{"Peace Pipe":1,"OrangePellets":[4],"Regal Pillow":0,"Nunchaku":[13],"Inserter":[87],"counters":[28,221],"Mummified Hand":[41],"StoneCalendar":[613],"PreservedInsect":403,"Boot":[7],"obtain_stats":[{"Regal Pillow":11,"Lantern":14,"Inserter":17,"Velvet Choker":34,"Vajra":44,"Oddly Smooth Stone":55,"StoneCalendar":7,"PreservedInsect":13,"Boot":47,"Peace Pipe":24,"OrangePellets":36,"DataDisk":9,"Nunchaku":38,"Mummified Hand":40,"Bottled Lightning":26,"Cracked Core":0,"Symbiotic Virus":29},{"Regal Pillow":7,"Lantern":8,"Inserter":9,"Velvet Choker":17,"Vajra":21,"Oddly Smooth Stone":27,"StoneCalendar":5,"PreservedInsect":8,"Boot":23,"Peace Pipe":13,"OrangePellets":18,"DataDisk":6,"Nunchaku":18,"Mummified Hand":20,"Bottled Lightning":13,"Cracked Core":0,"Symbiotic Virus":14},{"Regal Pillow":33,"Lantern":37,"Inserter":44,"Velvet Choker":93,"Vajra":135,"Oddly Smooth Stone":209,"StoneCalendar":21,"PreservedInsect":37,"Boot":159,"Peace Pipe":62,"OrangePellets":100,"DataDisk":26,"Nunchaku":100,"Mummified Hand":123,"Bottled Lightning":62,"Cracked Core":0,"Symbiotic Virus":66}]},"card_choices":[{"not_picked":["Seek","Fission"],"picked":"Rainbow","floor":0.0},{"not_picked":["Gash","Loop"],"picked":"Leap","floor":1.0},{"not_picked":["White Noise","Coolheaded"],"picked":"Conserve Battery","floor":3.0},{"not_picked":["Conserve Battery","Aggregate"],"picked":"Cold Snap","floor":4.0},{"not_picked":["BootSequence","Turbo"],"picked":"Cold Snap","floor":5.0},{"not_picked":["Chaos","Steam Power"],"picked":"Glacier","floor":7.0},{"not_picked":["Steam","Coolheaded"],"picked":"Tempest","floor":8.0},{"not_picked":["Hologram","Steam"],"picked":"Ball Lightning","floor":11.0},{"not_picked":["Cold Snap","Double Energy"],"picked":"Genetic Algorithm","floor":13.0},{"not_picked":["Multi-Cast","Reboot"],"picked":"Seek","floor":16.0},{"not_picked":["Recycle","Reprogram"],"picked":"BootSequence","floor":18.0},{"not_picked":["Stack","Steam"],"picked":"Melter+1","floor":20.0},{"not_picked":["Rebound+1","Leap"],"picked":"Loop","floor":21.0},{"not_picked":["Redo","Go for the Eyes"],"picked":"Doom and Gloom","floor":24.0},{"not_picked":["FTL","Genetic Algorithm"],"picked":"Multi-Cast","floor":29.0},{"not_picked":["Hologram","Rebound"],"picked":"Turbo","floor":30.0},{"not_picked":["Rebound","Coolheaded"],"picked":"Undo","floor":31.0},{"not_picked":["Reboot","All For One"],"picked":"Machine Learning","floor":33.0},{"not_picked":["Ball Lightning","Double Energy"],"picked":"Skim+1","floor":35.0},{"not_picked":["Cold Snap","Turbo"],"picked":"Compile Driver","floor":39.0},{"not_picked":["Conserve Battery","Steam","Auto Shields"],"picked":"SKIP","floor":40.0},{"not_picked":["Recycle+1","Steam+1"],"picked":"Loop","floor":44.0},{"not_picked":["Stack","Beam Cell"],"picked":"Hologram","floor":45.0},{"not_picked":["Hello World","Rip and Tear","BootSequence"],"picked":"SKIP","floor":47.0},{"not_picked":["Auto Shields","Beam Cell"],"picked":"Defragment","floor":48.0},{"not_picked":["Steam","Stack","Reboot"],"picked":"SKIP","floor":55.0}],"player_experience":8692729,"relics_obtained":[{"floor":7.0,"key":"StoneCalendar"},{"floor":9.0,"key":"DataDisk"},{"floor":11.0,"key":"Regal Pillow"},{"floor":13.0,"key":"PreservedInsect"},{"floor":24.0,"key":"Peace Pipe"},{"floor":26.0,"key":"Bottled Lightning"},{"floor":29.0,"key":"Symbiotic Virus"},{"floor":40.0,"key":"Mummified Hand"},{"floor":44.0,"key":"Vajra"},{"floor":47.0,"key":"Boot"},{"floor":55.0,"key":"Oddly Smooth Stone"}],"event_choices":[{"damage_healed":0.0,"max_hp_gain":0.0,"max_hp_loss":0.0,"gold_gain":0.0,"event_name":"Upgrade Shrine","player_choice":"Upgraded","floor":2.0,"gold_loss":0.0,"damage_taken":0.0,"cards_upgraded":["Zap"]},{"damage_healed":0.0,"max_hp_gain":0.0,"max_hp_loss":0.0,"gold_gain":0.0,"event_name":"Back to Basics","player_choice":"Simplicity","floor":19.0,"gold_loss":0.0,"damage_taken":0.0,"cards_upgraded":["Strike_B","Strike_B","Strike_B","Strike_B","Defend_B","Defend_B","Defend_B","Defend_B"]},{"damage_healed":0.0,"max_hp_gain":0.0,"max_hp_loss":0.0,"gold_gain":0.0,"event_name":"The Library","player_choice":"Read","floor":22.0,"gold_loss":0.0,"damage_taken":0.0,"cards_obtained":["Consume"]},{"cards_removed":["Ball Lightning"],"damage_healed":0.0,"max_hp_gain":0.0,"max_hp_loss":0.0,"gold_gain":0.0,"event_name":"Falling","player_choice":"Removed Attack","floor":37.0,"gold_loss":0.0,"damage_taken":0.0},{"damage_healed":0.0,"max_hp_gain":0.0,"max_hp_loss":0.0,"gold_gain":0.0,"event_name":"WeMeetAgain","player_choice":"Gave Potion","floor":38.0,"gold_loss":0.0,"damage_taken":0.0,"relics_obtained":["Nunchaku"]},{"damage_healed":0.0,"max_hp_gain":0.0,"max_hp_loss":0.0,"gold_gain":0.0,"event_name":"SensoryStone","player_choice":"Memory 3","floor":42.0,"gold_loss":0.0,"damage_taken":10.0}],"is_beta":false,"boss_relics":[{"not_picked":["Ectoplasm","Busted Crown"],"picked":"Inserter"},{"not_picked":["Astrolabe","Empty Cage"],"picked":"Velvet Choker"}],"items_purged_floors":[28],"is_endless":false,"potions_floor_spawned":[1,3,8,13,16,18,21,30,39,40,48],"killed_by":"The Heart","ascension_level":20}}