{"host":"xy5qih4nvxccm4rc","time":1613524930,"event":{"mods":["AchievementEnabler","BaseMod","Minty Spire (QoL Compilation)","StSLib"],"gold_per_floor":[112,112,126,126,31,120,138,138,138,157,54,84,103,116,116,214,214,233,265,275,36,36,62,62,62,62],"floor_reached":25,"language":"ENG","playtime":931,"items_purged":[],"score":277,"play_id":"7ce62e6b-5b16-4ae4-8c97-8732be64126d","local_time":"20210216192210","is_ascension_mode":true,"campfire_choices":[{"data":"Hyperbeam","floor":8,"key":"SMITH"},{"data":"Rip and Tear","floor":15,"key":"SMITH"},{"data":"Static Discharge","floor":24,"key":"SMITH"}],"circlet_count":0,"master_deck":["Strike_B","Strike_B","Defend_B","Defend_B","Defend_B","Defend_B","Zap","Dualcast","Barrage","Coolheaded","BootSequence","Compile Driver","Hyperbeam+1","Conserve Battery","Barrage","Static Discharge+1","Doom and Gloom","Rip and Tear+1","Hologram","Coolheaded","Hyperbeam","White Noise","BootSequence","Double Energy","Force Field","Doom and Gloom"],"relics":["Cracked Core","Ancient Tea Set","Bottled Lightning","Pen Nib","SlaversCollar","Red Mask","Mercury Hourglass","Emotion Chip"],"acts_visited":["Exordium","TheCity"],"potions_floor_usage":[6,19],"damage_taken":[{"damage":12,"enemies":"Small Slimes","floor":1,"turns":2},{"damage":1,"enemies":"Cultist","floor":3,"turns":3},{"damage":15,"enemies":"3 Sentries","floor":6,"turns":6},{"damage":0,"enemies":"Jaw Worm","floor":7,"turns":2},{"damage":0,"enemies":"Looter","floor":10,"turns":2},{"damage":16,"enemies":"Gremlin Nob","floor":12,"turns":3},{"damage":0,"enemies":"2 Fungi Beasts","floor":13,"turns":1},{"damage":0,"enemies":"Red Slaver","floor":14,"turns":2},{"damage":35,"enemies":"Slime Boss","floor":16,"turns":6},{"damage":30,"enemies":"Spheric Guardian","floor":18,"turns":4},{"damage":2,"enemies":"Masked Bandits","floor":19,"turns":2},{"damage":12,"enemies":"3 Byrds","floor":20,"turns":3},{"damage":39,"enemies":"Slavers","floor":23,"turns":4},{"damage":24,"enemies":"Snake Plant","floor":25,"turns":2}],"seed_played":"-8028080088566644554","potions_obtained":[{"floor":1,"key":"ColorlessPotion"},{"floor":6,"key":"LiquidBronze"},{"floor":12,"key":"Ancient Potion"},{"floor":14,"key":"FairyPotion"},{"floor":23,"key":"SpeedPotion"}],"is_trial":false,"path_per_floor":["M","?","M","?","$","E","M","R","T","M","$","E","M","M","R","B",null,"M","?","M","$","?","E","R","M"],"character_chosen":"DEFECT","items_purchased":["BootSequence","Compile Driver","Static Discharge","Doom and Gloom","Mercury Hourglass"],"campfire_rested":0,"item_purchase_floors":[5,5,11,11,21],"current_hp_per_floor":[63,63,62,67,67,52,52,52,52,52,52,36,36,36,36,1,80,50,48,36,36,36,24,24,0,0],"gold":62,"neow_bonus":"RANDOM_COMMON_RELIC","is_daily":false,"chose_seed":false,"campfire_upgraded":3,"win_rate":0.0,"timestamp":1613524930,"path_taken":["M","?","?","?","$","E","M","R","T","M","$","E","M","M","R","BOSS","M","?","M","$","?","E","R","M"],"items_purchased_type":["Card","Card","Card","Card","Relic"],"build_version":"2020-12-22","purchased_purges":0,"victory":false,"max_hp_per_floor":[75,75,75,80,80,80,80,80,80,80,80,80,80,80,80,80,80,80,80,80,80,80,80,80,80,80],"card_choices":[{"not_picked":["Auto Shields","Rebound"],"picked":"Barrage","floor":1},{"not_picked":["Beam Cell","Leap"],"picked":"Coolheaded","floor":3},{"not_picked":["Conserve Battery","Beam Cell"],"picked":"Hyperbeam","floor":6},{"not_picked":["Beam Cell","Darkness"],"picked":"Conserve Battery","floor":7},{"not_picked":["Lockon","Fission"],"picked":"Barrage","floor":10},{"not_picked":["Turbo","Reprogram"],"picked":"Rip and Tear","floor":12},{"not_picked":["Aggregate","Turbo"],"picked":"Hologram","floor":13},{"not_picked":["Cold Snap","Hologram"],"picked":"Coolheaded","floor":14},{"not_picked":["Seek","Core Surge"],"picked":"Hyperbeam","floor":16},{"not_picked":["Hologram","Gash"],"picked":"White Noise","floor":18},{"not_picked":["Reinforced Body","Hologram+1"],"picked":"BootSequence","floor":19},{"not_picked":["Stack","Darkness"],"picked":"Double Energy","floor":20},{"not_picked":["Thunder Strike","Cold Snap"],"picked":"Doom and Gloom","floor":23}],"player_experience":341383,"relics_obtained":[{"floor":6,"key":"Bottled Lightning"},{"floor":12,"key":"Pen Nib"},{"floor":19,"key":"Red Mask"},{"floor":23,"key":"Emotion Chip"}],"event_choices":[{"cards_removed":["Strike_B"],"damage_healed":0,"gold_gain":0,"player_choice":"Purged","damage_taken":0,"max_hp_gain":0,"max_hp_loss":0,"event_name":"Purifier","floor":2,"gold_loss":0},{"damage_healed":0,"gold_gain":0,"player_choice":"Donut","damage_taken":0,"max_hp_gain":5,"max_hp_loss":0,"event_name":"Big Fish","floor":4,"gold_loss":0},{"damage_healed":0,"gold_gain":0,"player_choice":"Fought Bandits","damage_taken":0,"max_hp_gain":0,"max_hp_loss":0,"event_name":"Masked Bandits","floor":19,"gold_loss":0},{"damage_healed":0,"gold_gain":0,"cards_transformed":["Strike_B"],"player_choice":"Transformed","damage_taken":0,"max_hp_gain":0,"max_hp_loss":0,"event_name":"Transmorgrifier","floor":22,"gold_loss":0,"cards_obtained":["Force Field"]}],"is_beta":false,"boss_relics":[{"not_picked":["Astrolabe","Runic Dome"],"picked":"SlaversCollar"}],"items_purged_floors":[],"is_endless":false,"potions_floor_spawned":[1,6,12,14,18,23],"killed_by":"Snake Plant","ascension_level":4}}