{"host":"t1puqh5lxz8sp6fn","time":1613531188,"event":{"mods":["AchievementEnabler","BaseMod","Colored Powertips","Minty Spire (QoL Compilation)","Rare Cards Sparkle","Relic Stats","StSLib"],"gold_per_floor":[60,96,131,161,311,311,311,369,369,78,135,135,180,221,221,345,345,359,71,71,83,126,126,126],"floor_reached":23,"playtime":1161,"items_purged":["Doubt"],"score":355,"play_id":"a681f428-a5de-4896-8692-28da0224f018","local_time":"20210217000628","is_ascension_mode":true,"campfire_choices":[{"data":"HandOfGreed","floor":6,"key":"SMITH"},{"data":"Creative AI","floor":12,"key":"SMITH"},{"data":"Conserve Battery","floor":15,"key":"SMITH"}],"circlet_count":0,"master_deck":["AscendersBane","Strike_B","Strike_B","Strike_B","Strike_B","Defend_B","Defend_B","Defend_B","Defend_B","Zap","Dualcast","HandOfGreed+1","Steam","Conserve Battery+1","Coolheaded","Compile Driver","Steam","Ball Lightning","Creative AI+1","Cold Snap","Amplify","Glacier","Hologram"],"relics":["Cracked Core","Gremlin Horn","Lee\u0027s Waffle","Bronze Scales","Cursed Key","Happy Flower","Regal Pillow","Enchiridion"],"acts_visited":["Exordium","TheCity"],"potions_floor_usage":[8,16,23],"damage_taken":[{"damage":4.0,"enemies":"2 Louse","floor":1.0,"turns":3.0},{"damage":1,"enemies":"Jaw Worm","floor":2,"turns":2},{"damage":0,"enemies":"Cultist","floor":3,"turns":4},{"damage":8,"enemies":"Blue Slaver","floor":4,"turns":3},{"damage":26,"enemies":"3 Sentries","floor":8,"turns":9},{"damage":7,"enemies":"Lagavulin","floor":11,"turns":6},{"damage":0,"enemies":"Looter","floor":13,"turns":2},{"damage":11,"enemies":"Large Slime","floor":14,"turns":8},{"damage":7,"enemies":"Slime Boss","floor":16,"turns":9},{"damage":8,"enemies":"Spheric Guardian","floor":18,"turns":4},{"damage":0,"enemies":"Shell Parasite","floor":21,"turns":6},{"damage":0,"enemies":"Snake Plant","floor":22,"turns":4},{"damage":44,"enemies":"Gremlin Leader","floor":23,"turns":4}],"seed_played":"-6437072116615307229","potions_obtained":[{"floor":1.0,"key":"PotionOfCapacity"},{"floor":2,"key":"Explosive Potion"},{"floor":13,"key":"Fire Potion"},{"floor":16,"key":"FocusPotion"},{"floor":21,"key":"Dexterity Potion"}],"is_trial":false,"path_per_floor":["M","M","M","M","?","R","?","E","T","$","E","R","M","M","R","B",null,"M","$","?","M","M","E"],"character_chosen":"DEFECT","items_purchased":["Lee\u0027s Waffle","Ball Lightning","Explosive Potion","Happy Flower","Regal Pillow"],"campfire_rested":0,"item_purchase_floors":[10,10,10,19,19],"current_hp_per_floor":[60,59,59,51,51,51,51,25,25,78,71,71,71,60,60,53,72,64,64,43,43,43,0,0],"gold":126,"neow_bonus":"RANDOM_COLORLESS_2","is_daily":false,"chose_seed":false,"campfire_upgraded":3,"win_rate":0.0,"timestamp":1613531188,"path_taken":["M","M","M","M","?","R","?","E","T","$","E","R","M","?","R","BOSS","M","$","?","M","M","E"],"items_purchased_type":["Relic","Card","Potion","Relic","Relic"],"build_version":"2020-12-13","purchased_purges":1,"victory":false,"max_hp_per_floor":[71,71,71,71,71,71,71,71,71,78,78,78,78,78,78,78,78,78,78,78,78,78,78,78],"relic_stats":{"Lee\u0027s Waffle":53,"Regal Pillow":0,"Gremlin Horn":[6,6],"Happy Flower":[4],"counters":[13,64],"Bronze Scales":[82],"Cursed Key":0,"obtain_stats":[{"Lee\u0027s Waffle":10,"Regal Pillow":19,"Gremlin Horn":8,"Happy Flower":19,"Bronze Scales":11,"Enchiridion":20,"Cracked Core":0,"Cursed Key":17},{"Lee\u0027s Waffle":5,"Regal Pillow":10,"Gremlin Horn":5,"Happy Flower":10,"Bronze Scales":6,"Enchiridion":10,"Cracked Core":0,"Cursed Key":9},{"Lee\u0027s Waffle":21,"Regal Pillow":50,"Gremlin Horn":21,"Happy Flower":50,"Bronze Scales":27,"Enchiridion":50,"Cracked Core":0,"Cursed Key":46}]},"card_choices":[{"not_picked":["Violence","Mayhem"],"picked":"HandOfGreed","floor":0.0},{"not_picked":["Barrage","Hologram"],"picked":"Steam","floor":1.0},{"not_picked":["Chaos","Capacitor"],"picked":"Conserve Battery","floor":2},{"not_picked":["Double Energy","Gash"],"picked":"Coolheaded","floor":3},{"not_picked":["Cold Snap","Self Repair"],"picked":"Compile Driver","floor":4},{"not_picked":["Leap","Reprogram"],"picked":"Steam","floor":8},{"not_picked":["Ball Lightning","Steam"],"picked":"Creative AI","floor":11},{"not_picked":["Darkness","Ball Lightning"],"picked":"Cold Snap","floor":13},{"not_picked":["Leap","Rainbow","Redo"],"picked":"SKIP","floor":14},{"not_picked":["Reboot","Core Surge"],"picked":"Amplify","floor":16},{"not_picked":["Rip and Tear","Coolheaded"],"picked":"Glacier","floor":18},{"not_picked":["Stack","Compile Driver"],"picked":"Hologram","floor":21},{"not_picked":["Rip and Tear+1","Coolheaded","Gash"],"picked":"SKIP","floor":22}],"player_experience":540636,"relics_obtained":[{"floor":8,"key":"Gremlin Horn"},{"floor":11,"key":"Bronze Scales"},{"floor":20,"key":"Enchiridion"}],"event_choices":[{"damage_healed":0,"gold_gain":150,"player_choice":"AGREE","damage_taken":0,"max_hp_gain":0,"max_hp_loss":0,"event_name":"Liars Game","floor":5,"gold_loss":0,"cards_obtained":["Doubt"]},{"damage_healed":0,"gold_gain":0,"player_choice":"0 cards matched","damage_taken":0,"max_hp_gain":0,"max_hp_loss":0,"event_name":"Match and Keep!","floor":7,"gold_loss":0,"cards_obtained":[]},{"damage_healed":0,"gold_gain":0,"player_choice":"Obtained Book","damage_taken":21,"max_hp_gain":0,"max_hp_loss":0,"event_name":"Cursed Tome","floor":20,"gold_loss":0}],"is_beta":false,"boss_relics":[{"not_picked":["Sozu","Tiny House"],"picked":"Cursed Key"}],"items_purged_floors":[10],"is_endless":false,"potions_floor_spawned":[1,2,13,16,21],"killed_by":"Gremlin Leader","ascension_level":15}}