{"host":"218bpbmw7wi1tsbm","time":1613561141,"event":{"mods":["BaseMod","Lobotomy","LobotomyExtend","Minty Spire (QoL Compilation)","Prisma Mod","Quick Restart","Rare Cards Sparkle","StSLib"],"gold_per_floor":[113,288,363,381,381,381,381,381,381,391,391,410,424,424,424,424,424],"floor_reached":16,"language":"JPN","playtime":664,"items_purged":[],"score":117,"play_id":"b6362267-2ca9-4a94-a239-1fc5adb35031","local_time":"20210217202541","is_ascension_mode":false,"campfire_choices":[{"floor":15,"key":"REST"}],"circlet_count":0,"master_deck":["SpecialBullet","SpecialBullet","SpecialBullet","SpecialBullet","SpecialBullet","SpecialBullet","SpecialBullet","InformationCode","TrainingCode","CentralCode","Harvest","OSAHOGD","Doubt","Spore","SpecialBullet","QueenBee","Christmas","Wellcheers","Freischutz","WristCuter"],"relics":["CogitoBucket","LetterFromLob","Pear","AdjustmentMirror"],"acts_visited":["Exordium"],"potions_floor_usage":[],"damage_taken":[{"damage":0,"enemies":"Small Slimes","floor":1,"turns":3},{"damage":0,"enemies":"2 Louse","floor":4,"turns":2},{"damage":12,"enemies":"Jaw Worm","floor":5,"turns":3},{"damage":13,"enemies":"3 Louse","floor":10,"turns":2},{"damage":16,"enemies":"Large Slime","floor":12,"turns":6},{"damage":12,"enemies":"Blue Slaver","floor":13,"turns":3},{"damage":56,"enemies":"Hexaghost","floor":16,"turns":10}],"seed_played":"-1273681703135704597","potions_obtained":[{"floor":4,"key":"SpeedPotion"},{"floor":12,"key":"Swift Potion"}],"is_trial":false,"path_per_floor":["M","?","?","M","M","R","M","$","T","M","R","M","M","?","R","B"],"character_chosen":"Angela","items_purchased":[],"campfire_rested":1,"item_purchase_floors":[],"current_hp_per_floor":[70,70,59,59,47,47,47,47,57,44,44,32,24,24,50,3,3],"gold":424,"neow_bonus":"TRANSFORM_CARD","is_daily":false,"chose_seed":false,"campfire_upgraded":0,"win_rate":0.0,"timestamp":1613561141,"path_taken":["M","?","?","M","M","R","M","?","T","M","R","M","M","?","R","BOSS"],"items_purchased_type":[],"build_version":"2020-12-22","purchased_purges":0,"victory":false,"max_hp_per_floor":[70,70,70,70,70,70,70,70,80,80,80,84,88,88,88,88,88],"card_choices":[{"not_picked":["BeautyBeast","Murderer"],"picked":"OSAHOGD","floor":1},{"not_picked":["SomewhereSpear","Logging"],"picked":"SKIP","floor":1},{"not_picked":["Lantern"],"picked":"Spore","floor":4},{"not_picked":["SoundOfStar","Loneliness"],"picked":"SKIP","floor":5},{"not_picked":["CENSORED","OldLady"],"picked":"QueenBee","floor":10},{"not_picked":["CUTE"],"picked":"Christmas","floor":10},{"not_picked":["Laetitia","Woodsman"],"picked":"Wellcheers","floor":12},{"not_picked":["TodaysExpression","SwordSharpenedByTears"],"picked":"SKIP","floor":12},{"not_picked":["Funeral","PunishingBird"],"picked":"Freischutz","floor":13},{"not_picked":["RedEyes"],"picked":"WristCuter","floor":13}],"player_experience":695641,"relics_obtained":[{"floor":1,"key":"LetterFromLob"},{"floor":9,"key":"Pear"}],"event_choices":[{"damage_healed":0,"gold_gain":175,"player_choice":"AGREE","damage_taken":0,"max_hp_gain":0,"max_hp_loss":0,"event_name":"Liars Game","floor":2,"gold_loss":0,"cards_obtained":["Doubt"]},{"damage_healed":0,"gold_gain":75,"player_choice":"Gather Gold","damage_taken":11,"max_hp_gain":0,"max_hp_loss":0,"event_name":"World of Goop","floor":3,"gold_loss":0}],"is_beta":false,"boss_relics":[],"items_purged_floors":[],"is_endless":false,"potions_floor_spawned":[4,12],"killed_by":"Hexaghost","ascension_level":0}}