{"host":"8t5dkgm85abdp22d","time":1613533629,"event":{"mods":["Act Like it!","BaseMod","Colored Powertips","Conspire","Gensokyo","Hallownest","Minty Spire (QoL Compilation)","Reimu（博丽灵梦）","Reliquary","Remilia（蕾米莉亚）","RumiaBox-露米娅的神秘盒子","Ryuuou龙王","StSLib","The Bug Knight","UnlockEverythingMod","Waifu the Spire","WarShipGirlsR/战舰少女R mod","Yakumo Yukari mod","【遗物卡牌】REMEMod"],"gold_per_floor":[113,113,38,48,48,48,48,48],"floor_reached":7,"language":"ZHS","playtime":326,"items_purged":["rmod:defend"],"score":39,"play_id":"701b0d3b-3ca6-4526-ae7d-37791fb16090","local_time":"20210217114709","is_ascension_mode":false,"campfire_choices":[{"data":"rmod:basicallowance","floor":6,"key":"SMITH"}],"circlet_count":0,"master_deck":["rmod:strick","rmod:strick","rmod:strick","rmod:strick","rmod:defend","rmod:defend","rmod:defend","rmod:basicallowance+1","rmod:maingunfire","Violence","rmod:fletcherpendant","rmod:aluminumsupply"],"relics":["REME_ComplimentaryCards","conspire:RunicOctahedron","Baka2"],"acts_visited":["Exordium"],"potions_floor_usage":[7,7,7],"damage_taken":[{"damage":0,"enemies":"2 Louse","floor":1,"turns":3},{"damage":11,"enemies":"Jaw Worm","floor":4,"turns":2},{"damage":83,"enemies":"Lagavulin","floor":7,"turns":10}],"seed_played":"-4658783144735349967","potions_obtained":[{"floor":2,"key":"EntropicBrew"},{"floor":2,"key":"MagicPotion:ReiMu"},{"floor":2,"key":"Ancient Potion"}],"is_trial":false,"path_per_floor":["M","?","$","M","$","R","E"],"character_chosen":"PRAEFECT","items_purchased":[],"campfire_rested":0,"item_purchase_floors":[],"current_hp_per_floor":[75,75,75,75,75,75,0,0],"gold":48,"neow_bonus":"BOSS_RELIC","is_daily":false,"chose_seed":false,"campfire_upgraded":1,"win_rate":0.0,"timestamp":1613533629,"path_taken":["M","?","?","?","$","R","E"],"items_purchased_type":[],"build_version":"2020-12-22","purchased_purges":1,"victory":false,"max_hp_per_floor":[75,75,75,75,75,75,75,75],"card_choices":[{"not_picked":["rmod:wolves","rmod:aluminumsupply"],"picked":"rmod:fletcherpendant","floor":1},{"not_picked":["rmod:victimresponsibility","rmod:openingtorpedo"],"picked":"rmod:aluminumsupply","floor":4}],"player_experience":89416,"relics_obtained":[{"floor":1,"key":"Baka"},{"floor":4,"key":"Baka2"}],"event_choices":[{"damage_healed":0,"gold_gain":0,"player_choice":"Got Potions","damage_taken":0,"max_hp_gain":0,"max_hp_loss":0,"event_name":"Lab","floor":2,"gold_loss":0}],"is_beta":false,"boss_relics":[],"items_purged_floors":[3],"is_endless":false,"potions_floor_spawned":[4],"killed_by":"Lagavulin","ascension_level":0}}