{"host":"sndfgesrkxbbj8ze","time":1613583085,"event":{"mods":["AchievementEnabler","BaseMod","Colored Powertips","Minty Spire (QoL Compilation)","StSLib","The Hierophant"],"gold_per_floor":[109,128,128,128,27,55,65,80,80,114,128,128,128],"floor_reached":12,"language":"ENG","playtime":530,"items_purged":["Strike_G"],"score":121,"play_id":"b8f177ae-e565-41bb-b4fe-59e5de37812f","local_time":"20210217183125","is_ascension_mode":true,"campfire_choices":[],"circlet_count":0,"master_deck":["Strike_G","Strike_G","Strike_G","Defend_G","Defend_G","Defend_G","Defend_G","Defend_G","Survivor","Neutralize","Acrobatics","Deadly Poison","Choke","Poisoned Stab","Concentrate"],"relics":["Ring of the Snake","NeowsBlessing","Omamori","Question Card","Oddly Smooth Stone","Eternal Feather"],"acts_visited":["Exordium"],"potions_floor_usage":[],"damage_taken":[{"damage":0,"enemies":"Cultist","floor":1,"turns":1},{"damage":0,"enemies":"Small Slimes","floor":2,"turns":1},{"damage":0,"enemies":"Gremlin Nob","floor":6,"turns":1},{"damage":0,"enemies":"Jaw Worm","floor":7,"turns":4},{"damage":3,"enemies":"Gremlin Gang","floor":8,"turns":6},{"damage":24,"enemies":"3 Sentries","floor":10,"turns":13},{"damage":9,"enemies":"Large Slime","floor":11,"turns":8},{"damage":13,"enemies":"Lagavulin","floor":12,"turns":2}],"seed_played":"5884355327444968622","potions_obtained":[{"floor":2,"key":"Swift Potion"},{"floor":8,"key":"PowerPotion"}],"is_trial":false,"path_per_floor":["M","M","?","?","$","E","M","M","T","E","M","E"],"character_chosen":"THE_SILENT","items_purchased":["Poisoned Stab"],"campfire_rested":0,"item_purchase_floors":[5],"current_hp_per_floor":[70,70,45,45,45,45,45,42,42,18,9,0,0],"gold":128,"neow_bonus":"THREE_ENEMY_KILL","is_daily":false,"chose_seed":false,"campfire_upgraded":0,"win_rate":0.0,"timestamp":1613583085,"path_taken":["M","?","?","?","?","E","M","M","T","E","?","E"],"items_purchased_type":["Card"],"build_version":"2020-12-22","purchased_purges":1,"victory":false,"max_hp_per_floor":[70,70,70,70,70,70,70,70,70,70,70,70,70],"card_choices":[{"not_picked":["Sucker Punch","Calculated Gamble"],"picked":"Acrobatics","floor":1},{"not_picked":["Skewer","Reflex"],"picked":"Deadly Poison","floor":2},{"not_picked":["Acrobatics","Glass Knife","Accuracy"],"picked":"SKIP","floor":6},{"not_picked":["Flying Knee","Flechettes","Underhanded Strike","Outmaneuver"],"picked":"SKIP","floor":7},{"not_picked":["Deadly Poison","PiercingWail","Outmaneuver"],"picked":"Concentrate","floor":8},{"not_picked":["Dodge and Roll","Escape Plan","Masterful Stab","Dagger Throw"],"picked":"SKIP","floor":10},{"not_picked":["Expertise","Dash","Flying Knee","Deflect"],"picked":"SKIP","floor":11}],"player_experience":260524,"relics_obtained":[{"floor":6,"key":"Question Card"},{"floor":9,"key":"Oddly Smooth Stone"},{"floor":10,"key":"Eternal Feather"}],"event_choices":[{"damage_healed":0,"gold_gain":0,"player_choice":"Success","damage_taken":25,"relics_obtained":["Omamori"],"max_hp_gain":0,"max_hp_loss":0,"event_name":"Scrap Ooze","floor":3,"gold_loss":0},{"damage_healed":0,"gold_gain":0,"cards_transformed":["Strike_G"],"player_choice":"Change","damage_taken":0,"max_hp_gain":0,"max_hp_loss":0,"event_name":"Living Wall","floor":4,"gold_loss":0,"cards_obtained":["Choke"]}],"is_beta":false,"boss_relics":[],"items_purged_floors":[5],"is_endless":false,"potions_floor_spawned":[2,8],"killed_by":"Lagavulin","ascension_level":1}}