{"host":"s24sb66hw4a4sfft","time":1613535885,"event":{"mods":["AchievementEnabler","BaseMod","Colored Map","Colored Powertips","Googly Eyes","Hermit","Hubris","Minty Spire (QoL Compilation)","Quick Restart","Shop Mod","StSLib"],"gold_per_floor":[109,6,6,6,18,50,70,104,104,155,155,173,195,270,270,270,270],"floor_reached":16,"language":"ENG","playtime":450,"items_purged":[],"score":226,"play_id":"74d25443-69bd-459d-9b02-25836f7efbbc","local_time":"20210216232445","is_ascension_mode":true,"campfire_choices":[{"floor":11,"key":"REST"},{"floor":15,"key":"REST"}],"circlet_count":0,"master_deck":["AscendersBane","Strike_G","Strike_G","Strike_G","Strike_G","Strike_G","Defend_G+1","Defend_G","Defend_G","Defend_G+1","Defend_G","Survivor","Neutralize","Poisoned Stab","Dagger Spray","Dagger Spray","Deflect","Blade Dance","A Thousand Cuts","Noxious Fumes","Quick Slash"],"relics":["Ring of the Snake","NeowsBlessing","Centennial Puzzle","Pear","Smiling Mask","hubris:TenFootPole","hubris:AncientText","Odd Mushroom"],"acts_visited":["Exordium"],"potions_floor_usage":[8,16],"damage_taken":[{"damage":0,"enemies":"2 Louse","floor":1,"turns":1},{"damage":0,"enemies":"Cultist","floor":5,"turns":1},{"damage":0,"enemies":"Gremlin Nob","floor":6,"turns":1},{"damage":1,"enemies":"Jaw Worm","floor":7,"turns":3},{"damage":52,"enemies":"Lagavulin","floor":8,"turns":9},{"damage":0,"enemies":"Large Slime","floor":12,"turns":4},{"damage":6,"enemies":"The Mushroom Lair","floor":13,"turns":2},{"damage":22,"enemies":"Hexaghost","floor":16,"turns":9}],"seed_played":"4146080793654168654","potions_obtained":[{"floor":7,"key":"GamblersBrew"},{"floor":13,"key":"SteroidPotion"}],"is_trial":false,"path_per_floor":["M","$","?","?","M","E","M","E","T","T","R","M","?","?","R","B"],"character_chosen":"THE_SILENT","items_purchased":["Dagger Spray","Bane"],"campfire_rested":2,"item_purchase_floors":[2,2],"current_hp_per_floor":[59,59,46,46,46,56,55,3,3,3,25,25,19,14,36,14,14],"gold":270,"neow_bonus":"THREE_ENEMY_KILL","is_daily":false,"chose_seed":false,"campfire_upgraded":0,"win_rate":0.0,"timestamp":1613535885,"path_taken":["M","$","?","?","M","E","?","E","T","?","R","M","?","?","R","BOSS"],"items_purchased_type":["Card","Card"],"build_version":"2020-12-22","purchased_purges":0,"victory":false,"max_hp_per_floor":[66,66,66,66,66,76,76,76,76,76,76,76,76,76,76,76,76],"card_choices":[{"not_picked":["Blade Dance","Dodge and Roll"],"picked":"Poisoned Stab","floor":1},{"not_picked":["Tactician","Blade Dance"],"picked":"Dagger Spray","floor":5},{"not_picked":["Choke","Tactician"],"picked":"Deflect","floor":6},{"not_picked":["Deflect","Blur"],"picked":"Blade Dance","floor":7},{"not_picked":["Dodge and Roll","Outmaneuver"],"picked":"A Thousand Cuts","floor":8},{"not_picked":["Deflect","Skewer"],"picked":"Noxious Fumes","floor":12},{"not_picked":["Underhanded Strike","hubris:SlightOfHand"],"picked":"Quick Slash","floor":13}],"player_experience":645723,"relics_obtained":[{"floor":6,"key":"Pear"},{"floor":8,"key":"Smiling Mask"},{"floor":9,"key":"hubris:TenFootPole"},{"floor":10,"key":"hubris:AncientText"},{"floor":13,"key":"Odd Mushroom"}],"event_choices":[{"damage_healed":0,"gold_gain":0,"player_choice":"Entered Light","damage_taken":13,"max_hp_gain":0,"max_hp_loss":0,"event_name":"Shining Light","floor":3,"gold_loss":0,"cards_upgraded":["Defend_G","Defend_G"]},{"cards_removed":["Bane"],"damage_healed":0,"gold_gain":0,"player_choice":"Gave Card","damage_taken":0,"relics_obtained":["Centennial Puzzle"],"max_hp_gain":0,"max_hp_loss":0,"event_name":"WeMeetAgain","floor":4,"gold_loss":0},{"damage_healed":0,"gold_gain":0,"player_choice":"Fought Mushrooms","damage_taken":0,"max_hp_gain":0,"max_hp_loss":0,"event_name":"Mushrooms","floor":13,"gold_loss":0},{"damage_healed":0,"gold_gain":75,"player_choice":"Gather Gold","damage_taken":11,"max_hp_gain":0,"max_hp_loss":0,"event_name":"World of Goop","floor":14,"gold_loss":0}],"is_beta":false,"boss_relics":[],"items_purged_floors":[],"is_endless":false,"potions_floor_spawned":[7,13],"killed_by":"Hexaghost","ascension_level":14}}