{"host":"ibckqdmmf9y74ymf","time":1613528234,"event":{"mods":["2.2 Compatiblity","BaseMod","Colored Map","Curses Come First","Highlight Path","Minty Spire (QoL Compilation)","Quick Restart","Rare Cards Sparkle","Relic Stats","StSLib"],"gold_per_floor":[112,129,140,156,156,156,73,105,105,123,143,174,174,205,205,282,282,302,302,302,56,81,112,112,122,197,229,229,245,278,297,297,375,375,389,389,408,420,420,452,452,484,484,504,504,514,844,138,138,138,138,138,138,51,79,79],"floor_reached":57,"language":"ENG","playtime":8470,"items_purged":["Strike_R"],"score":2865,"play_id":"0789b14b-812f-48fb-8a75-14103101bdf3","local_time":"20210217031714","is_ascension_mode":true,"campfire_choices":[{"floor":6.0,"key":"REST"},{"data":"Bash","floor":15.0,"key":"SMITH"},{"data":"Feel No Pain","floor":24.0,"key":"SMITH"},{"data":"Shockwave","floor":28.0,"key":"SMITH"},{"data":"Fiend Fire","floor":32.0,"key":"SMITH"},{"data":"Feed","floor":41.0,"key":"SMITH"},{"data":"Burning Pact","floor":45.0,"key":"SMITH"},{"floor":49.0,"key":"RECALL"},{"data":"Impervious","floor":53.0,"key":"SMITH"}],"circlet_count":0,"master_deck":["AscendersBane","Strike_R","Strike_R","Strike_R","Strike_R","Defend_R","Defend_R","Defend_R","Defend_R","Bash+1","Heavy Blade","Headbutt","True Grit","Carnage+1","Impervious+1","Spot Weakness","Shockwave+1","Shrug It Off","Corruption","CurseOfTheBell","Shrug It Off","Feel No Pain+1","Burning Pact+1","Fiend Fire+1","Feed+1","Dark Embrace","Uppercut","Blood for Blood+1","Uppercut+1","Power Through","Body Slam+1","Shrug It Off","Exhume"],"relics":["Snecko Eye","Regal Pillow","Ginger","Meat on the Bone","Orichalcum","Du-Vu Doll","Calling Bell","Boot","Ornamental Fan","Bird Faced Urn","Nilry\u0027s Codex","Medical Kit","Bronze Scales","Happy Flower","Self Forming Clay","Letter Opener","InkBottle","Philosopher\u0027s Stone","Akabeko","Toy Ornithopter","Old Coin","OrangePellets","FossilizedHelix","TungstenRod"],"acts_visited":["Exordium","TheCity","TheBeyond","TheEnding"],"potions_floor_usage":[56,56],"damage_taken":[{"damage":5.0,"enemies":"2 Louse","floor":1.0,"turns":4.0},{"damage":2.0,"enemies":"Jaw Worm","floor":2.0,"turns":2.0},{"damage":4.0,"enemies":"Small Slimes","floor":3.0,"turns":3.0},{"damage":19.0,"enemies":"3 Louse","floor":4.0,"turns":4.0},{"damage":25.0,"enemies":"Lagavulin","floor":8.0,"turns":4.0},{"damage":2.0,"enemies":"Exordium Wildlife","floor":10.0,"turns":3.0},{"damage":14.0,"enemies":"Large Slime","floor":11.0,"turns":6.0},{"damage":8.0,"enemies":"Gremlin Nob","floor":12.0,"turns":3.0},{"damage":9.0,"enemies":"Lagavulin","floor":14.0,"turns":4.0},{"damage":21.0,"enemies":"The Guardian","floor":16.0,"turns":7.0},{"damage":0.0,"enemies":"Spheric Guardian","floor":18.0,"turns":3.0},{"damage":10.0,"enemies":"Slavers","floor":23.0,"turns":4.0},{"damage":0.0,"enemies":"3 Byrds","floor":25.0,"turns":3.0},{"damage":12.0,"enemies":"Book of Stabbing","floor":27.0,"turns":4.0},{"damage":0.0,"enemies":"Centurion and Healer","floor":29.0,"turns":5.0},{"damage":11.0,"enemies":"Slavers","floor":30.0,"turns":4.0},{"damage":1.0,"enemies":"Cultist and Chosen","floor":31.0,"turns":4.0},{"damage":18.0,"enemies":"Collector","floor":33.0,"turns":6.0},{"damage":6.0,"enemies":"Orb Walker","floor":35.0,"turns":3.0},{"damage":1.0,"enemies":"3 Darklings","floor":37.0,"turns":5.0},{"damage":24.0,"enemies":"Writhing Mass","floor":38.0,"turns":5.0},{"damage":17.0,"enemies":"Nemesis","floor":40.0,"turns":7.0},{"damage":0.0,"enemies":"Reptomancer","floor":42.0,"turns":3.0},{"damage":0.0,"enemies":"Transient","floor":44.0,"turns":6.0},{"damage":8.0,"enemies":"Jaw Worm Horde","floor":46.0,"turns":3.0},{"damage":4.0,"enemies":"Giant Head","floor":47.0,"turns":5.0},{"damage":35.0,"enemies":"Awakened One","floor":50.0,"turns":11.0},{"damage":15.0,"enemies":"Time Eater","floor":51.0,"turns":5.0},{"damage":33.0,"enemies":"Shield and Spear","floor":55.0,"turns":6.0},{"damage":19,"enemies":"The Heart","floor":56,"turns":9}],"seed_played":"8222255378411881089","potions_obtained":[{"floor":1.0,"key":"Fruit Juice"},{"floor":3.0,"key":"SpeedPotion"},{"floor":4.0,"key":"SmokeBomb"},{"floor":8.0,"key":"Regen Potion"},{"floor":12.0,"key":"AttackPotion"},{"floor":29.0,"key":"Explosive Potion"},{"floor":30.0,"key":"Energy Potion"},{"floor":55.0,"key":"Fire Potion"}],"is_trial":true,"path_per_floor":["M","M","M","M","?","R","$","E","T","M","M","E","?","E","R","B",null,"M","?","?","$","T","E","R","M","T","E","R","M","E","M","R","B",null,"M","?","M","M","?","E","R","E","T","M","R","M","E","$","R","B","B",null,"R","$","E","B",null],"character_chosen":"IRONCLAD","items_purchased":["Carnage","Feel No Pain","Medical Kit","OrangePellets","FossilizedHelix","Shrug It Off","EssenceOfSteel","Exhume"],"campfire_rested":1,"item_purchase_floors":[7,21,21,48,48,48,48,54],"current_hp_per_floor":[63,61,57,43,8,47,47,22,22,32,30,34,34,49,49,40,70,72,72,51,51,51,45,45,45,45,51,51,55,46,49,49,43,71,65,65,72,54,54,47,47,57,57,63,63,66,68,68,68,47,50,73,73,73,52,53],"gold":79,"neow_bonus":"","is_daily":false,"chose_seed":false,"campfire_upgraded":7,"win_rate":0.0,"timestamp":1613528234,"path_taken":["M","M","M","M","?","R","$","E","T","M","M","E","?","E","R","BOSS","M","?","?","$","?","E","R","M","T","E","R","M","E","M","R","BOSS","M","?","M","M","?","E","R","E","T","M","R","M","E","$","R","BOSS","BOSS","R","$","E","BOSS"],"items_purchased_type":["Card","Card","Relic","Relic","Relic","Card","Potion","Card"],"build_version":"2020-12-22","purchased_purges":1,"victory":true,"max_hp_per_floor":[75,75,75,80,80,80,80,80,80,80,80,80,80,80,80,80,80,80,80,80,80,80,80,80,80,80,80,80,80,80,80,80,80,80,80,76,76,76,76,76,76,80,80,80,80,80,80,80,80,80,80,80,80,80,84,84],"relic_stats":{"Regal Pillow":15,"Happy Flower":[31],"counters":[30,141],"Self Forming Clay":[117],"Ginger":[10],"Letter Opener":[187],"Orichalcum":[72],"Boot":[4],"Medical Kit":[21],"OrangePellets":[6],"Ornamental Fan":[108],"Bird Faced Urn":[120],"Bronze Scales":[403],"Snecko Eye":[213,218,257,217],"obtain_stats":[{"Regal Pillow":5,"Happy Flower":23,"Nilry\u0027s Codex":20,"Self Forming Clay":26,"Ginger":8,"Letter Opener":27,"Orichalcum":12,"Boot":17,"Medical Kit":21,"Akabeko":40,"Old Coin":47,"Du-Vu Doll":14,"Calling Bell":17,"OrangePellets":48,"Ornamental Fan":17,"Bird Faced Urn":17,"Bronze Scales":22,"Snecko Eye":0,"Philosopher\u0027s Stone":34,"InkBottle":30,"Toy Ornithopter":42,"FossilizedHelix":48,"TungstenRod":55,"Meat on the Bone":9},{"Regal Pillow":4,"Happy Flower":12,"Nilry\u0027s Codex":11,"Self Forming Clay":13,"Ginger":5,"Letter Opener":14,"Orichalcum":8,"Boot":10,"Medical Kit":11,"Akabeko":22,"Old Coin":26,"Du-Vu Doll":9,"Calling Bell":10,"OrangePellets":26,"Ornamental Fan":10,"Bird Faced Urn":10,"Bronze Scales":11,"Snecko Eye":0,"Philosopher\u0027s Stone":18,"InkBottle":16,"Toy Ornithopter":23,"FossilizedHelix":26,"TungstenRod":29,"Meat on the Bone":5},{"Regal Pillow":13,"Happy Flower":47,"Nilry\u0027s Codex":43,"Self Forming Clay":50,"Ginger":17,"Letter Opener":54,"Orichalcum":29,"Boot":40,"Medical Kit":43,"Akabeko":93,"Old Coin":110,"Du-Vu Doll":33,"Calling Bell":40,"OrangePellets":110,"Ornamental Fan":40,"Bird Faced Urn":40,"Bronze Scales":43,"Snecko Eye":0,"Philosopher\u0027s Stone":73,"InkBottle":63,"Toy Ornithopter":96,"FossilizedHelix":110,"TungstenRod":132,"Meat on the Bone":17}],"InkBottle":[34],"Toy Ornithopter":15,"TungstenRod":9,"Meat on the Bone":84},"card_choices":[{"not_picked":["Searing Blow","Pommel Strike"],"picked":"Heavy Blade","floor":1.0},{"not_picked":["Wild Strike","Ghostly Armor"],"picked":"Headbutt","floor":2.0},{"not_picked":["Intimidate","Anger","Armaments"],"picked":"SKIP","floor":3.0},{"not_picked":["Sword Boomerang","Body Slam"],"picked":"True Grit","floor":4.0},{"not_picked":["Uppercut","Pommel Strike"],"picked":"Impervious","floor":8.0},{"not_picked":["Carnage","Anger"],"picked":"Spot Weakness","floor":10.0},{"not_picked":["Disarm","Cleave"],"picked":"Shockwave","floor":11.0},{"not_picked":["Warcry","Spot Weakness","Body Slam"],"picked":"SKIP","floor":12.0},{"not_picked":["Warcry","Spot Weakness","Body Slam"],"picked":"SKIP","floor":12.0},{"not_picked":["True Grit","Twin Strike"],"picked":"Shrug It Off","floor":14.0},{"not_picked":["Exhume","Brutality"],"picked":"Corruption","floor":16.0},{"not_picked":["Cleave","Armaments"],"picked":"Shrug It Off","floor":18.0},{"not_picked":["Warcry","Offering","Searing Blow"],"picked":"SKIP","floor":23.0},{"not_picked":["Body Slam+1","Anger","Combust"],"picked":"SKIP","floor":25.0},{"not_picked":["Havoc","Body Slam+1"],"picked":"Burning Pact","floor":27.0},{"not_picked":["Entrench","Heavy Blade"],"picked":"Fiend Fire","floor":29.0},{"not_picked":["Sword Boomerang","Cleave","Flex"],"picked":"SKIP","floor":30.0},{"not_picked":["Seeing Red","Whirlwind+1","Clothesline"],"picked":"SKIP","floor":31.0},{"not_picked":["Corruption","Limit Break"],"picked":"Feed","floor":33.0},{"not_picked":["Headbutt","Cleave"],"picked":"Dark Embrace","floor":35.0},{"not_picked":["Clash","Rage"],"picked":"Uppercut","floor":37.0},{"not_picked":["Sentinel","Heavy Blade"],"picked":"Blood for Blood+1","floor":38.0},{"not_picked":["Rampage+1","Perfected Strike+1","Hemokinesis"],"picked":"SKIP","floor":40.0},{"not_picked":["Sever Soul+1","Shockwave"],"picked":"Uppercut+1","floor":42.0},{"not_picked":["Sever Soul","Seeing Red+1","Intimidate"],"picked":"SKIP","floor":44.0},{"not_picked":["Combust","Ghostly Armor"],"picked":"Power Through","floor":46.0},{"not_picked":["Pummel+1","Flex"],"picked":"Body Slam+1","floor":47.0},{"not_picked":["Bloodletting","Body Slam","Immolate"],"picked":"SKIP","floor":55.0}],"player_experience":732359,"relics_obtained":[{"floor":8.0,"key":"Ginger"},{"floor":9.0,"key":"Meat on the Bone"},{"floor":12.0,"key":"Orichalcum"},{"floor":14.0,"key":"Du-Vu Doll"},{"floor":17.0,"key":"Boot"},{"floor":17.0,"key":"Ornamental Fan"},{"floor":17.0,"key":"Bird Faced Urn"},{"floor":20.0,"key":"Nilry\u0027s Codex"},{"floor":22.0,"key":"Bronze Scales"},{"floor":23.0,"key":"Happy Flower"},{"floor":26.0,"key":"Self Forming Clay"},{"floor":27.0,"key":"Letter Opener"},{"floor":30.0,"key":"InkBottle"},{"floor":40.0,"key":"Akabeko"},{"floor":42.0,"key":"Toy Ornithopter"},{"floor":47.0,"key":"Old Coin"},{"floor":55.0,"key":"TungstenRod"}],"event_choices":[{"damage_healed":0.0,"max_hp_gain":0.0,"max_hp_loss":0.0,"gold_gain":0.0,"event_name":"Scrap Ooze","player_choice":"Success","floor":5.0,"gold_loss":0.0,"damage_taken":35.0,"relics_obtained":["Regal Pillow"]},{"damage_healed":0.0,"max_hp_gain":0.0,"max_hp_loss":0.0,"gold_gain":0.0,"event_name":"Living Wall","player_choice":"Grow","floor":13.0,"gold_loss":0.0,"damage_taken":0.0,"cards_upgraded":["Carnage"]},{"damage_healed":0.0,"max_hp_gain":0.0,"max_hp_loss":0.0,"gold_gain":0.0,"event_name":"Ghosts","player_choice":"Ignored","floor":19.0,"gold_loss":0.0,"damage_taken":0.0},{"damage_healed":0.0,"max_hp_gain":0.0,"max_hp_loss":0.0,"gold_gain":0.0,"event_name":"Cursed Tome","player_choice":"Obtained Book","floor":20.0,"gold_loss":0.0,"damage_taken":21.0},{"damage_healed":0.0,"max_hp_gain":0.0,"max_hp_loss":4.0,"gold_gain":0.0,"event_name":"Winding Halls","player_choice":"Max HP","floor":36.0,"gold_loss":0.0,"damage_taken":0.0},{"damage_healed":0.0,"max_hp_gain":0.0,"max_hp_loss":0.0,"gold_gain":0.0,"event_name":"SecretPortal","player_choice":"Ignored","floor":39.0,"gold_loss":0.0,"damage_taken":0.0}],"is_beta":false,"boss_relics":[{"not_picked":["Empty Cage","Ectoplasm"],"picked":"Calling Bell"},{"not_picked":["Sozu","Coffee Dripper"],"picked":"Philosopher\u0027s Stone"}],"items_purged_floors":[48],"is_endless":false,"potions_floor_spawned":[1,3,4,8,12,29,30,35,37,40,44,55],"ascension_level":20}}