{"host":"jx3f6ezc0g3s9edc","time":1613522661,"event":{"mods":["AchievementEnabler","BaseMod","Bestiary","Colored Map","Highlight Path","Minty Spire (QoL Compilation)","StSLib"],"gold_per_floor":[114,289,305,321,18,45,45,0,0,27,27,27,38,68,68,68,68],"floor_reached":16,"language":"ENG","playtime":696,"items_purged":["Doubt"],"score":118,"play_id":"a9762cd2-4ff4-4f36-b693-231f552fc6c4","local_time":"20210216194421","is_ascension_mode":false,"campfire_choices":[{"data":"Armaments","floor":7,"key":"SMITH"},{"floor":12,"key":"REST"},{"data":"Heavy Blade","floor":15,"key":"SMITH"}],"circlet_count":0,"master_deck":["Strike_R","Strike_R","Strike_R","Strike_R","Strike_R","Defend_R","Defend_R","Defend_R","Defend_R","Bash","Seeing Red","Armaments+1","Iron Wave","Shrug It Off","Body Slam+1","Heavy Blade+1","Disarm","Cleave","Clothesline"],"relics":["Runic Cube","Brimstone","Incense Burner","TungstenRod","Ornamental Fan","Torii"],"acts_visited":["Exordium"],"potions_floor_usage":[6],"damage_taken":[{"damage":11,"enemies":"Jaw Worm","floor":1,"turns":4},{"damage":5,"enemies":"2 Louse","floor":3,"turns":4},{"damage":7,"enemies":"Small Slimes","floor":4,"turns":5},{"damage":20,"enemies":"Lagavulin","floor":6,"turns":3},{"damage":7,"enemies":"Gremlin Nob","floor":10,"turns":3},{"damage":0,"enemies":"Red Slaver","floor":13,"turns":3},{"damage":15,"enemies":"Lagavulin","floor":14,"turns":4},{"damage":0,"enemies":"The Guardian","floor":16,"turns":1}],"seed_played":"4382772767110009642","potions_obtained":[{"floor":1,"key":"SpeedPotion"},{"floor":3,"key":"EssenceOfSteel"},{"floor":14,"key":"SkillPotion"}],"is_trial":false,"path_per_floor":["M","?","M","M","$","E","R","?","T","E","?","R","M","E","R","B"],"character_chosen":"IRONCLAD","items_purchased":["Shrug It Off","Brimstone","Body Slam"],"campfire_rested":1,"item_purchase_floors":[5,5,5],"current_hp_per_floor":[69,69,64,57,57,37,37,37,37,30,30,54,54,39,39,39,39],"gold":68,"neow_bonus":"BOSS_RELIC","is_daily":false,"chose_seed":false,"campfire_upgraded":2,"win_rate":0.0,"timestamp":1613522661,"path_taken":["M","?","M","M","$","E","R","?","T","E","?","R","M","E","R","BOSS"],"items_purchased_type":["Card","Relic","Card"],"build_version":"2020-12-22","purchased_purges":1,"victory":false,"max_hp_per_floor":[80,80,80,80,80,80,80,80,80,80,80,80,80,80,80,80,80],"card_choices":[{"not_picked":["Body Slam","Clash"],"picked":"Seeing Red","floor":1},{"not_picked":["Iron Wave","Corruption"],"picked":"Armaments","floor":3},{"not_picked":["Disarm","Havoc"],"picked":"Iron Wave","floor":4},{"not_picked":["Dark Embrace","Burning Pact"],"picked":"Heavy Blade","floor":6},{"not_picked":["Pommel Strike","Searing Blow"],"picked":"Disarm","floor":10},{"not_picked":["Thunderclap","Metallicize"],"picked":"Cleave","floor":13},{"not_picked":["Double Tap","Wild Strike"],"picked":"Clothesline","floor":14}],"player_experience":876856,"relics_obtained":[{"floor":6,"key":"Incense Burner"},{"floor":9,"key":"TungstenRod"},{"floor":10,"key":"Ornamental Fan"},{"floor":14,"key":"Torii"}],"event_choices":[{"damage_healed":0,"gold_gain":175,"player_choice":"AGREE","damage_taken":0,"max_hp_gain":0,"max_hp_loss":0,"event_name":"Liars Game","floor":2,"gold_loss":0,"cards_obtained":["Doubt"]},{"damage_healed":0,"gold_gain":0,"player_choice":"Left Gold","damage_taken":0,"max_hp_gain":0,"max_hp_loss":0,"event_name":"World of Goop","floor":8,"gold_loss":45},{"damage_healed":0,"gold_gain":0,"player_choice":"Forge","damage_taken":0,"max_hp_gain":0,"max_hp_loss":0,"event_name":"Accursed Blacksmith","floor":11,"gold_loss":0,"cards_upgraded":["Body Slam"]}],"is_beta":false,"boss_relics":[],"items_purged_floors":[5],"is_endless":false,"potions_floor_spawned":[1,3,14],"killed_by":"The Guardian","ascension_level":0}}