{"host":"bc298c4gavna5tx2","time":1613532838,"event":{"mods":["ATMod(阿瑾Mod)","Act Like it!","BaseMod","Challenge The Spire","Energized Spire","Lobotomy","LobotomyExtend","Minty Spire (QoL Compilation)","MostiFishMod","Quarter Circle Forward PUNCH!","Quick Restart","Replay The Spire","Spicy Shops","StSLib","The Marked","【功能Mod】混沌之环修复补丁","【功能Mod】聪明的最终Boss","【遗物卡牌】REMEMod"],"gold_per_floor":[113,45,45,45,56,56,72,72,72,103,103,120,45,64,64,159,159,179,179,189,189,204,204,222,222,222],"floor_reached":25,"language":"ZHS","playtime":790,"items_purged":["theMarked:Strike"],"score":203,"play_id":"f94214ba-71c0-469c-9bda-cc7ef37242af","local_time":"20210217113358","is_ascension_mode":false,"campfire_choices":[{"data":"theMarked:RogueSparks","floor":6.0,"key":"SMITH"},{"data":"theMarked:SoldierOfQuellstein","floor":8.0,"key":"SMITH"},{"floor":15.0,"key":"REST"},{"data":"theMarked:TakeOffHeels","floor":23,"key":"SMITH"}],"circlet_count":0,"master_deck":["theMarked:Strike","theMarked:Strike","theMarked:Strike","theMarked:Defend","theMarked:Defend","theMarked:Defend+1","theMarked:SoldierOfQuellstein+1","theMarked:Abjuration+1","theMarked:RogueSparks+1","theMarked:Convert","theMarked:ComboAttacks","theMarked:ThrowWeapon","theMarked:TakeOffHeels+1","theMarked:MuscleMemory","theMarked:Generate+1","theMarked:EmpowerWeapon+1"],"relics":["theMarked:ArtifactOfAir","AT_ATBox","DaveBox","REME_ComplimentaryCards","HaiYi:Twilight","NeowsBlessing","SynthV:TestCard","LetterFromLob","Mercury Hourglass","energizedSpire:CursedPentagram"],"acts_visited":["Exordium","TheCity"],"potions_floor_usage":[],"damage_taken":[{"damage":0.0,"enemies":"Jaw Worm","floor":1.0,"turns":1.0},{"damage":0.0,"enemies":"Cultist","floor":5.0,"turns":1.0},{"damage":0.0,"enemies":"2 Louse","floor":7.0,"turns":1.0},{"damage":41.0,"enemies":"Gremlin Nob","floor":10.0,"turns":5.0},{"damage":0.0,"enemies":"Lots of Slimes","floor":12.0,"turns":3.0},{"damage":0.0,"enemies":"Gremlin Gang","floor":14.0,"turns":3.0},{"damage":24.0,"enemies":"The Guardian","floor":16.0,"turns":8.0},{"damage":8,"enemies":"Shell Parasite","floor":18,"turns":5},{"damage":15,"enemies":"3 Byrds","floor":20,"turns":4},{"damage":11,"enemies":"Snake Plant","floor":22,"turns":4},{"damage":28,"enemies":"Sentry and Sphere","floor":24,"turns":5},{"damage":3,"enemies":"3 Cultists","floor":25,"turns":2}],"seed_played":"547941380942759345","potions_obtained":[{"floor":1.0,"key":"Adrenaline Potion"},{"floor":7.0,"key":"Adrenaline Potion"},{"floor":10.0,"key":"Death Potion"},{"floor":20,"key":"Reflective Coating"},{"floor":24,"key":"theMarked:ChargePotion"}],"is_trial":false,"path_per_floor":["M","$","?","?","M","R","M","R","T","E","?","M","$","M","R","B",null,"M","?","M","?","M","R","M","M"],"character_chosen":"THE_DEFAULT","items_purchased":["theMarked:RogueSparks"],"campfire_rested":1,"item_purchase_floors":[2],"current_hp_per_floor":[72,72,58,58,58,58,58,58,58,17,17,17,17,17,38,14,72,64,64,49,42,31,31,3,0,0],"gold":222,"neow_bonus":"THREE_ENEMY_KILL","is_daily":false,"chose_seed":false,"campfire_upgraded":3,"win_rate":0.0,"timestamp":1613532838,"path_taken":["M","$","?","?","?","R","M","R","T","E","?","?","$","?","R","BOSS","M","?","M","?","M","R","?","M"],"items_purchased_type":["Card"],"build_version":"2020-12-22","purchased_purges":1,"victory":false,"max_hp_per_floor":[72,72,72,72,72,72,72,72,72,72,72,72,72,72,72,72,72,72,72,72,72,72,72,72,72,72],"card_choices":[{"not_picked":["theMarked:WastefulAttack","theMarked:HeightenedSenses","theMarked:ElectricStrings"],"picked":"SKIP","floor":1.0},{"not_picked":["theMarked:EmpowerWeapon","theMarked:Overthink","theMarked:ResourceFulStrike","theMarked:BanishingStrike","theMarked:WardOff"],"picked":"SKIP","floor":5.0},{"not_picked":["theMarked:Aftermath","theMarked:WardOff","theMarked:Overthink","theMarked:RepellingDischarge"],"picked":"theMarked:Convert","floor":7.0},{"not_picked":["theMarked:Frustration","theMarked:GodGivenPower","theMarked:Polarize","theMarked:OneWithTheBlade"],"picked":"theMarked:ComboAttacks","floor":10.0},{"not_picked":["theMarked:BanishingStrike","theMarked:PowerFlow","theMarked:TwofoldDefense","theMarked:Overthink"],"picked":"theMarked:ThrowWeapon","floor":12.0},{"not_picked":["theMarked:Pokerface","theMarked:BanishingStrike","theMarked:Overcharge","theMarked:KeepCalmAndFight","theMarked:WastefulAttack"],"picked":"SKIP","floor":14.0},{"not_picked":["theMarked:MagusForm","theMarked:Toughness","theMarked:ThrowWeapon","theMarked:FavorableWinds"],"picked":"theMarked:TakeOffHeels","floor":16.0},{"not_picked":["theMarked:TwofoldDefense","theMarked:ChainLightning","theMarked:TunnelVision","theMarked:Memento"],"picked":"theMarked:MuscleMemory","floor":18},{"not_picked":["theMarked:BanishingStrike","theMarked:Parkour","theMarked:ElectricStrings+1","theMarked:Improvise"],"picked":"theMarked:Generate+1","floor":20},{"not_picked":["theMarked:Convert+1","theMarked:Static","theMarked:BanishingStrike","theMarked:Parkour+1"],"picked":"theMarked:EmpowerWeapon+1","floor":22},{"not_picked":["theMarked:RogueSparks+1","theMarked:Electrify","theMarked:Memento","theMarked:WastefulAttack","theMarked:Static"],"picked":"SKIP","floor":24}],"player_experience":141985,"relics_obtained":[{"floor":1.0,"key":"SynthV:TestCard"},{"floor":1.0,"key":"LetterFromLob"},{"floor":10.0,"key":"Mercury Hourglass"}],"event_choices":[{"damage_healed":0.0,"max_hp_gain":0.0,"max_hp_loss":0.0,"gold_gain":0.0,"event_name":"Shining Light","player_choice":"Entered Light","floor":3.0,"gold_loss":0.0,"damage_taken":14.0,"cards_upgraded":["theMarked:Defend","theMarked:Abjuration"]},{"cards_removed":["theMarked:Strike"],"damage_healed":0.0,"max_hp_gain":0.0,"max_hp_loss":0.0,"gold_gain":0.0,"event_name":"Bonfire Elementals","player_choice":"Offered Basic","floor":4.0,"gold_loss":0.0,"damage_taken":0.0},{"cards_removed":["theMarked:Defend"],"damage_healed":0.0,"max_hp_gain":0.0,"max_hp_loss":0.0,"gold_gain":0.0,"event_name":"Purifier","player_choice":"Purged","floor":11.0,"gold_loss":0.0,"damage_taken":0.0},{"damage_healed":0,"gold_gain":0,"player_choice":"Ignored","damage_taken":0,"max_hp_gain":0,"max_hp_loss":0,"event_name":"Ghosts","floor":19,"gold_loss":0},{"damage_healed":0,"gold_gain":0,"player_choice":"Damaged","damage_taken":7,"max_hp_gain":0,"max_hp_loss":0,"event_name":"Wheel of Change","floor":21,"gold_loss":0}],"is_beta":false,"boss_relics":[{"not_picked":["Snecko Eye","Runic Dome"],"picked":"energizedSpire:CursedPentagram"}],"items_purged_floors":[13],"is_endless":false,"potions_floor_spawned":[1,7,10,20,24],"killed_by":"3 Cultists","ascension_level":0}}