{"host":"qswkx8hggytna0kc","time":1613532931,"event":{"mods":["Aspiration","BaseMod","BetterRewards","Colored Map","Colored Powertips","Highlight Path","Hubris","Mimic Mod","Minty Spire (QoL Compilation)","MostiFishMod","Quick Restart","Replay The Spire","StSLib","SuperFastMode"],"gold_per_floor":[117,130,147,222,222,256,256,291,330,355,374,389,389,407,407,479,479,496,515,526,576,595,622,642,674,698,534,563,575,603,603,603,679,679,696,716,735,753,768,768,668,668,706,706,719,806,836,836,836,836,836,836,836,1163,1196,1196],"floor_reached":57,"language":"ZHS","playtime":2274,"items_purged":["Strike_B","Strike_B"],"score":3847,"play_id":"2276378b-6713-48fb-8b99-838e75ca0c1d","local_time":"20210217113531","is_ascension_mode":true,"campfire_choices":[{"data":"White Noise","floor":13,"key":"SMITH"},{"data":"Zap","floor":15,"key":"SMITH"},{"data":"MostiFishMod:LinkProtocol","floor":32,"key":"SMITH"},{"floor":40,"key":"RECALL"},{"data":"Scrape","floor":42,"key":"SMITH"},{"data":"White Noise","floor":49,"key":"SMITH"},{"data":"Turbo","floor":53,"key":"SMITH"}],"circlet_count":0,"master_deck":["AscendersBane","Defend_B","Defend_B+1","Defend_B","Defend_B+1","Zap+1","Dualcast","Beam Cell","Scrape+1","Turbo","Beam Cell","Hologram","MostiFishMod:GatherIntelligence","Beam Cell","Scrape","Gash","White Noise+1","Turbo+1","Gash","Chill","MostiFishMod:InterfaceCompatibility+1","Go for the Eyes+1","FTL","Gash","Scrape","Turbo","MostiFishMod:LinkProtocol+1","Beam Cell","Self Repair","Beam Cell","Beam Cell","Flash of Steel","MostiFishMod:TalkingToTheRain+1","Panic Button+1","Heatsinks","Reboot","FTL","Steam Power+1","Redo+1","ReplayTheSpireMod:Reroute Power","Go for the Eyes","ReplayTheSpireMod:Reroute Power","Gash+1","Crystallizer+1","Beam Cell+1","Crystallizer+1","Turbo+1","Panic Button","Hologram+1","MostiFishMod:Prepare","Scrape","White Noise+1","Core Surge","MostiFishMod:StarOceanB","Specialist"],"relics":["Cracked Core","DaveBox","BirthdayGift-Icosahedron","Prayer Wheel","SynthV:TestCard","aspiration:BabyByrd","Replay:Accelerometer","Whetstone","hubris:OldNail","Bottled Flame","aspiration:BursterCore","Replay:Baseball","Replay:Rubber Ducky","Simple Rune","ReplayTheSpireMod:Lightbulb","aspiration:SecretTechniqueScroll","Prayer Wheel","ThornShield","hubris:SlimyHat","CeramicFish","hubris:NiceRug","Bottled Tornado","Geode","Guide Book","Bag of Marbles"],"acts_visited":["Exordium","TheCity","TheBeyond","TheEnding"],"potions_floor_usage":[56,56],"damage_taken":[{"damage":0,"enemies":"Small Slimes","floor":1,"turns":3},{"damage":0,"enemies":"2 Louse","floor":2,"turns":1},{"damage":0,"enemies":"Cultist","floor":3,"turns":2},{"damage":0,"enemies":"Lagavulin","floor":6,"turns":3},{"damage":0,"enemies":"Replay:BlueRogue","floor":8,"turns":3},{"damage":0,"enemies":"Exordium Wildlife","floor":9,"turns":4},{"damage":0,"enemies":"3 Sentries","floor":10,"turns":2},{"damage":0,"enemies":"Exordium Wildlife","floor":11,"turns":2},{"damage":0,"enemies":"Gremlin Gang","floor":12,"turns":2},{"damage":0,"enemies":"3 Louse","floor":14,"turns":1},{"damage":0,"enemies":"Fading Forest","floor":16,"turns":11},{"damage":0,"enemies":"Chosen","floor":18,"turns":2},{"damage":0,"enemies":"Shell Parasite","floor":19,"turns":2},{"damage":0,"enemies":"3 Cultists","floor":20,"turns":2},{"damage":2,"enemies":"Shelled Parasite and Fungi","floor":22,"turns":2},{"damage":0,"enemies":"Replay:Snechameleon","floor":23,"turns":2},{"damage":6,"enemies":"Snake Plant","floor":24,"turns":2},{"damage":0,"enemies":"Slavers","floor":25,"turns":1},{"damage":0,"enemies":"Replay:Snechameleon","floor":28,"turns":2},{"damage":0,"enemies":"Cultist and Chosen","floor":29,"turns":2},{"damage":0,"enemies":"Book of Stabbing","floor":30,"turns":1},{"damage":0,"enemies":"Automaton","floor":33,"turns":2},{"damage":0,"enemies":"Orb Walker","floor":35,"turns":1},{"damage":0,"enemies":"3 Darklings","floor":36,"turns":1},{"damage":0,"enemies":"Maw","floor":37,"turns":3},{"damage":0,"enemies":"Writhing Mass","floor":38,"turns":2},{"damage":0,"enemies":"3 Darklings","floor":39,"turns":1},{"damage":0,"enemies":"Transient","floor":43,"turns":2},{"damage":0,"enemies":"Transient","floor":45,"turns":4},{"damage":0,"enemies":"Giant Head","floor":47,"turns":2},{"damage":0,"enemies":"Awakened One","floor":50,"turns":3},{"damage":0,"enemies":"Time Eater","floor":51,"turns":3},{"damage":0,"enemies":"hubris:Merchant","floor":54,"turns":3},{"damage":0,"enemies":"Shield and Spear","floor":55,"turns":1},{"damage":61,"enemies":"The Heart","floor":56,"turns":4}],"seed_played":"483259884340694722","potions_obtained":[{"floor":1,"key":"Explosive Potion"},{"floor":8,"key":"Cursed Concoction"},{"floor":10,"key":"Adrenaline Potion"},{"floor":19,"key":"FocusPotion"},{"floor":33,"key":"FairyPotion"},{"floor":54,"key":"FocusPotion"}],"is_trial":false,"path_per_floor":["M","M","M","?","?","E","?","E","MIM","E","M","M","R","M","R","B",null,"M","M","M","?","M","E","M","E","T","$","E","M","E","?","R","B",null,"M","M","M","M","M","R","NS","R","MIM","?","M","?","E","$","R","B","B",null,"R","$","E","B",null],"character_chosen":"DEFECT","items_purchased":["Flash of Steel"],"campfire_rested":0,"item_purchase_floors":[27],"current_hp_per_floor":[47,48,49,38,38,39,39,40,41,42,43,44,44,45,45,54,67,68,69,70,70,69,70,65,66,66,66,67,68,71,71,71,71,71,71,71,71,71,71,71,71,71,71,71,71,48,63,58,58,59,60,68,68,69,71,18],"gold":1196,"neow_bonus":"THREE_RARE_CARDS","is_daily":false,"chose_seed":false,"campfire_upgraded":6,"win_rate":0.0,"timestamp":1613532931,"path_taken":["M","M","M","?","?","E","?","E","MIM","E","M","M","R","M","R","BOSS","M","M","M","?","M","E","M","E","T","$","E","?","E","?","R","BOSS","M","?","M","M","M","R","NS","R","MIM","?","M","?","E","?","R","BOSS","BOSS","R","$","E","BOSS"],"items_purchased_type":["Card"],"build_version":"2020-12-22","purchased_purges":2,"victory":true,"max_hp_per_floor":[71,71,71,71,71,71,71,71,71,71,71,71,71,71,71,71,71,71,71,71,71,71,71,71,71,71,71,71,71,71,71,71,71,71,71,71,71,71,71,71,71,71,71,71,71,71,71,71,71,71,71,71,71,71,71,71],"card_choices":[{"not_picked":["MostiFishMod:ATRI","MostiFishMod:SeaWaves"],"picked":"ReplayTheSpireMod:Fabricate Wheel","floor":0},{"not_picked":["ReplayTheSpireMod:Calculation Training","Panic Button"],"picked":"Beam Cell","floor":1},{"not_picked":["Double Energy","Blizzard","Stack"],"picked":"SKIP","floor":1},{"not_picked":["MostiFishMod:PushDownKick","Barrage","Panic Button","Rip and Tear"],"picked":"Scrape","floor":2},{"not_picked":["Conserve Battery","Leap","Ball Lightning","MostiFishMod:Exploitation"],"picked":"Turbo","floor":2},{"not_picked":["Coolheaded","Redo","BasicCrystalCard","Barrage"],"picked":"Beam Cell","floor":3},{"not_picked":["Rip and Tear","Multi-Cast","Conserve Battery","Steam"],"picked":"Hologram","floor":3},{"not_picked":["Hyperbeam","Coolheaded","BootSequence","ReplayTheSpireMod:Calculation Training"],"picked":"Beam Cell","floor":6},{"not_picked":["Reprogram","Capacitor","Tempest","Cold Snap","Reinforced Body"],"picked":"SKIP","floor":8},{"not_picked":["Conserve Battery","Coolheaded","Sweeping Beam","Ball Lightning"],"picked":"Beam Cell","floor":9},{"not_picked":["Compile Driver","Coolheaded","Aggregate","Loop"],"picked":"Scrape","floor":10},{"not_picked":["Cold Snap","MostiFishMod:Exploitation","Rip and Tear","Steam Power"],"picked":"Gash","floor":11},{"not_picked":["Leap","BasicCrystalCard","Compile Driver","Redo"],"picked":"White Noise","floor":11},{"not_picked":["MostiFishMod:IceShield","BasicCrystalCard","Crystallizer","Stack"],"picked":"Turbo","floor":12},{"not_picked":["ReplayTheSpireMod:System Scan","MostiFishMod:ATRI","Leap","Steam"],"picked":"Gash","floor":12},{"not_picked":["Fusion","Rebound","Genetic Algorithm","Double Energy"],"picked":"Chill","floor":14},{"not_picked":["Amplify","Cold Snap","Coolheaded","Sunder","Ball Lightning"],"picked":"SKIP","floor":14},{"not_picked":["hubris:DoWhile","Meteor Strike","Echo Form","MostiFishMod:Culaccino"],"picked":"MostiFishMod:InterfaceCompatibility","floor":16},{"not_picked":["Compile Driver","Sweeping Beam","BootSequence","Redo"],"picked":"Go for the Eyes+1","floor":18},{"not_picked":["Turbo","Rebound","Redo","Darkness","ReplayTheSpireMod:GoodbyeWorld"],"picked":"SKIP","floor":18},{"not_picked":["Turbo","Rebound","Redo","Darkness","ReplayTheSpireMod:GoodbyeWorld"],"picked":"SKIP","floor":18},{"not_picked":["Conserve Battery+1","MostiFishMod:ReadyAimFire","Blizzard","Compile Driver"],"picked":"FTL","floor":19},{"not_picked":["Redo","Coolheaded","Hologram","MostiFishMod:PushDownKick"],"picked":"Gash","floor":19},{"not_picked":["BasicCrystalCard","Streamline","Auto Shields","Sweeping Beam"],"picked":"Scrape","floor":20},{"not_picked":["hubris:Ukulele","Chaos","Sweeping Beam","Streamline","Auto Shields"],"picked":"SKIP","floor":20},{"not_picked":["Coolheaded+1","hubris:Prefetch","Static Discharge","Steam+1"],"picked":"Turbo","floor":22},{"not_picked":["MostiFishMod:PushDownKick","Rebound","Compile Driver","Conserve Battery+1"],"picked":"MostiFishMod:LinkProtocol","floor":22},{"not_picked":["Cold Snap","Sunder","hubris:SpecializedCircuitry","Leap"],"picked":"Beam Cell","floor":23},{"not_picked":["Doom and Gloom","Streamline","Coolheaded","Hello World"],"picked":"Self Repair","floor":24},{"not_picked":["Redo","Stack","MostiFishMod:PushDownKick","ReplaySolidLightProjector"],"picked":"Beam Cell","floor":24},{"not_picked":["Ball Lightning","Barrage+1","Chaos+1","Reinforced Body"],"picked":"Beam Cell","floor":25},{"not_picked":["Cold Snap","MostiFishMod:FluxCapactior","Genetic Algorithm","Conserve Battery"],"picked":"MostiFishMod:TalkingToTheRain","floor":28},{"not_picked":["Rip and Tear","ReplayTheSpireMod:Calculation Training","ReplaySolidLightProjector","Turbo"],"picked":"Panic Button+1","floor":29},{"not_picked":["Hello World","Barrage","Cold Snap+1","Leap"],"picked":"Heatsinks","floor":29},{"not_picked":["Panic Button","Go for the Eyes","Redo","Beam Cell+1"],"picked":"Reboot","floor":30},{"not_picked":["Echo Form","Electrodynamics","MostiFishMod:DeathFromBelow","ReplayRNGCard"],"picked":"ReplayTheSpireMod:Fabricate Wheel","floor":33},{"not_picked":["Doom and Gloom+1","Coolheaded","Aggregate","Go for the Eyes"],"picked":"FTL","floor":35},{"not_picked":["Redo","Coolheaded","Conserve Battery","Chill+1"],"picked":"Steam Power+1","floor":35},{"not_picked":["MostiFishMod:IntelligentEquipment","hubris:Ukulele","Beam Cell","Turbo"],"picked":"Redo+1","floor":36},{"not_picked":["Coolheaded","ReplayTheSpireMod:GoodbyeWorld+1","Go for the Eyes","BasicCrystalCard"],"picked":"ReplayTheSpireMod:Reroute Power","floor":36},{"not_picked":["Reprogram","Lockon","Storm","Coolheaded+1"],"picked":"Go for the Eyes","floor":37},{"not_picked":["Stack+1","MostiFishMod:FluxCapactior","Streamline","Amplify"],"picked":"ReplayTheSpireMod:Reroute Power","floor":37},{"not_picked":["Beam Cell+1","Coolheaded","Rebound","MostiFishMod:PushDownKick+1"],"picked":"Gash+1","floor":37},{"not_picked":["MostiFishMod:ReprogramOld","Barrage","Beam Cell","Streamline"],"picked":"Crystallizer+1","floor":38},{"not_picked":["Doom and Gloom","Conserve Battery+1","Leap","Streamline"],"picked":"Beam Cell+1","floor":38},{"not_picked":["Echo Form","Stack","Double Energy","Rebound+1"],"picked":"Crystallizer+1","floor":38},{"not_picked":["Steam","Fusion","Rebound","ReplaySort"],"picked":"Turbo+1","floor":39},{"not_picked":["Coolheaded","Lockon","BasicCrystalCard","Reprogram+1"],"picked":"Panic Button","floor":39},{"not_picked":["Glacier","BootSequence+1","Hologram","Compile Driver","Rebound"],"picked":"SKIP","floor":39},{"not_picked":["BasicCrystalCard+1","Storm","Barrage","Auto Shields+1"],"picked":"Hologram+1","floor":43},{"not_picked":["Stack+1","Doom and Gloom+1","Heatsinks","Streamline"],"picked":"MostiFishMod:Prepare","floor":45},{"not_picked":["Gash+1","Conserve Battery+1","Turbo","Beam Cell"],"picked":"Scrape","floor":45},{"not_picked":["MostiFishMod:SeaWaves","BasicCrystalCard","Redo","Doom and Gloom","Compile Driver"],"picked":"SKIP","floor":45},{"not_picked":["Rebound","Streamline","Blizzard","FIFO Queue"],"picked":"White Noise","floor":46},{"not_picked":["Redo","Stack","ReplayTheSpireMod:Repulse","ReplaySolidLightProjector+1","Beam Cell"],"picked":"SKIP","floor":47},{"not_picked":[],"picked":"Core Surge","floor":54},{"not_picked":[],"picked":"MostiFishMod:StarOceanB","floor":54},{"not_picked":[],"picked":"Specialist","floor":54},{"not_picked":["Ball Lightning"],"picked":"SKIP","floor":54},{"not_picked":["Redo"],"picked":"SKIP","floor":54},{"not_picked":["ReplayTheSpireMod:GoodbyeWorld"],"picked":"SKIP","floor":54},{"not_picked":["MostiFishMod:PerfectForm"],"picked":"SKIP","floor":54},{"not_picked":["ReplaySort","Streamline","MostiFishMod:FluxCapactior","FIFO Queue","MostiFishMod:LinkProtocol"],"picked":"SKIP","floor":55}],"player_experience":412347,"relics_obtained":[{"floor":1,"key":"SynthV:TestCard"},{"floor":6,"key":"Replay:Accelerometer"},{"floor":8,"key":"Whetstone"},{"floor":9,"key":"hubris:OldNail"},{"floor":10,"key":"Bottled Flame"},{"floor":23,"key":"Replay:Baseball"},{"floor":25,"key":"Replay:Rubber Ducky"},{"floor":28,"key":"Simple Rune"},{"floor":30,"key":"ReplayTheSpireMod:Lightbulb"},{"floor":43,"key":"ThornShield"},{"floor":46,"key":"hubris:SlimyHat"},{"floor":47,"key":"CeramicFish"},{"floor":54,"key":"Bottled Tornado"},{"floor":54,"key":"Geode"},{"floor":54,"key":"Guide Book"},{"floor":55,"key":"Bag of Marbles"}],"event_choices":[{"damage_healed":0,"gold_gain":75,"player_choice":"Gather Gold","damage_taken":11,"max_hp_gain":0,"max_hp_loss":0,"event_name":"World of Goop","floor":4,"gold_loss":0},{"damage_healed":0,"gold_gain":0,"cards_transformed":["Strike_B"],"player_choice":"Transformed","damage_taken":0,"max_hp_gain":0,"max_hp_loss":0,"event_name":"Transmorgrifier","floor":7,"gold_loss":0,"cards_obtained":["MostiFishMod:GatherIntelligence"]},{"damage_healed":0,"gold_gain":50,"player_choice":"Pray","damage_taken":0,"max_hp_gain":0,"max_hp_loss":0,"event_name":"Golden Shrine","floor":21,"gold_loss":0},{"damage_healed":0,"gold_gain":0,"player_choice":"Full Heal","damage_taken":0,"max_hp_gain":0,"max_hp_loss":0,"event_name":"Wheel of Change","floor":31,"gold_loss":0}],"is_beta":false,"boss_relics":[{"not_picked":["aspiration:RitualDagger","hubris:HollowSoul"],"picked":"aspiration:BursterCore"},{"not_picked":["aspiration:SilentSkillbook","Fusion Hammer"],"picked":"aspiration:SecretTechniqueScroll"}],"items_purged_floors":[27,48],"is_endless":false,"potions_floor_spawned":[1,8,10,11,12,19,20,23,28,30,33,35,36,45,47,55],"ascension_level":20}}