{"host":"tod","time":1613564863,"event":{"mods":["Act Like it!","BaseMod","CapriCore","Energized Spire","Highlight Path","Lobotomy","Marisa£®ÏF”Í°°ƒß¿Ì…≥£©","Minty Spire (QoL Compilation)","Quick Restart","Reimu£®≤©¿ˆ¡È√Œ£©","Relic Filter Mod","Relic Stats","Remilia£®¿Ÿ√◊¿Ú—«£©","Replay The Spire","Shop Mod","StSLib","The Cursed","The Immortal","Yakumo Yukari mod","Youmu£®ªÍ∆«—˝√Œ£©"],"gold_per_floor":[114,133,133,58,74,109,109,122,190,203,203,215,115,115,115,192,192,210,22,33,46,66,66,94,94,94,113,113,144,144,154,154,228,228,243,243,259,313,313,313,313,340,388,401,251,56,74,94,94,94,94],"floor_reached":52,"language":"ZHS","playtime":3253,"items_purged":["Dark Embrace","Body Slam","Bash","ReplayTheSpireMod:Strike From Hell"],"score":1068,"play_id":"3cc124cf-7da4-48ed-b729-09cb69f806c5","local_time":"20210217202743","is_ascension_mode":true,"campfire_choices":[{"data":"Pommel Strike","floor":7.0,"key":"SMITH"},{"floor":11.0,"key":"REST"},{"data":"Infernal Blade","floor":15.0,"key":"SMITH"},{"floor":23.0,"key":"REST"},{"data":"Limit Break","floor":28,"key":"SMITH"},{"floor":32,"key":"REST"},{"floor":40,"key":"REST"},{"floor":49,"key":"DIG"}],"circlet_count":0,"master_deck":["AscendersBane","Infernal Blade+1","Thunderclap+1","Run Through+1","ReplayTheSpireMod:Muscle Training","Spot Weakness","Twin Strike","Pommel Strike+1","Battle Trance+1","Demonic Infusion+1","Limit Break+1","Rupture","Hemogenesis","Twin Strike+1","Decay","Reaper","Crow Ritual","Heavy Blade"],"relics":["Pandora\u0027s Box","Onion Ring","Calipers","HornCleat","Replay:Bronze Core","Whetstone","MutagenicStrength","Toy Ornithopter","WingedGreaves","Fusion Hammer","Thread and Needle","Anchor","Pet Ghost","Chameleon Ring"],"acts_visited":["Exordium","TheCity","TheBeyond"],"potions_floor_usage":[27,27,50,50],"damage_taken":[{"damage":1.0,"enemies":"Cultist","floor":1.0,"turns":2.0},{"damage":8.0,"enemies":"Jaw Worm","floor":2.0,"turns":3.0},{"damage":0.0,"enemies":"2 Louse","floor":5.0,"turns":2.0},{"damage":9.0,"enemies":"Gremlin Nob","floor":6.0,"turns":3.0},{"damage":15.0,"enemies":"Red Slaver","floor":8.0,"turns":2.0},{"damage":1.0,"enemies":"Exordium Thugs","floor":10.0,"turns":1.0},{"damage":14.0,"enemies":"Lots of Slimes","floor":12.0,"turns":3.0},{"damage":40.0,"enemies":"The Guardian","floor":16.0,"turns":6.0},{"damage":1.0,"enemies":"Spheric Guardian","floor":18.0,"turns":1.0},{"damage":15.0,"enemies":"3 Byrds","floor":20.0,"turns":3.0},{"damage":1.0,"enemies":"Snecko","floor":21.0,"turns":3.0},{"damage":2.0,"enemies":"3 Cultists","floor":22.0,"turns":3.0},{"damage":30.0,"enemies":"Replay:Snechameleon","floor":24.0,"turns":3.0},{"damage":1,"enemies":"Shelled Parasite and Fungi","floor":27,"turns":1},{"damage":18,"enemies":"Book of Stabbing","floor":29,"turns":3},{"damage":1,"enemies":"Snake Plant","floor":31,"turns":1},{"damage":40,"enemies":"Collector","floor":33,"turns":4},{"damage":12,"enemies":"3 Shapes","floor":35,"turns":3},{"damage":16,"enemies":"Orb Walker","floor":37,"turns":2},{"damage":55,"enemies":"2 Orb Walkers","floor":38,"turns":4},{"damage":8,"enemies":"Giant Head","floor":42,"turns":4},{"damage":40,"enemies":"4 Shapes","floor":44,"turns":2},{"damage":17,"enemies":"Maw","floor":47,"turns":6},{"damage":9,"enemies":"Jaw Worm Horde","floor":48,"turns":3},{"damage":73,"enemies":"Replay:Hell Engine","floor":50,"turns":5}],"seed_played":"4384415091130627912","potions_obtained":[{"floor":2.0,"key":"Explosive Potion"},{"floor":5.0,"key":"GrandPatriotsElixir:ReiMu"},{"floor":6.0,"key":"FearPotion"},{"floor":22.0,"key":"Strength Potion"},{"floor":27,"key":"BlessingOfTheForge"},{"floor":31,"key":"ElixirPotion"},{"floor":33,"key":"Weak Potion"}],"is_trial":false,"path_per_floor":["M","M","T","$","M","E","R","M","T","M","R","M","$","?","R","B",null,"M","$","M","M","M","R","E","?","T","M","R","E","?","M","R","B",null,"M","$","M","?","?","R","?","E","T","M","$","$","M","M","R","B",null,null],"character_chosen":"IRONCLAD","items_purchased":["Rupture","Crow Ritual"],"campfire_rested":4,"item_purchase_floors":[19,46],"current_hp_per_floor":[67,59,59,59,59,50,50,35,35,34,56,42,42,42,42,2,57,56,56,41,40,38,60,30,30,30,39,39,28,28,27,49,9,59,52,52,36,21,21,43,43,35,35,48,48,48,58,49,49,27,27],"gold":94,"neow_bonus":"BOSS_RELIC","is_daily":false,"chose_seed":false,"campfire_upgraded":3,"win_rate":0.0,"timestamp":1613564863,"path_taken":["M","M","?","$","M","E","R","M","T","M","R","M","$","?","R","BOSS","M","$","M","M","M","R","E","?","T","M","R","E","?","M","R","BOSS","M","$","M","?","?","R","?","E","T","M","$","$","M","M","R","BOSS"],"items_purchased_type":["Card","Card"],"build_version":"2020-12-18","purchased_purges":4,"victory":true,"max_hp_per_floor":[75,75,75,75,75,75,75,75,75,75,75,75,75,75,75,75,75,75,75,75,75,75,75,75,75,75,75,75,75,75,75,75,75,75,75,75,75,75,75,75,75,75,75,75,75,75,75,75,75,75,75],"relic_stats":{"counters":[25,73],"Pandora\u0027s Box":["ReplayTheSpireMod:Strike From Hell","Infernal Blade","Thunderclap","Run Through","ReplayTheSpireMod:Muscle Training","Body Slam","Spot Weakness","Dark Embrace","Twin Strike"],"Whetstone":["Thunderclap","Run Through"],"obtain_stats":[{"Calipers":6,"Thread and Needle":38,"Whetstone":24,"Burning Blood":0,"Pet Ghost":43,"Anchor":42,"HornCleat":9,"Chameleon Ring":49,"Replay:Bronze Core":17,"MutagenicStrength":25,"Pandora\u0027s Box":0,"Onion Ring":3,"WingedGreaves":29,"Fusion Hammer":34,"Toy Ornithopter":26},{"Calipers":4,"Thread and Needle":20,"Whetstone":13,"Burning Blood":0,"Pet Ghost":21,"Anchor":21,"HornCleat":5,"Chameleon Ring":24,"Replay:Bronze Core":8,"MutagenicStrength":13,"Pandora\u0027s Box":0,"Onion Ring":2,"WingedGreaves":15,"Fusion Hammer":17,"Toy Ornithopter":13},{"Calipers":10,"Thread and Needle":53,"Whetstone":35,"Burning Blood":0,"Pet Ghost":57,"Anchor":57,"HornCleat":12,"Chameleon Ring":68,"Replay:Bronze Core":22,"MutagenicStrength":35,"Pandora\u0027s Box":0,"Onion Ring":5,"WingedGreaves":39,"Fusion Hammer":44,"Toy Ornithopter":35}],"Toy Ornithopter":20},"card_choices":[{"not_picked":["Perfected Strike","Carnage","Warcry"],"picked":"SKIP","floor":1.0},{"not_picked":["Headbutt","Perfected Strike","ReplayTheSpireMod:Strike From Hell"],"picked":"SKIP","floor":2.0},{"not_picked":["Evolve","ReplayReversal"],"picked":"Pommel Strike","floor":5.0},{"not_picked":["Clothesline","Life Link","Uppercut"],"picked":"SKIP","floor":6.0},{"not_picked":["Blood for Blood","Clash","Abandon"],"picked":"SKIP","floor":8.0},{"not_picked":["Seeing Red","Bloodletting"],"picked":"Battle Trance","floor":10.0},{"not_picked":["Cleave","Perfected Strike"],"picked":"Demonic Infusion","floor":12.0},{"not_picked":["Juggernaut","Brutality"],"picked":"Limit Break","floor":16.0},{"not_picked":["Anger","Pummel","Burning Pact"],"picked":"SKIP","floor":18.0},{"not_picked":["Pommel Strike","Heavy Blade","Carnage"],"picked":"SKIP","floor":20.0},{"not_picked":["Battle Trance","Run Through","Combust"],"picked":"SKIP","floor":21.0},{"not_picked":["Combust+1","Ghostly Armor","Replay:Undeath\u0027s Touch"],"picked":"SKIP","floor":22.0},{"not_picked":["ReplayTheSpireMod:Strike From Hell","Armaments"],"picked":"Hemogenesis","floor":24.0},{"not_picked":["Thunderclap","Rampage"],"picked":"Twin Strike+1","floor":27},{"not_picked":["Spot Weakness","Anger","Run Through+1"],"picked":"SKIP","floor":29},{"not_picked":["Thunderclap","Immolate","Reckless Charge+1"],"picked":"SKIP","floor":31},{"not_picked":["Exhume","Immolate"],"picked":"Reaper","floor":33},{"not_picked":["Headbutt","Metallicize","Clash"],"picked":"SKIP","floor":35},{"not_picked":["Shrug It Off","Thunderclap","Headbutt"],"picked":"SKIP","floor":37},{"not_picked":["Clash","Bloodletting","Wild Strike"],"picked":"SKIP","floor":42},{"not_picked":["Rupture","Havoc+1","Rage+1"],"picked":"SKIP","floor":44},{"not_picked":["Hemokinesis","Rupture"],"picked":"Heavy Blade","floor":47},{"not_picked":["Offering","Flex","Rupture+1"],"picked":"SKIP","floor":48}],"player_experience":388715,"relics_obtained":[{"floor":3.0,"key":"Onion Ring"},{"floor":6.0,"key":"Calipers"},{"floor":9.0,"key":"HornCleat"},{"floor":24.0,"key":"Whetstone"},{"floor":26.0,"key":"Toy Ornithopter"},{"floor":29,"key":"WingedGreaves"},{"floor":38,"key":"Thread and Needle"},{"floor":42,"key":"Anchor"},{"floor":43,"key":"Pet Ghost"},{"floor":49,"key":"Chameleon Ring"}],"event_choices":[{"damage_healed":0.0,"max_hp_gain":0.0,"max_hp_loss":0.0,"gold_gain":0.0,"event_name":"Accursed Blacksmith","player_choice":"Forge","floor":14.0,"gold_loss":0.0,"damage_taken":0.0,"cards_upgraded":["Demonic Infusion"]},{"damage_healed":0.0,"max_hp_gain":0.0,"max_hp_loss":0.0,"gold_gain":0.0,"event_name":"Drug Dealer","player_choice":"Inject Mutagens","floor":25.0,"gold_loss":0.0,"damage_taken":0.0,"relics_obtained":["MutagenicStrength"]},{"damage_healed":0,"gold_gain":0,"player_choice":"Smashed Altar","damage_taken":0,"max_hp_gain":0,"max_hp_loss":0,"event_name":"Forgotten Altar","floor":30,"gold_loss":0,"cards_obtained":["Decay"]},{"damage_healed":0,"gold_gain":0,"player_choice":"Fight","damage_taken":0,"max_hp_gain":0,"max_hp_loss":0,"event_name":"Mysterious Sphere","floor":38,"gold_loss":0},{"cards_removed":["Rupture"],"damage_healed":0,"gold_gain":0,"player_choice":"Removed Power","damage_taken":0,"max_hp_gain":0,"max_hp_loss":0,"event_name":"Falling","floor":39,"gold_loss":0},{"damage_healed":0,"gold_gain":0,"player_choice":"Upgraded","damage_taken":0,"max_hp_gain":0,"max_hp_loss":0,"event_name":"Upgrade Shrine","floor":41,"gold_loss":0,"cards_upgraded":["Battle Trance"]}],"is_beta":true,"boss_relics":[{"not_picked":["SacredBark","Mark of Pain"],"picked":"Replay:Bronze Core"},{"not_picked":["energizedSpire:RedRose","Velvet Choker"],"picked":"Fusion Hammer"}],"items_purged_floors":[4,13,19,45],"is_endless":false,"potions_floor_spawned":[2,5,6,8,21,22,27,31,33,37,38,47,48],"ascension_level":18}}