{"host":"ju66gn9zov5ov15o","time":1613584892,"event":{"mods":["100% Spire Juice","2.2 Compatiblity","Act Like it!","Arknights","Aspiration","BaseMod","Conspire","Downfall","GifTheSpireLib","Hubris","Lobotomy","LobotomyExtend","Marisa????????","Minty Spire (QoL Compilation)","Pale of the Ancients","Rare Cards Sparkle","Relic Stats","Ruina","Shapeshifter Mod","StSLib","The Alterego","The Animator","The Marked"],"gold_per_floor":[112,112,123,123,123,156,156,168,192,50,50,65,80,80,80,80,80],"floor_reached":16,"language":"ENG","playtime":850,"items_purged":["theMarked:Strike"],"score":100,"play_id":"efb5ac49-25fa-4d53-92fd-b2e26d1b7c4b","local_time":"20210217190132","is_ascension_mode":false,"campfire_choices":[{"floor":15,"key":"REST"}],"circlet_count":0,"master_deck":["theMarked:Strike","theMarked:Strike","theMarked:Strike","theMarked:Strike","theMarked:Defend","theMarked:Defend","theMarked:Defend","theMarked:Defend","theMarked:SoldierOfQuellstein","theMarked:ComboAttacks","theMarked:EmpowerWeapon+1","StSShapeShifter:UnicornForm","theMarked:MysticalArsenal","theMarked:Toughness","theMarked:Pokerface","theMarked:Improvise"],"relics":["theMarked:ArtifactOfAir","aspiration:DSix","Art of War","Boot","aspiration:Lifesprig","aspiration:HiddenCompartment"],"acts_visited":["Exordium"],"potions_floor_usage":[6,13,16],"damage_taken":[{"damage":7,"enemies":"Cultist","floor":1,"turns":6},{"damage":9,"enemies":"ats:Genji","floor":3,"turns":3},{"damage":31,"enemies":"Lagavulin","floor":6,"turns":8},{"damage":5,"enemies":"Small Slimes","floor":8,"turns":3},{"damage":13,"enemies":"3 Louse","floor":12,"turns":5},{"damage":4,"enemies":"Blue Slaver","floor":13,"turns":4},{"damage":30,"enemies":"The Guardian","floor":16,"turns":4}],"seed_played":"5510784467093822316","potions_obtained":[{"floor":1,"key":"conspire:TimeTravelPotion"},{"floor":6,"key":"Ancient Potion"},{"floor":8,"key":"Weak Potion"},{"floor":13,"key":"LiquidBronze"}],"is_trial":false,"path_per_floor":["M","T","M","?","?","E","R","M","T","$","?","M","M","?","R","B"],"character_chosen":"THE_DEFAULT","items_purchased":["theMarked:Toughness"],"campfire_rested":1,"item_purchase_floors":[10],"current_hp_per_floor":[65,65,56,49,49,26,26,21,21,21,21,8,4,4,25,0,0],"gold":80,"neow_bonus":"DSIX","is_daily":false,"chose_seed":false,"campfire_upgraded":0,"win_rate":0.0,"timestamp":1613584892,"path_taken":["M","?","M","?","?","E","R","M","T","$","?","M","?","?","R","BOSS"],"items_purchased_type":["Card"],"build_version":"2020-12-22","purchased_purges":1,"victory":false,"max_hp_per_floor":[72,72,72,72,72,72,72,72,72,72,72,72,72,72,72,72,72],"relic_stats":{"counters":[7,33],"Art of War":[7],"Boot":[2],"obtain_stats":[{"theMarked:ArtifactOfAir":0,"aspiration:Lifesprig":9,"Art of War":4,"aspiration:DSix":0,"Boot":6,"aspiration:HiddenCompartment":12},{"theMarked:ArtifactOfAir":0,"aspiration:Lifesprig":4,"Art of War":2,"aspiration:DSix":0,"Boot":3,"aspiration:HiddenCompartment":5},{"theMarked:ArtifactOfAir":0,"aspiration:Lifesprig":20,"Art of War":9,"aspiration:DSix":0,"Boot":17,"aspiration:HiddenCompartment":25}]},"card_choices":[{"not_picked":["theMarked:Reabsorb","theMarked:Parkour"],"picked":"theMarked:ComboAttacks","floor":1},{"not_picked":["theMarked:BanishingStrike","theMarked:TakeCover"],"picked":"theMarked:EmpowerWeapon","floor":3},{"not_picked":["theMarked:RepellingDischarge","theMarked:EnhanceMovement","theMarked:EmpowerWeapon"],"picked":"SKIP","floor":6},{"not_picked":["theMarked:OneWithTheBlade","theMarked:CreepingChasm"],"picked":"theMarked:MysticalArsenal","floor":8},{"not_picked":["theMarked:KeepCalmAndFight","theMarked:BanishingStrike"],"picked":"theMarked:Pokerface","floor":12},{"not_picked":["theMarked:ElectricStrings","theMarked:Static"],"picked":"theMarked:Improvise","floor":13}],"player_experience":467758,"relics_obtained":[{"floor":6,"key":"Boot"},{"floor":9,"key":"aspiration:Lifesprig"},{"floor":12,"key":"aspiration:HiddenCompartment"}],"event_choices":[{"damage_healed":0,"gold_gain":0,"player_choice":"Success","damage_taken":7,"relics_obtained":["Art of War"],"max_hp_gain":0,"max_hp_loss":0,"event_name":"Scrap Ooze","floor":4,"gold_loss":0},{"damage_healed":0,"gold_gain":0,"player_choice":"Forge","damage_taken":0,"max_hp_gain":0,"max_hp_loss":0,"event_name":"Accursed Blacksmith","floor":11,"gold_loss":0,"cards_upgraded":["theMarked:EmpowerWeapon"]}],"is_beta":false,"boss_relics":[],"items_purged_floors":[10],"is_endless":false,"potions_floor_spawned":[1,6,8,13],"killed_by":"The Guardian","ascension_level":0}}