{"host":"lv7etzzgwahaenh9","time":1613590099,"event":{"mods":["AchievementEnabler","BaseMod","Colored Map","Colored Powertips","Highlight Path","Minty Spire (QoL Compilation)","Permanent Neow","Quick Restart","Random Character Button","StSLib"],"gold_per_floor":[110,129,141,141,157,157,183,183,206,224,251,251,251,294,294,414,414,437,455,455,455],"floor_reached":20,"language":"ENG","playtime":882,"items_purged":[],"score":296,"play_id":"ef31b5aa-1218-45fa-9f4c-59c938ffbfa0","local_time":"20210217112819","is_ascension_mode":true,"campfire_choices":[{"data":"Secret Technique","floor":6,"key":"SMITH"},{"data":"ConjureBlade","floor":8,"key":"SMITH"},{"floor":13,"key":"REST"},{"data":"Evaluate","floor":15,"key":"SMITH"}],"circlet_count":0,"master_deck":["Strike_P","Strike_P","Strike_P","Strike_P","Defend_P","Defend_P","Defend_P","Defend_P","Eruption","Vigilance","Secret Technique+1","SignatureMove","TalkToTheHand","ThirdEye","ConjureBlade+1","Indignation","BowlingBash","MentalFortress","Evaluate+1","DevaForm","Protect","Perseverance+1"],"relics":["PureWater","Toy Ornithopter","Bag of Marbles","Ancient Tea Set","Golden Idol","Meat on the Bone","SacredBark"],"acts_visited":["Exordium","TheCity"],"potions_floor_usage":[14,16,19],"damage_taken":[{"damage":0.0,"enemies":"2 Louse","floor":1.0,"turns":1.0},{"damage":0.0,"enemies":"Small Slimes","floor":2.0,"turns":2.0},{"damage":0.0,"enemies":"Cultist","floor":3.0,"turns":3.0},{"damage":6,"enemies":"Looter","floor":5,"turns":2},{"damage":11,"enemies":"Lagavulin","floor":7,"turns":7},{"damage":0,"enemies":"Exordium Wildlife","floor":10,"turns":2},{"damage":0,"enemies":"Gremlin Nob","floor":11,"turns":2},{"damage":34,"enemies":"3 Sentries","floor":14,"turns":8},{"damage":34,"enemies":"The Guardian","floor":16,"turns":9},{"damage":18,"enemies":"Shell Parasite","floor":18,"turns":7},{"damage":7,"enemies":"2 Thieves","floor":19,"turns":3},{"damage":6,"enemies":"Cultist and Chosen","floor":20,"turns":4}],"seed_played":"-7034950206048698380","potions_obtained":[{"floor":5,"key":"LiquidBronze"},{"floor":7,"key":"Regen Potion"},{"floor":11,"key":"Strength Potion"},{"floor":14,"key":"Block Potion"},{"floor":16,"key":"Dexterity Potion"},{"floor":19,"key":"Weak Potion"}],"is_trial":false,"path_per_floor":["M","M","M","?","M","R","E","R","T","M","E","?","R","E","R","B",null,"M","M","M"],"character_chosen":"WATCHER","items_purchased":[],"campfire_rested":1,"item_purchase_floors":[],"current_hp_per_floor":[65,65,65,70,64,64,53,53,53,53,53,36,57,43,43,26,59,41,39,33,33],"gold":455,"neow_bonus":"RANDOM_COLORLESS_2","is_daily":false,"chose_seed":false,"campfire_upgraded":3,"win_rate":0.0,"timestamp":1613590099,"path_taken":["M","M","M","?","M","R","E","R","T","M","E","?","R","E","R","BOSS","M","M","M"],"items_purchased_type":[],"build_version":"2020-12-22","purchased_purges":0,"victory":false,"max_hp_per_floor":[65,65,65,70,70,70,70,70,70,70,70,70,70,70,70,70,70,70,70,70,70],"card_choices":[{"not_picked":["Mayhem","Transmutation"],"picked":"Secret Technique","floor":0.0},{"not_picked":["Perseverance","ClearTheMind"],"picked":"SignatureMove","floor":1.0},{"not_picked":["Conclude","Adaptation"],"picked":"TalkToTheHand","floor":2.0},{"not_picked":["EmptyFist","FlyingSleeves"],"picked":"ThirdEye","floor":3.0},{"not_picked":["MentalFortress","Prostrate"],"picked":"ConjureBlade","floor":5},{"not_picked":["ClearTheMind","WheelKick"],"picked":"Indignation","floor":7},{"not_picked":["WindmillStrike","FlyingSleeves"],"picked":"BowlingBash","floor":10},{"not_picked":["FearNoEvil","FollowUp"],"picked":"MentalFortress","floor":11},{"not_picked":["Halt","Crescendo"],"picked":"Evaluate","floor":14},{"not_picked":["Judgement","ConjureBlade"],"picked":"DevaForm","floor":16},{"not_picked":["FlyingSleeves","Collect+1"],"picked":"Protect","floor":18},{"not_picked":["BowlingBash+1","Evaluate+1"],"picked":"Perseverance+1","floor":19}],"player_experience":404335,"relics_obtained":[{"floor":7,"key":"Toy Ornithopter"},{"floor":9,"key":"Bag of Marbles"},{"floor":11,"key":"Ancient Tea Set"},{"floor":14,"key":"Meat on the Bone"}],"event_choices":[{"damage_healed":0.0,"max_hp_gain":5.0,"max_hp_loss":0.0,"gold_gain":0.0,"event_name":"Big Fish","player_choice":"Donut","floor":4.0,"gold_loss":0.0,"damage_taken":0.0},{"damage_healed":0,"gold_gain":0,"player_choice":"Take Damage","damage_taken":17,"relics_obtained":["Golden Idol"],"max_hp_gain":0,"max_hp_loss":0,"event_name":"Golden Idol","floor":12,"gold_loss":0}],"is_beta":false,"boss_relics":[{"not_picked":["Snecko Eye","Empty Cage"],"picked":"SacredBark"}],"items_purged_floors":[],"is_endless":false,"potions_floor_spawned":[5,7,11,14,16,19],"killed_by":"Cultist and Chosen","ascension_level":7}}