{"host":"k5fgrtcqzqosfxt0","time":1613578124,"event":{"mods":["Act Like it!","Aspiration","BaseMod","Downfall","Gensokyo","Minty Spire (QoL Compilation)","StSLib","TestMod","UnlockEverythingMod"],"gold_per_floor":[114,131,131,145,145,145,160,6,6,35,35,35,52,62,62,136,136,148,166,166,179,179,179],"floor_reached":22,"language":"ZHS","playtime":622,"items_purged":[],"score":376,"play_id":"19e75fa5-4fd4-4ed8-9bf5-6f04d2ea01c6","local_time":"20210218000844","is_ascension_mode":true,"campfire_choices":[{"data":"Prostrate","floor":6.0,"key":"SMITH"},{"data":"Pray","floor":11.0,"key":"SMITH"},{"data":"Eruption","floor":15.0,"key":"SMITH"}],"circlet_count":0,"master_deck":["AscendersBane","Strike_P+1","Strike_P+1","Strike_P","Defend_P","Defend_P+1","Defend_P","Defend_P","Eruption+1","Vigilance","EmptyFist","WheelKick","Brilliance","Prostrate+1","LessonLearned+1","Pray+1","Establishment","DevaForm+1","TalkToTheHand","Wallop","DeceiveReality"],"relics":["PureWater","testmod-TestBox","NeowsBlessing","testmod-ConstraintPeriapt","Bronze Scales","testmod-TimeTraveler"],"acts_visited":["Exordium","TheCity"],"potions_floor_usage":[22],"damage_taken":[{"damage":0.0,"enemies":"2 Louse","floor":1.0,"turns":1.0},{"damage":0.0,"enemies":"Cultist","floor":2.0,"turns":1.0},{"damage":0.0,"enemies":"Jaw Worm","floor":4.0,"turns":1.0},{"damage":14.0,"enemies":"Exordium Thugs","floor":7.0,"turns":4.0},{"damage":5.0,"enemies":"Gremlin Nob","floor":10.0,"turns":3.0},{"damage":7.0,"enemies":"Gremlin Gang","floor":13.0,"turns":3.0},{"damage":4.0,"enemies":"Looter","floor":14.0,"turns":2.0},{"damage":17.0,"enemies":"Slime Boss","floor":16.0,"turns":8.0},{"damage":17.0,"enemies":"Spheric Guardian","floor":18.0,"turns":3.0},{"damage":18.0,"enemies":"2 Thieves","floor":19.0,"turns":3.0},{"damage":15.0,"enemies":"3 Cultists","floor":21.0,"turns":4.0},{"damage":20,"enemies":"Snake Plant","floor":22,"turns":3}],"seed_played":"-8733129701017924627","potions_obtained":[{"floor":7.0,"key":"FearPotion"},{"floor":10.0,"key":"Dexterity Potion"},{"floor":13.0,"key":"ColorlessPotion"},{"floor":21.0,"key":"Explosive Potion"}],"is_trial":false,"path_per_floor":["M","M","?","M","?","R","M","$","T","E","R","$","M","M","R","B",null,"M","M","?","M","M"],"character_chosen":"WATCHER","items_purchased":["LessonLearned"],"campfire_rested":0,"item_purchase_floors":[8],"current_hp_per_floor":[63,64,64,64,64,64,53,53,53,50,50,50,45,43,43,28,58,43,27,27,14,0,0],"gold":179,"neow_bonus":"THREE_ENEMY_KILL","is_daily":false,"chose_seed":false,"campfire_upgraded":3,"win_rate":0.0,"timestamp":1613578124,"path_taken":["M","M","?","?","?","R","M","$","T","E","R","?","M","M","R","BOSS","M","?","?","M","M"],"items_purchased_type":["Card"],"build_version":"2020-12-22","purchased_purges":0,"victory":false,"max_hp_per_floor":[68,68,68,68,68,68,68,68,68,68,68,68,68,68,68,68,68,68,68,68,68,68,68],"card_choices":[{"not_picked":["CrushJoints","PathToVictory"],"picked":"EmptyFist","floor":1.0},{"not_picked":["EmptyFist","Protect"],"picked":"WheelKick","floor":2.0},{"not_picked":["PathToVictory","Halt"],"picked":"Prostrate","floor":4.0},{"not_picked":["CrushJoints","SashWhip","Protect"],"picked":"SKIP","floor":7.0},{"not_picked":["LikeWater","Nirvana"],"picked":"Pray","floor":10.0},{"not_picked":["Prostrate","Nirvana","BowlingBash"],"picked":"SKIP","floor":13.0},{"not_picked":["Prostrate","ThirdEye"],"picked":"Establishment","floor":14.0},{"not_picked":["Establishment","Vault"],"picked":"DevaForm","floor":16.0},{"not_picked":["FlyingSleeves","Halt+1"],"picked":"TalkToTheHand","floor":18.0},{"not_picked":["Fasting2","WheelKick"],"picked":"Wallop","floor":19.0},{"not_picked":["FearNoEvil","LikeWater"],"picked":"DeceiveReality","floor":21.0}],"player_experience":673547,"relics_obtained":[{"floor":10.0,"key":"Bronze Scales"}],"event_choices":[{"damage_healed":0.0,"max_hp_gain":0.0,"max_hp_loss":0.0,"gold_gain":0.0,"event_name":"Match and Keep!","player_choice":"1 cards matched","floor":3.0,"gold_loss":0.0,"damage_taken":0.0,"cards_obtained":["Brilliance"]},{"cards_removed":["Strike_P"],"damage_healed":0.0,"max_hp_gain":0.0,"max_hp_loss":0.0,"gold_gain":0.0,"event_name":"Purifier","player_choice":"Purged","floor":5.0,"gold_loss":0.0,"damage_taken":0.0}],"is_beta":false,"boss_relics":[{"not_picked":["testmod-Prudence","testmod-IncinerationGenerator"],"picked":"testmod-TimeTraveler"}],"items_purged_floors":[],"is_endless":false,"potions_floor_spawned":[7,10,13,19,21],"killed_by":"Snake Plant","ascension_level":20}}