{"host":"io90toq331y73m30","time":1613576618,"event":{"mods":["BaseMod","Downfall","Minty Spire (QoL Compilation)","StSLib"],"gold_per_floor":[99,109,109,121,132,132,205,225,325,325,359,31,31,42,61,61,61,61],"floor_reached":16,"language":"ENG","playtime":1107,"items_purged":[],"score":102,"play_id":"4e108267-44a4-4988-9af8-b09cd0ea808a","local_time":"20210217154338","is_ascension_mode":false,"campfire_choices":[{"data":"hexamod:Sear","floor":1,"key":"SMITH"},{"data":"hexamod:PhantomCloak","floor":6,"key":"SMITH"},{"floor":10,"key":"REST"},{"floor":13,"key":"REST"}],"circlet_count":0,"master_deck":["hexamod:Strike","hexamod:Strike","hexamod:Defend","hexamod:Defend","hexamod:Defend","hexamod:Sear+1","hexamod:Float+1","hexamod:RecurringNightmare","hexamod:PhantomFireball","hexamod:PhantomCloak+1","hexamod:Firestarter","hexamod:HeatMetal","hexamod:SoulSteal","hexamod:RecurringNightmare","hexamod:ChargedBarrage","hexamod:ExtraCrispy","expansioncontent:StudyTheSpire","hexamod:HeatMetal","hexamod:PhantomCloak","hexamod:BacktrackSmack"],"relics":["hexamod:SpiritBrand","Blue Candle","InkBottle"],"acts_visited":["Exordium"],"potions_floor_usage":[9,16,16],"damage_taken":[{"damage":0,"enemies":"Small Slimes","floor":2,"turns":4},{"damage":6,"enemies":"Jaw Worm","floor":4,"turns":3},{"damage":0,"enemies":"Cultist","floor":5,"turns":3},{"damage":2,"enemies":"3 Louse","floor":8,"turns":4},{"damage":56,"enemies":"downfall:Heads","floor":9,"turns":9},{"damage":28,"enemies":"Gremlin Nob","floor":11,"turns":4},{"damage":0,"enemies":"downfall:FleeingMerchant","floor":12,"turns":4},{"damage":7,"enemies":"Blue Slaver","floor":14,"turns":2},{"damage":0,"enemies":"2 Fungi Beasts","floor":15,"turns":3},{"damage":24,"enemies":"IC_STATUS_ARCHETYPE","floor":16,"turns":4}],"seed_played":"3596355404717443351","potions_obtained":[{"floor":2,"key":"BlessingOfTheForge"},{"floor":5,"key":"LiquidMemories"},{"floor":14,"key":"Ancient Potion"},{"floor":15,"key":"Explosive Potion"}],"is_trial":false,"path_per_floor":["R","M","?","M","M","R","T","M","?","R","E","$","R","M","M","B"],"character_chosen":"THE_SPIRIT","items_purchased":["hexamod:ExtraCrispy","expansioncontent:StudyTheSpire","hexamod:HeatMetal"],"campfire_rested":2,"item_purchase_floors":[12,12,12],"current_hp_per_floor":[77,77,77,71,71,71,71,69,13,36,8,8,31,24,24,0,0,0],"gold":61,"neow_bonus":"TEN_PERCENT_HP_BONUS","is_daily":false,"chose_seed":false,"campfire_upgraded":2,"win_rate":0.0,"timestamp":1613576618,"path_taken":["R","M","?","M","M","R","T","M","?","R","E","?","R","?","M","BOSS"],"items_purchased_type":["Card","Card","Card"],"build_version":"2020-12-22","purchased_purges":0,"victory":false,"max_hp_per_floor":[77,77,77,77,77,77,77,77,77,77,77,77,77,77,77,77,77,77],"card_choices":[{"not_picked":["hexamod:HauntingEcho","hexamod:BacktrackSmack"],"picked":"hexamod:RecurringNightmare","floor":2},{"not_picked":["hexamod:InspiringFlames","hexamod:HeatMetal"],"picked":"hexamod:PhantomFireball","floor":4},{"not_picked":["hexamod:BacktrackSmack","hexamod:GhostShield"],"picked":"hexamod:PhantomCloak","floor":5},{"not_picked":["hexamod:FastForward","hexamod:SpectersWail"],"picked":"hexamod:Firestarter","floor":8},{"not_picked":["hexamod:SwordOfDarkness","hexamod:ThermalTransfer"],"picked":"hexamod:HeatMetal","floor":9},{"not_picked":["hexamod:ThirdSeal","hexamod:GhostShield"],"picked":"hexamod:RecurringNightmare","floor":11},{"not_picked":["hexamod:StepThrough","hexamod:RecurringNightmare"],"picked":"hexamod:ChargedBarrage","floor":12},{"not_picked":["hexamod:HeatMetal","hexamod:Firestarter"],"picked":"hexamod:PhantomCloak","floor":14},{"not_picked":["hexamod:ShieldOfDarkness","hexamod:Rewind"],"picked":"hexamod:BacktrackSmack","floor":15}],"player_experience":64385,"relics_obtained":[{"floor":7,"key":"Blue Candle"},{"floor":11,"key":"InkBottle"}],"event_choices":[{"cards_removed":["hexamod:Strike"],"damage_healed":0,"gold_gain":0,"player_choice":"Card Removal","damage_taken":0,"max_hp_gain":0,"max_hp_loss":0,"event_name":"The Cleric","floor":3,"gold_loss":0}],"is_beta":false,"boss_relics":[],"items_purged_floors":[],"is_endless":false,"potions_floor_spawned":[2,5,14,15],"killed_by":"IC_STATUS_ARCHETYPE","ascension_level":0}}