{"host":"k4hb7medsm45vqxu","time":1613596003,"event":{"mods":["AchievementEnabler","Act Like it!","Arknights","BaseMod","BetterRewards","Colored Map","Colored Powertips","DeckTracker","Downfall","Friendly Minions","Highlight Path","Marisa????????","Minty Spire (QoL Compilation)","Permanent Neow","READ ME - Guardian Mod","Rare Cards Sparkle","Replay The Spire","Shop Mod","StSLib","SuperFastMode","The Death Knight","The Forsaken","Together in Spire","Waifu the Spire","Yuyuko"],"gold_per_floor":[99,114,214,214,228,228,309,319,16,16,16,30,30,63,82,82,82],"floor_reached":16,"language":"ENG","playtime":822,"items_purged":[],"score":125,"play_id":"324f7238-1730-4c52-9e96-8224a20d15b8","local_time":"20210217150643","is_ascension_mode":false,"campfire_choices":[{"data":"DeathKnight:Hysteria","floor":13,"key":"SMITH"}],"circlet_count":0,"master_deck":["DeathKnight:Strike_DeathKnight","DeathKnight:Strike_DeathKnight","DeathKnight:Strike_DeathKnight","DeathKnight:Strike_DeathKnight","DeathKnight:Strike_DeathKnight","DeathKnight:Defend_DeathKnight","DeathKnight:Defend_DeathKnight","DeathKnight:Defend_DeathKnight","DeathKnight:Defend_DeathKnight","DeathKnight:RuneTap+1","DeathKnight:RuneStrike","DeathKnight:Frostscythe","DeathKnight:HowlingBlast","Languid","DeathKnight:IceboundArmor","DeathKnight:BludPresence","DeathKnight:Hysteria+1","DeathKnight:DarkSuccor","DeathKnight:RunicCorruption","DeathKnight:Lichborne","DeathKnight:Runesurge+1","DeathKnight:FrosPresence","DeathKnight:PillarOfFrost","Parasite","Shame","DeathKnight:BladedArmor","DeathKnight:FrostStrike","DeathKnight:BloodStrike"],"relics":["DeathKnight:BrokenRuneblade","Ring of Fangs","Ring of Fury","Darkstone Periapt","Orrery","HandDrill","Pear"],"acts_visited":["Exordium"],"potions_floor_usage":[2,8,9,9,16],"damage_taken":[{"damage":12,"enemies":"Jaw Worm","floor":2,"turns":5},{"damage":0,"enemies":"Small Slimes","floor":5,"turns":2},{"damage":0,"enemies":"Cultist","floor":8,"turns":2},{"damage":0,"enemies":"downfall:FleeingMerchant","floor":9,"turns":4},{"damage":33,"enemies":"2 Fungi Beasts","floor":12,"turns":5},{"damage":15,"enemies":"Gremlin Nob","floor":14,"turns":6},{"damage":30,"enemies":"Red Slaver","floor":15,"turns":4},{"damage":35,"enemies":"WA_ARCHETYPE_RETAIN","floor":16,"turns":4}],"seed_played":"-6294160269792373376","potions_obtained":[{"floor":1,"key":"Dexterity Potion"},{"floor":1,"key":"Slimebound:ThreeZeroPotion"},{"floor":5,"key":"Fire Potion"},{"floor":8,"key":"Block Potion"},{"floor":15,"key":"Explosive Potion"}],"is_trial":false,"path_per_floor":["R_BF","M","?","?","M","?","T","M","$","?","?","M","R","E","M","B"],"character_chosen":"DEATH_KNIGHT","items_purchased":["Orrery","HandDrill"],"campfire_rested":0,"item_purchase_floors":[9,9],"current_hp_per_floor":[75,63,63,63,63,63,63,63,63,81,87,54,54,49,19,0,0],"gold":82,"neow_bonus":"ONE_RANDOM_RARE_CARD","is_daily":false,"chose_seed":false,"campfire_upgraded":1,"win_rate":0.0,"timestamp":1613596003,"path_taken":["R_BF","M","?","?","M","?","T","?","$","?","?","?","R","E","M","BOSS"],"items_purchased_type":["Relic","Relic"],"build_version":"2020-12-22","purchased_purges":0,"victory":false,"max_hp_per_floor":[75,75,75,75,75,75,75,75,75,81,87,87,87,97,97,97,97],"card_choices":[{"not_picked":["DeathKnight:DeathsAdvance","DeathKnight:MindFreeze"],"picked":"DeathKnight:HowlingBlast","floor":2},{"not_picked":["DeathKnight:RunicCorruption","DeathKnight:Defile"],"picked":"DeathKnight:IceboundArmor","floor":5},{"not_picked":["DeathKnight:DeathCoil","DeathKnight:FrostStrike"],"picked":"DeathKnight:Hysteria","floor":8},{"not_picked":["DeathKnight:DancingRuneblade","DeathKnight:IcyTouch"],"picked":"DeathKnight:DarkSuccor","floor":9},{"not_picked":["DeathKnight:ThirstingStrike","DeathKnight:FesteringStrike"],"picked":"DeathKnight:RunicCorruption","floor":9},{"not_picked":["DeathKnight:DarkSuccor","DeathKnight:HornOfWinter"],"picked":"DeathKnight:Lichborne","floor":9},{"not_picked":["DeathKnight:RunicCorruption","DeathKnight:MindFreeze"],"picked":"DeathKnight:Runesurge","floor":9},{"not_picked":["DeathKnight:DeathCoil","DeathKnight:Runeguard"],"picked":"DeathKnight:FrosPresence","floor":9},{"not_picked":["DeathKnight:MutagenicPlague","DeathKnight:HartStrike"],"picked":"DeathKnight:PillarOfFrost","floor":9},{"not_picked":["DeathKnight:BoneSpear","DeathKnight:MarkOfBlood"],"picked":"DeathKnight:BladedArmor","floor":12},{"not_picked":["DeathKnight:DreadStrike","DeathKnight:Parry"],"picked":"DeathKnight:FrostStrike","floor":14},{"not_picked":["DeathKnight:BoneShield","DeathKnight:RunicCorruption"],"picked":"DeathKnight:BloodStrike","floor":15}],"player_experience":6320,"relics_obtained":[{"floor":4,"key":"Ring of Fangs"},{"floor":4,"key":"Ring of Fury"},{"floor":7,"key":"Darkstone Periapt"},{"floor":14,"key":"Pear"}],"event_choices":[{"damage_healed":18,"gold_gain":0,"player_choice":"Healed and dodged fight","damage_taken":0,"max_hp_gain":0,"max_hp_loss":0,"event_name":"Mushrooms","floor":10,"gold_loss":0,"cards_obtained":["Parasite"]}],"is_beta":false,"boss_relics":[],"items_purged_floors":[],"is_endless":false,"potions_floor_spawned":[5,8,15],"killed_by":"WA_ARCHETYPE_RETAIN","ascension_level":0}}