{"host":"kmd7yw11mgzs6kox","time":1613551253,"event":{"mods":["ATMod(阿瑾Mod)","BaseMod","Decade(王小明)","Downfall","GungeonMod","Lobotomy","LobotomyExtend","Marisa（F雨　魔理沙）","Minty Spire (QoL Compilation)","Remilia（蕾米莉亚）","Replay The Spire","Shop Mod","StSLib","The Bladedancer","The Bug Knight","The Poker Player","The Servant 0.9.4","Waifu the Spire","WarShipGirlsR/战舰少女R mod","Youmu（魂魄妖梦）","Yuri Mod"],"gold_per_floor":[99,119,119,119,131,131,181,181,196,216,216,249,268,281,291,387,387,387,401,501,501,515,515,515,540,101,119,319,332,332,364,375,472,472,472,491,501,516,52,52,52,71,85,85,116,116,133,148,166,166],"floor_reached":51,"language":"ZHS","playtime":2593,"items_purged":[],"score":1000,"play_id":"02aeb993-8aaf-4e7a-84de-1b75738dab97","local_time":"20210217164053","is_ascension_mode":false,"campfire_choices":[{"floor":1.0,"key":"DIG"},{"floor":6.0,"key":"RECALL"},{"data":"rmod:basicallowance","floor":8.0,"key":"SMITH"},{"data":"AT_EmpoweredMortalDraw","floor":18.0,"key":"SMITH"},{"data":"rmod:salvage","floor":23.0,"key":"SMITH"},{"data":"rmod:expedition","floor":30.0,"key":"SMITH"},{"data":"RitualDagger","floor":35.0,"key":"SMITH"},{"data":"rmod:expedition+1","floor":40,"key":"SMITH"},{"data":"rmod:fletcher","floor":46,"key":"SMITH"}],"circlet_count":0,"master_deck":["rmod:strick+1","rmod:strick","rmod:strick","rmod:strick","rmod:defend+1","rmod:defend","rmod:defend","rmod:defend","rmod:basicallowance+1","rmod:maingunfire","AT_BreakingExtremeWeapon+1","rmod:guardianhero","rmod:firesupport","rmod:intelligenceanalysis","rmod:tearstotiara","rmod:ridicule","rmod:diamondstrike","rmod:wolves","rmod:fletcherpendant","rmod:acesubmarine","AT_EmpoweredMortalDraw+1","rmod:fletcherpendant","rmod:generalist","RitualDagger+1","rmod:salvage+1","Shame","rmod:fletcherpendant","rmod:lonelyqueen+1","rmod:aluminumsupply","rmod:expedition+2","rmod:fletcherpendant","rmod:bulid","rmod:aggressivemary+1","rmod:fletcherpendant","rmod:expedition","rmod:fletcherpendant+1","rmod:garrisonisland+1","rmod:ridicule","rmod:diamondstrike","rmod:advancebysurprise+1","rmod:fletcher+1","rmod:intelligenceanalysis","rmod:fletcher","Amnesia","rmod:fletcherpendant+1","rmod:ammunitionsupply","rmod:salvage+1","rmod:bulid+1","rmod:fletcherpendant","rmod:expedition+1","rmod:supriseattacks"],"relics":["rmod:firstchargereward","AT_ATBox","Regal Pillow","LetterFromLob","Replay:Accelerometer","Replay:Grab Bag","Cursed Key","Sozu","AT_MortalBlade","TungstenRod","Mirror","Snack Pack","Iron Hammer","Lee\u0027s Waffle","yuri:PortableGlitches","DemoMod:DecoyRelic","AT_TrinityForce","DemoMod:GlassGuonStoneRelic","Mango","Blue Doll","ClockworkSouvenir","HollowMod:StagPassRelic","Divine Protection"],"acts_visited":["Exordium","TheCity","TheBeyond"],"potions_floor_usage":[],"damage_taken":[{"damage":0.0,"enemies":"Jaw Worm","floor":2.0,"turns":3.0},{"damage":0.0,"enemies":"2 Louse","floor":5.0,"turns":3.0},{"damage":0.0,"enemies":"Cultist","floor":9.0,"turns":2.0},{"damage":3.0,"enemies":"3 Louse","floor":10.0,"turns":3.0},{"damage":9.0,"enemies":"3 Sentries","floor":12.0,"turns":6.0},{"damage":0.0,"enemies":"Large Slime","floor":13.0,"turns":3.0},{"damage":0.0,"enemies":"downfall:LooterAlt","floor":14.0,"turns":1.0},{"damage":9.0,"enemies":"Blue Slaver","floor":15.0,"turns":3.0},{"damage":26.0,"enemies":"DF_ARCHETYPE_STREAMLINE","floor":16.0,"turns":6.0},{"damage":4.0,"enemies":"downfall:LooterAlt2","floor":19.0,"turns":3.0},{"damage":3.0,"enemies":"WA_ARCHETYPE_RETAIN","floor":20.0,"turns":3.0},{"damage":8.0,"enemies":"Shell Parasite","floor":22.0,"turns":3.0},{"damage":0.0,"enemies":"Book of Stabbing","floor":25.0,"turns":3.0},{"damage":0.0,"enemies":"downfall:FleeingMerchant","floor":26.0,"turns":4.0},{"damage":0.0,"enemies":"Sentry and Sphere","floor":27.0,"turns":2.0},{"damage":0.0,"enemies":"Snecko","floor":29.0,"turns":1.0},{"damage":0.0,"enemies":"Slavers","floor":31.0,"turns":1.0},{"damage":0.0,"enemies":"Shelled Parasite and Fungi","floor":32.0,"turns":2.0},{"damage":8.0,"enemies":"IC_MUSHROOM_ARCHETYPE","floor":33.0,"turns":4.0},{"damage":0.0,"enemies":"3 Darklings","floor":36.0,"turns":1.0},{"damage":6.0,"enemies":"3 Shapes","floor":37.0,"turns":1.0},{"damage":0.0,"enemies":"Jaw Worm Horde","floor":38.0,"turns":1.0},{"damage":0.0,"enemies":"downfall:FleeingMerchant","floor":39.0,"turns":1.0},{"damage":0,"enemies":"Reptomancer","floor":42,"turns":2},{"damage":0,"enemies":"3 Darklings","floor":43,"turns":1},{"damage":0,"enemies":"Nemesis","floor":45,"turns":1},{"damage":0,"enemies":"4 Shapes","floor":47,"turns":1},{"damage":0,"enemies":"3 Darklings","floor":48,"turns":1},{"damage":0,"enemies":"4 Shapes","floor":49,"turns":1},{"damage":25,"enemies":"SI_POISON_ARCHETYPE","floor":50,"turns":4}],"seed_played":"-3091024566087671060","potions_obtained":[{"floor":5.0,"key":"SteroidPotion"},{"floor":9.0,"key":"Block Potion"},{"floor":14.0,"key":"Swift Potion"},{"floor":15.0,"key":"Fire Potion"}],"is_trial":false,"path_per_floor":["R","M","?","?","M","R","T","R","M","M","?","E","M","M","M","B",null,"R","M","?","?","M","R","T","E","$","M","?","M","R","E","M","B",null,"R","M","M","M","$","R","T","E","M","?","E","R","M","M","M","B",null],"character_chosen":"PRAEFECT","items_purchased":["Lee\u0027s Waffle","yuri:PortableGlitches","rmod:expedition","Mango","Blue Doll","ClockworkSouvenir","rmod:intelligenceanalysis","rmod:fletcher"],"campfire_rested":0,"item_purchase_floors":[26,26,26,39,39,39,39,39],"current_hp_per_floor":[82,82,82,82,82,82,82,82,82,79,82,73,73,73,64,38,82,82,78,75,70,62,62,62,64,89,89,89,89,89,89,89,85,89,89,89,85,87,101,101,101,103,103,103,103,103,103,103,103,78],"gold":166,"neow_bonus":"TEN_PERCENT_HP_BONUS","is_daily":false,"chose_seed":false,"campfire_upgraded":7,"win_rate":0.0,"timestamp":1613551253,"path_taken":["R","M","?","?","?","R","T","R","M","M","?","E","M","M","M","BOSS","R","M","?","?","M","R","T","E","$","M","?","?","R","E","M","BOSS","R","M","M","M","$","R","T","E","M","?","E","R","M","?","M","BOSS"],"items_purchased_type":["Relic","Relic","Card","Relic","Relic","Relic","Card","Card"],"build_version":"2020-12-22","purchased_purges":0,"victory":true,"max_hp_per_floor":[82,82,82,82,82,82,82,82,82,82,82,82,82,82,82,82,82,82,82,82,82,82,82,82,82,89,89,89,89,89,89,89,89,89,89,89,89,89,103,103,103,103,103,103,103,103,103,103,103,103],"card_choices":[{"not_picked":["rmod:luckystar","rmod:combined"],"picked":"rmod:guardianhero","floor":2.0},{"not_picked":["rmod:punchline","rmod:diamondstrike"],"picked":"rmod:firesupport","floor":5.0},{"not_picked":["rmod:ammunitionsupply","rmod:wife"],"picked":"rmod:intelligenceanalysis","floor":9.0},{"not_picked":["rmod:circuitoustactics","rmod:victimresponsibility"],"picked":"rmod:tearstotiara","floor":10.0},{"not_picked":["rmod:victimresponsibility","rmod:desperatesituation"],"picked":"rmod:ridicule","floor":12.0},{"not_picked":["rmod:tearstotiara","rmod:steelsupply"],"picked":"rmod:diamondstrike","floor":13.0},{"not_picked":["rmod:ring","rmod:mineteam"],"picked":"rmod:wolves","floor":14.0},{"not_picked":["rmod:punchline","rmod:fuelsupply"],"picked":"rmod:fletcherpendant","floor":15.0},{"not_picked":["rmod:expeditionaryescort","rmod:timeschanged"],"picked":"rmod:acesubmarine","floor":16.0},{"not_picked":["rmod:intelligenceanalysis","rmod:combined"],"picked":"rmod:fletcherpendant","floor":19.0},{"not_picked":["rmod:ridicule","rmod:unsinkable"],"picked":"rmod:generalist","floor":20.0},{"not_picked":["rmod:fuelsupply","rmod:aluminumsupply"],"picked":"rmod:salvage","floor":22.0},{"not_picked":["rmod:punchline","rmod:selfconfidence"],"picked":"rmod:lonelyqueen+1","floor":25.0},{"not_picked":["rmod:intelligenceanalysis","rmod:robin"],"picked":"rmod:aluminumsupply","floor":26.0},{"not_picked":["rmod:shuttlebombing","rmod:supportaircraftcarrier"],"picked":"rmod:bulid","floor":27.0},{"not_picked":["rmod:generalist+1","rmod:capitalist"],"picked":"rmod:aggressivemary+1","floor":29.0},{"not_picked":["rmod:expeditionaryescort","rmod:guardianhero"],"picked":"rmod:expedition","floor":31.0},{"not_picked":["rmod:spoils+1","rmod:victimresponsibility"],"picked":"rmod:garrisonisland+1","floor":32.0},{"not_picked":["rmod:abidefaith","rmod:windflower"],"picked":"rmod:ridicule","floor":33.0},{"not_picked":["rmod:robin","rmod:supportaircraftcarrier"],"picked":"rmod:diamondstrike","floor":36.0},{"not_picked":["rmod:fuelsupply+1","rmod:diamondstrike"],"picked":"rmod:advancebysurprise+1","floor":37.0},{"not_picked":["rmod:ammunitionsupply+1","rmod:generalist"],"picked":"rmod:fletcher","floor":38.0},{"not_picked":["rmod:shuttlebombing+1","rmod:fuelsupply"],"picked":"rmod:ammunitionsupply","floor":42},{"not_picked":["rmod:fletcherpendant","rmod:ring"],"picked":"rmod:salvage+1","floor":43},{"not_picked":["rmod:intelligenceanalysis+1","rmod:garrisonisland"],"picked":"rmod:bulid+1","floor":45},{"not_picked":["rmod:capitalist+1","rmod:sl"],"picked":"rmod:fletcherpendant","floor":47},{"not_picked":["rmod:garrisonisland","rmod:spoils"],"picked":"rmod:expedition+1","floor":48},{"not_picked":["rmod:victimresponsibility","rmod:supportescort"],"picked":"rmod:supriseattacks","floor":49}],"player_experience":42227,"relics_obtained":[{"floor":1.0,"key":"Regal Pillow"},{"floor":2.0,"key":"LetterFromLob"},{"floor":12.0,"key":"Replay:Accelerometer"},{"floor":20.0,"key":"TungstenRod"},{"floor":20.0,"key":"Mirror"},{"floor":24.0,"key":"Snack Pack"},{"floor":25.0,"key":"Iron Hammer"},{"floor":31.0,"key":"DemoMod:DecoyRelic"},{"floor":41,"key":"HollowMod:StagPassRelic"},{"floor":45,"key":"Divine Protection"}],"event_choices":[{"damage_healed":0,"gold_gain":0,"player_choice":"Got Potions","damage_taken":0,"max_hp_gain":0,"max_hp_loss":0,"event_name":"Lab","floor":44,"gold_loss":0}],"is_beta":false,"boss_relics":[{"not_picked":["SacredBark","Runic Dome"],"picked":"Replay:Grab Bag"},{"not_picked":["Velvet Choker","ChewingGum"],"picked":"Cursed Key"},{"not_picked":["Philosopher\u0027s Stone","Busted Crown"],"picked":"Sozu"},{"not_picked":["Honey Jar","Calling Bell"],"picked":"AT_MortalBlade"},{"not_picked":["Replay:Bronze Core","ReplayTheSpireMod:DimensionalGlitch"],"picked":"AT_TrinityForce"}],"items_purged_floors":[],"is_endless":false,"potions_floor_spawned":[5,9,14,15,19,25,29,31,36,43,48,49],"ascension_level":0}}