{"host":"6gwm7y0tp7acoxay","time":1613562891,"event":{"mods":["BaseMod","Colored Map","Keyboard Shortcuts","Minty Spire (QoL Compilation)","Quick Restart","StSLib","SuperFastMode","everything is the same but u backflip on backflip"],"gold_per_floor":[113,93,104,104,129,155,182,209,209,7,7,7,33,51,51,125,125,141,152,152,202,216,250,250,281,281,307,332,332,360,390,390,466,466,482,297,297,322,369,397,426,459,459,493,493,305,305,634,634,634,634,634,634,193,228,228],"floor_reached":57,"language":"KOR","playtime":2480,"items_purged":["Headbutt","Shrug It Off"],"score":3618,"play_id":"ceec4e26-098c-4c91-a06d-6e8ec162b015","local_time":"20210217205451","daily_mods":["SealedDeck","Heirloom","Flight"],"is_ascension_mode":true,"campfire_choices":[{"floor":11.0,"key":"REST"},{"data":"Armaments","floor":15.0,"key":"SMITH"},{"data":"Offering","floor":32.0,"key":"SMITH"},{"floor":45.0,"key":"RECALL"},{"data":"1","floor":49.0,"key":"LIFT"},{"data":"2","floor":53.0,"key":"LIFT"}],"circlet_count":0,"master_deck":["AscendersBane","Power Through","Pommel Strike+1","True Grit","Seeing Red","Inflame+1","Uppercut+1","Whirlwind+1","Second Wind","Armaments+1","Feed","Disarm","Offering+1","Reaper","Violence","Berserk","Body Slam+1","Juggernaut","Fire Breathing","Feel No Pain"],"relics":["Burning Blood","Ice Cream","Ancient Tea Set","Omamori","Smiling Mask","Toy Ornithopter","Shuriken","Medical Kit","The Courier","Bottled Tornado","SlaversCollar","Magic Flower","Thread and Needle","Eternal Feather","Regal Pillow","InkBottle","Bronze Scales","Black Star","ClockworkSouvenir","Incense Burner","TungstenRod","Akabeko","Bird Faced Urn","Sundial","Oddly Smooth Stone","Bag of Preparation","Anchor","Turnip","Girya","Bottled Lightning","Orrery","Old Coin","Unceasing Top","Sling","Whetstone","Strawberry","Champion Belt"],"acts_visited":["Exordium","TheCity","TheBeyond","TheEnding"],"potions_floor_usage":[55,55,55],"damage_taken":[{"damage":1.0,"enemies":"2 Louse","floor":1.0,"turns":2.0},{"damage":0.0,"enemies":"Cultist","floor":3.0,"turns":3.0},{"damage":26.0,"enemies":"Gremlin Nob","floor":6.0,"turns":4.0},{"damage":12.0,"enemies":"Lagavulin","floor":7.0,"turns":5.0},{"damage":16.0,"enemies":"3 Sentries","floor":8.0,"turns":7.0},{"damage":0.0,"enemies":"Gremlin Nob","floor":13.0,"turns":2.0},{"damage":0.0,"enemies":"Small Slimes","floor":14.0,"turns":2.0},{"damage":23.0,"enemies":"Hexaghost","floor":16.0,"turns":8.0},{"damage":10.0,"enemies":"Shell Parasite","floor":18.0,"turns":4.0},{"damage":11.0,"enemies":"Chosen","floor":19.0,"turns":6.0},{"damage":9.0,"enemies":"Centurion and Healer","floor":22.0,"turns":8.0},{"damage":0.0,"enemies":"Gremlin Leader","floor":23.0,"turns":7.0},{"damage":6.0,"enemies":"Book of Stabbing","floor":25.0,"turns":5.0},{"damage":11.0,"enemies":"Gremlin Leader","floor":27.0,"turns":4.0},{"damage":25.0,"enemies":"Slavers","floor":28.0,"turns":3.0},{"damage":18.0,"enemies":"Book of Stabbing","floor":30.0,"turns":7.0},{"damage":13.0,"enemies":"Slavers","floor":31.0,"turns":6.0},{"damage":43.0,"enemies":"Collector","floor":33.0,"turns":9.0},{"damage":18.0,"enemies":"Orb Walker","floor":35.0,"turns":6.0},{"damage":10.0,"enemies":"Mind Bloom Boss Battle","floor":38.0,"turns":8.0},{"damage":72.0,"enemies":"2 Orb Walkers","floor":39.0,"turns":6.0},{"damage":22.0,"enemies":"Giant Head","floor":40.0,"turns":8.0},{"damage":11.0,"enemies":"Reptomancer","floor":41.0,"turns":5.0},{"damage":13.0,"enemies":"Nemesis","floor":42.0,"turns":5.0},{"damage":25.0,"enemies":"Reptomancer","floor":44.0,"turns":5.0},{"damage":5.0,"enemies":"Giant Head","floor":48.0,"turns":5.0},{"damage":5.0,"enemies":"Donu and Deca","floor":50.0,"turns":7.0},{"damage":60.0,"enemies":"Awakened One","floor":51.0,"turns":9.0},{"damage":5,"enemies":"Shield and Spear","floor":55,"turns":5},{"damage":39,"enemies":"The Heart","floor":56,"turns":8}],"seed_played":"-1074869989342703996","potions_obtained":[{"floor":2.0,"key":"EssenceOfSteel"},{"floor":3.0,"key":"SkillPotion"},{"floor":13.0,"key":"Energy Potion"},{"floor":19.0,"key":"FairyPotion"},{"floor":22.0,"key":"SteroidPotion"},{"floor":27.0,"key":"PowerPotion"},{"floor":30.0,"key":"Swift Potion"},{"floor":31.0,"key":"Explosive Potion"},{"floor":33.0,"key":"PowerPotion"},{"floor":42.0,"key":"FairyPotion"},{"floor":44.0,"key":"PowerPotion"}],"is_trial":true,"path_per_floor":["M","?","M","?","T","E","E","E","T","$","R","?","E","M","R","B",null,"M","M","?","?","M","E","?","E","T","E","E","?","E","E","R","B",null,"M","$","?","?","?","E","E","E","T","E","R","$","?","E","R","B","B",null,"R","$","E","B",null],"character_chosen":"IRONCLAD","items_purchased":["Armaments","Medical Kit","ClockworkSouvenir","Orrery","Fire Breathing","Feel No Pain","EntropicBrew","Sling","Whetstone"],"campfire_rested":1,"item_purchase_floors":[10,10,36,46,54,54,54,54,54],"current_hp_per_floor":[73,73,75,52,52,32,26,16,16,16,38,33,39,45,45,28,63,67,65,65,65,66,72,72,81,81,85,83,83,80,90,99,83,103,112,112,112,117,82,118,125,125,125,129,129,129,129,133,133,137,119,136,141,141,151,142],"gold":228,"neow_bonus":"","is_daily":false,"chose_seed":false,"campfire_upgraded":2,"win_rate":0.0,"timestamp":1613562891,"path_taken":["M","?","?","?","?","E","E","E","T","$","R","?","E","?","R","BOSS","M","?","?","?","?","E","?","E","T","E","E","?","E","E","R","BOSS","M","$","?","?","?","E","E","E","T","E","R","$","?","E","R","BOSS","BOSS","R","$","E","BOSS"],"items_purchased_type":["Card","Relic","Relic","Relic","Card","Card","Potion","Relic","Relic"],"build_version":"2020-12-22","purchased_purges":2,"victory":true,"max_hp_per_floor":[75,75,75,75,75,75,75,75,75,75,75,75,75,75,75,75,75,78,81,81,81,85,85,85,89,89,93,97,97,101,105,105,109,109,113,113,113,117,121,121,125,125,125,129,129,129,129,133,133,137,141,141,141,141,151,151],"card_choices":[{"not_picked":["Wild Strike","Metallicize","Thunderclap"],"picked":"SKIP","floor":1.0},{"not_picked":["Iron Wave","Blood for Blood","Thunderclap"],"picked":"SKIP","floor":3.0},{"not_picked":["Wild Strike","Infernal Blade","Clothesline"],"picked":"SKIP","floor":6.0},{"not_picked":["Hemokinesis","Rupture","Body Slam"],"picked":"SKIP","floor":7.0},{"not_picked":["Combust","Hemokinesis"],"picked":"Second Wind","floor":8.0},{"not_picked":["Infernal Blade","Demon Form","Clash"],"picked":"SKIP","floor":13.0},{"not_picked":["Iron Wave","Fire Breathing","Flex"],"picked":"SKIP","floor":14.0},{"not_picked":["Immolate","Exhume"],"picked":"Feed","floor":16.0},{"not_picked":["Flex","Inflame+1","Anger"],"picked":"SKIP","floor":18.0},{"not_picked":["Dual Wield","Pommel Strike","Iron Wave"],"picked":"SKIP","floor":19.0},{"not_picked":["Headbutt+1","Ghostly Armor+1","Perfected Strike"],"picked":"SKIP","floor":22.0},{"not_picked":["Twin Strike+1","Cleave"],"picked":"Offering","floor":23.0},{"not_picked":["Second Wind","Heavy Blade","Anger+1"],"picked":"SKIP","floor":25.0},{"not_picked":["Feed","Clothesline","Clash"],"picked":"SKIP","floor":27.0},{"not_picked":["Shrug It Off","Brutality","Bloodletting"],"picked":"SKIP","floor":28.0},{"not_picked":["Flex","Body Slam","Clash"],"picked":"SKIP","floor":30.0},{"not_picked":["Shrug It Off","Fiend Fire"],"picked":"Reaper","floor":31.0},{"not_picked":["Power Through+1","Uppercut","Clash+1"],"picked":"SKIP","floor":35.0},{"not_picked":["Mayhem","Madness"],"picked":"Violence","floor":37.0},{"not_picked":["Heavy Blade","Headbutt"],"picked":"Berserk","floor":40.0},{"not_picked":["Thunderclap","Clash","Heavy Blade"],"picked":"SKIP","floor":41.0},{"not_picked":["Burning Pact","True Grit+1","Offering"],"picked":"SKIP","floor":42.0},{"not_picked":["Reaper","Iron Wave","Carnage"],"picked":"SKIP","floor":44.0},{"not_picked":["Warcry","Armaments"],"picked":"Body Slam+1","floor":46.0},{"not_picked":["Blood for Blood+1","Headbutt"],"picked":"Juggernaut","floor":48.0},{"not_picked":["Body Slam+1","Ghostly Armor","Pommel Strike"],"picked":"SKIP","floor":55}],"player_experience":4560124,"relics_obtained":[{"floor":5.0,"key":"Ancient Tea Set"},{"floor":6.0,"key":"Omamori"},{"floor":7.0,"key":"Smiling Mask"},{"floor":8.0,"key":"Toy Ornithopter"},{"floor":9.0,"key":"Shuriken"},{"floor":13.0,"key":"Bottled Tornado"},{"floor":23.0,"key":"Magic Flower"},{"floor":25.0,"key":"Thread and Needle"},{"floor":27.0,"key":"Eternal Feather"},{"floor":28.0,"key":"Regal Pillow"},{"floor":30.0,"key":"InkBottle"},{"floor":31.0,"key":"Bronze Scales"},{"floor":38.0,"key":"Incense Burner"},{"floor":39.0,"key":"TungstenRod"},{"floor":40.0,"key":"Akabeko"},{"floor":40.0,"key":"Bird Faced Urn"},{"floor":41.0,"key":"Sundial"},{"floor":41.0,"key":"Oddly Smooth Stone"},{"floor":42.0,"key":"Bag of Preparation"},{"floor":42.0,"key":"Anchor"},{"floor":43.0,"key":"Turnip"},{"floor":44.0,"key":"Girya"},{"floor":44.0,"key":"Bottled Lightning"},{"floor":48.0,"key":"Old Coin"},{"floor":48.0,"key":"Unceasing Top"},{"floor":55,"key":"Strawberry"},{"floor":55,"key":"Champion Belt"}],"event_choices":[{"damage_healed":0.0,"max_hp_gain":0.0,"max_hp_loss":0.0,"gold_gain":0.0,"event_name":"The Woman in Blue","player_choice":"Bought 1 Potion","floor":2.0,"gold_loss":0.0,"damage_taken":0.0},{"damage_healed":0.0,"max_hp_gain":0.0,"max_hp_loss":0.0,"gold_gain":0.0,"event_name":"Shining Light","player_choice":"Entered Light","floor":4.0,"gold_loss":0.0,"damage_taken":23.0,"cards_upgraded":["Pommel Strike","Inflame"]},{"damage_healed":0.0,"max_hp_gain":0.0,"max_hp_loss":0.0,"gold_gain":0.0,"event_name":"Scrap Ooze","player_choice":"Success","floor":12.0,"gold_loss":0.0,"damage_taken":5.0,"relics_obtained":["The Courier"]},{"damage_healed":0.0,"max_hp_gain":0.0,"max_hp_loss":0.0,"gold_gain":0.0,"event_name":"The Library","player_choice":"Read","floor":20.0,"gold_loss":0.0,"damage_taken":0.0,"cards_obtained":["Disarm"]},{"damage_healed":0.0,"max_hp_gain":0.0,"max_hp_loss":0.0,"gold_gain":50.0,"event_name":"Golden Shrine","player_choice":"Pray","floor":21.0,"gold_loss":0.0,"damage_taken":0.0},{"damage_healed":0.0,"max_hp_gain":0.0,"max_hp_loss":0.0,"gold_gain":0.0,"event_name":"Ghosts","player_choice":"Ignored","floor":24.0,"gold_loss":0.0,"damage_taken":0.0},{"cards_removed":["Twin Strike"],"damage_healed":0.0,"max_hp_gain":0.0,"max_hp_loss":0.0,"gold_gain":0.0,"event_name":"Back to Basics","player_choice":"Elegance","floor":29.0,"gold_loss":0.0,"damage_taken":0.0},{"damage_healed":0.0,"max_hp_gain":0.0,"max_hp_loss":0.0,"gold_gain":0.0,"event_name":"SensoryStone","player_choice":"Memory 1","floor":37.0,"gold_loss":0.0,"damage_taken":0.0},{"damage_healed":0.0,"max_hp_gain":0.0,"max_hp_loss":0.0,"gold_gain":0.0,"event_name":"MindBloom","player_choice":"Fight","floor":38.0,"gold_loss":0.0,"damage_taken":0.0},{"damage_healed":0.0,"max_hp_gain":0.0,"max_hp_loss":0.0,"gold_gain":0.0,"event_name":"Mysterious Sphere","player_choice":"Fight","floor":39.0,"gold_loss":0.0,"damage_taken":0.0},{"damage_healed":0.0,"max_hp_gain":0.0,"max_hp_loss":0.0,"gold_gain":0.0,"event_name":"Tomb of Lord Red Mask","player_choice":"Ignored","floor":47.0,"gold_loss":0.0,"damage_taken":0.0}],"is_beta":false,"boss_relics":[{"not_picked":["Black Blood","Tiny House"],"picked":"SlaversCollar"},{"not_picked":["Cursed Key","SacredBark"],"picked":"Black Star"}],"items_purged_floors":[36,46],"is_endless":false,"potions_floor_spawned":[3,13,19,22,27,30,31,33,38,42,44,48],"ascension_level":20}}