{"host":"by8i6f8xc0ywpsd5","time":1613565385,"event":{"mods":["BaseMod","Colored Map","Downfall","Minty Spire (QoL Compilation)","Relic Stats","StSLib"],"gold_per_floor":[199,218,8,25,36,36,36,54,204,104,120,146,156,184,204,300,300,200,213,22,37,22,51,74,90,90,90,90,110,110,126,145,246,246,246,137,137,150,164,164,164,164],"floor_reached":40,"language":"ENG","playtime":2495,"items_purged":["hexamod:Strike","hexamod:Strike","downfall:Icky"],"score":460,"play_id":"d9be29c1-3af6-48de-bc12-64312135a86f","local_time":"20210217143625","is_ascension_mode":false,"campfire_choices":[{"floor":1,"key":"RECALL"},{"data":"hexamod:EmpoweredFlame","floor":6,"key":"SMITH"},{"data":"hexamod:Incineration","floor":10,"key":"SMITH"},{"data":"hexamod:ForkedFlame","floor":18,"key":"SMITH"},{"floor":26,"key":"REST"},{"data":"hexamod:TurnItUp","floor":28,"key":"SMITH"},{"floor":30,"key":"REST"},{"data":"hexamod:GiftsFromTheDead","floor":35,"key":"SMITH"}],"circlet_count":0,"master_deck":["hexamod:Strike","hexamod:Strike","hexamod:Defend","hexamod:Defend","hexamod:Defend","hexamod:Defend","hexamod:Sear","hexamod:Float","hexamod:SpectersWail","hexamod:SwordOfDarkness","hexamod:Incineration+1","hexamod:Hexaguard","hexamod:ParanormalForm","hexamod:EmpoweredFlame+1","hexamod:Hexaguard","hexamod:EmpoweredFlame","hexamod:ForkedFlame+1","hexamod:FlamesFromBeyond","hexamod:TurnItUp+1","CurseOfTheBell","hexamod:RainOfEmbers","hexamod:ForkedFlame","hexamod:ShieldOfDarkness+1","hexamod:HexaLevel","hexamod:FastForward+1","hexamod:FlamesFromBeyond","hexamod:TurnItUp","hexamod:FlamesFromBeyond+1","hexamod:ShieldOfDarkness+1","hexamod:GiftsFromTheDead+1","hexamod:EmpoweredFlame+1","hexamod:TurnItUp+1","Mayhem","hexamod:BurningTouch+1","hexamod:GhostflameBarrier"],"relics":["hexamod:SpiritBrand","Gremlin Horn","downfall:HeartBlessingRed","Oddly Smooth Stone","Calling Bell","Lantern","Singing Bowl","Calipers","downfall:HeartBlessingGreen","Gambling Chip","PreservedInsect","Sozu","DollysMirror"],"acts_visited":["Exordium","TheCity","TheBeyond"],"potions_floor_usage":[8,14,14],"damage_taken":[{"damage":0,"enemies":"Cultist","floor":2,"turns":3},{"damage":0,"enemies":"downfall:FleeingMerchant","floor":3,"turns":4},{"damage":1,"enemies":"Jaw Worm","floor":4,"turns":2},{"damage":0,"enemies":"2 Louse","floor":5,"turns":2},{"damage":0,"enemies":"Exordium Thugs","floor":8,"turns":3},{"damage":0,"enemies":"Gremlin Gang","floor":11,"turns":2},{"damage":0,"enemies":"Large Slime","floor":13,"turns":4},{"damage":4,"enemies":"Gremlin Nob","floor":14,"turns":3},{"damage":0,"enemies":"Lots of Slimes","floor":15,"turns":1},{"damage":18,"enemies":"IC_STATUS_ARCHETYPE","floor":16,"turns":4},{"damage":0,"enemies":"Chosen","floor":19,"turns":3},{"damage":10,"enemies":"downfall:FleeingMerchant","floor":20,"turns":4},{"damage":0,"enemies":"Shell Parasite","floor":21,"turns":3},{"damage":11,"enemies":"downfall:FleeingMerchant","floor":22,"turns":4},{"damage":44,"enemies":"Slavers","floor":23,"turns":5},{"damage":0,"enemies":"Chosen and Byrds","floor":25,"turns":5},{"damage":14,"enemies":"Sentry and Sphere","floor":29,"turns":3},{"damage":7,"enemies":"Shelled Parasite and Fungi","floor":31,"turns":3},{"damage":9,"enemies":"Centurion and Healer","floor":32,"turns":6},{"damage":10,"enemies":"DF_ARCHETYPE_CLAW","floor":33,"turns":7},{"damage":6,"enemies":"downfall:FleeingMerchant","floor":36,"turns":4},{"damage":3,"enemies":"Orb Walker","floor":38,"turns":3},{"damage":30,"enemies":"3 Darklings","floor":39,"turns":3},{"damage":42,"enemies":"4 Shapes","floor":40,"turns":3}],"seed_played":"6642282427718778071","potions_obtained":[{"floor":2,"key":"LiquidBronze"},{"floor":4,"key":"hexamod:SoulburnPotion"},{"floor":5,"key":"ColorlessPotion"},{"floor":13,"key":"DistilledChaos"},{"floor":21,"key":"Weak Potion"},{"floor":23,"key":"CultistPotion"},{"floor":32,"key":"hexamod:SoulburnPotion"},{"floor":33,"key":"PowerPotion"}],"is_trial":false,"path_per_floor":["R","M","$","M","M","R","T","M","?","R","M","T","M","E","M","B",null,"R","M","$","M","$","E","T","M","R","?","R","M","R","M","M","B",null,"R","$","?","M","M","M"],"character_chosen":"THE_SPIRIT","items_purchased":["hexamod:Incineration","hexamod:Hexaguard","hexamod:ForkedFlame","DollysMirror","Mayhem"],"campfire_rested":2,"item_purchase_floors":[3,3,20,36,36],"current_hp_per_floor":[70,70,70,69,69,69,69,69,69,69,69,69,69,65,65,47,70,70,70,62,62,51,7,7,7,28,28,28,16,38,31,22,12,74,74,68,68,65,35,0,0,0],"gold":164,"neow_bonus":"HUNDRED_GOLD","is_daily":false,"chose_seed":false,"campfire_upgraded":5,"win_rate":0.0,"timestamp":1613565385,"path_taken":["R","M","$","M","M","R","T","?","?","R","M","?","?","E","M","BOSS","R","M","$","M","$","E","T","M","R","?","R","?","R","?","M","BOSS","R","$","?","M","M","?"],"items_purchased_type":["Card","Card","Card","Relic","Card"],"build_version":"2020-12-22","purchased_purges":3,"victory":false,"max_hp_per_floor":[70,70,70,70,70,70,70,70,70,70,70,70,70,70,70,70,70,70,70,72,72,72,72,72,72,72,72,72,74,74,74,74,74,74,74,74,74,74,74,74,74,74],"relic_stats":{"Sozu":0,"Gremlin Horn":[18,18],"Singing Bowl":4,"counters":[24,84],"Gambling Chip":[30],"PreservedInsect":0,"obtain_stats":[{"Lantern":17,"Calipers":17,"Gremlin Horn":7,"downfall:HeartBlessingRed":10,"Singing Bowl":17,"Oddly Smooth Stone":14,"downfall:HeartBlessingGreen":18,"PreservedInsect":24,"Calling Bell":17,"Sozu":34,"DollysMirror":36,"Gambling Chip":23,"hexamod:SpiritBrand":0},{"Lantern":10,"Calipers":10,"Gremlin Horn":4,"downfall:HeartBlessingRed":5,"Singing Bowl":10,"Oddly Smooth Stone":8,"downfall:HeartBlessingGreen":10,"PreservedInsect":15,"Calling Bell":10,"Sozu":20,"DollysMirror":21,"Gambling Chip":15,"hexamod:SpiritBrand":0},{"Lantern":28,"Calipers":28,"Gremlin Horn":11,"downfall:HeartBlessingRed":14,"Singing Bowl":28,"Oddly Smooth Stone":23,"downfall:HeartBlessingGreen":28,"PreservedInsect":47,"Calling Bell":28,"Sozu":71,"DollysMirror":75,"Gambling Chip":47,"hexamod:SpiritBrand":0}]},"card_choices":[{"not_picked":["hexamod:SkipABeat","hexamod:SwordOfDarkness"],"picked":"hexamod:SpectersWail","floor":2},{"not_picked":["hexamod:NightmareStrike","hexamod:FlamesFromBeyond"],"picked":"hexamod:SwordOfDarkness","floor":3},{"not_picked":["hexamod:SwordOfDarkness","hexamod:AdvancingGuard"],"picked":"hexamod:ParanormalForm","floor":4},{"not_picked":["hexamod:GhostShield","hexamod:NightmareStrike"],"picked":"hexamod:EmpoweredFlame","floor":5},{"not_picked":["hexamod:ShieldOfDarkness","hexamod:BurningTouch"],"picked":"hexamod:Hexaguard","floor":8},{"not_picked":["hexamod:AdvancingGuard","hexamod:NecessarySacrifice","hexamod:HeatCrush"],"picked":"SKIP","floor":11},{"not_picked":["hexamod:Firestarter","hexamod:ChargedBarrage"],"picked":"hexamod:EmpoweredFlame","floor":13},{"not_picked":["hexamod:SecondSeal","hexamod:NightmareStrike"],"picked":"hexamod:ForkedFlame","floor":14},{"not_picked":["hexamod:Incineration","hexamod:Hexaguard"],"picked":"hexamod:FlamesFromBeyond","floor":15},{"not_picked":["hexamod:ForkedFlame","hexamod:TimeOfNeed"],"picked":"hexamod:TurnItUp","floor":16},{"not_picked":["hexamod:GhostLash","hexamod:GhostShield"],"picked":"hexamod:RainOfEmbers","floor":19},{"not_picked":["hexamod:PhantomFireball+1","hexamod:RadiantFlame","hexamod:FastForward"],"picked":"Singing Bowl","floor":20},{"not_picked":["hexamod:Firestarter","hexamod:HauntingEcho+1"],"picked":"hexamod:ShieldOfDarkness+1","floor":21},{"not_picked":["hexamod:Haunt+1","hexamod:CatchUp"],"picked":"hexamod:HexaLevel","floor":22},{"not_picked":["hexamod:ThermalTransfer","hexamod:SpectersWail"],"picked":"hexamod:FastForward+1","floor":23},{"not_picked":["hexamod:Firestarter","hexamod:ShieldOfDarkness"],"picked":"hexamod:FlamesFromBeyond","floor":25},{"not_picked":["hexamod:BacktrackSmack","hexamod:GhostOfSpirePast+1","hexamod:PhantomFireball"],"picked":"Singing Bowl","floor":29},{"not_picked":["hexamod:GhostOfSpirePresent","hexamod:SpectersWail"],"picked":"hexamod:FlamesFromBeyond+1","floor":31},{"not_picked":["hexamod:BurningTouch","hexamod:SwordOfDarkness"],"picked":"hexamod:ShieldOfDarkness+1","floor":32},{"not_picked":["hexamod:UnlimitedPower","hexamod:ParanormalForm"],"picked":"hexamod:GiftsFromTheDead","floor":33},{"not_picked":["hexamod:Firestarter+1","hexamod:FastForward+1"],"picked":"hexamod:EmpoweredFlame+1","floor":36},{"not_picked":["hexamod:BacktrackSmack","hexamod:SoulSteal"],"picked":"hexamod:BurningTouch+1","floor":38},{"not_picked":["hexamod:NightmareStrike+1","hexamod:PowerFromBeyond"],"picked":"hexamod:GhostflameBarrier","floor":39}],"player_experience":1799899,"relics_obtained":[{"floor":7,"key":"Gremlin Horn"},{"floor":14,"key":"Oddly Smooth Stone"},{"floor":17,"key":"Lantern"},{"floor":17,"key":"Singing Bowl"},{"floor":17,"key":"Calipers"},{"floor":23,"key":"Gambling Chip"},{"floor":24,"key":"PreservedInsect"}],"event_choices":[],"is_beta":false,"boss_relics":[{"not_picked":["Tiny House","Busted Crown"],"picked":"Calling Bell"},{"not_picked":["Black Star","Runic Dome"],"picked":"Sozu"}],"items_purged_floors":[3,20,36],"is_endless":false,"potions_floor_spawned":[2,4,5,13,21,23,31,32,33],"killed_by":"4 Shapes","ascension_level":0}}