{"host":"cgv4xfjbrthxr81g","time":1613594868,"event":{"mods":["2.2 Compatiblity","Act Like it!","BaseMod","Bestiary","Better Altar","Better Match","Better Note","Better Sensory Stone","Better Skull","Better Third Choice","BetterRewards","Block Reminder","Card Forge","Clawfect","Colored Map","Colored Powertips","Curses Come First","DeckTracker","Defuse TimeMaze Blight","Downfall","Downfall-Rebalance","Energized Spire","Evolution","Filter the Spire","Friendly Minions","Gremlin Mod","Hallownest","Highlight Path","Hubris","Infinite Spire","Mimic Mod","Minty Spire (QoL Compilation)","Morshu Shopkeeper","Permanent Neow","Poor People Problems","Quick Restart","Rare Cards Sparkle","Relic Sorter","Relic Stats","Reliquary","Replay The Spire","Robot Space Explorer","Shop Mod","Spicy Shops","StSLib","SuperFastMode","The Bug Knight","The Caster","The Construct","The Dragon Tamer","The Jungle","TheVacant","Uncapped","Wandering Minibosses","thorton","????"],"gold_per_floor":[119,119,119,119,5,5,28,64,64,64,141,141,167,175,175,188,188,188],"floor_reached":16,"language":"ENG","playtime":767,"items_purged":[],"score":90,"play_id":"23b2b805-aea2-4ce8-bcd7-8e82f36d4b45","local_time":"20210217154748","is_ascension_mode":false,"campfire_choices":[{"data":"thethorton:BusinessBurst","floor":6,"key":"SMITH"},{"data":"thethorton:BusinessBash","floor":10,"key":"SMITH"},{"data":"thethorton:MomentaryBreak","floor":12,"key":"SMITH"},{"floor":15,"key":"REST"}],"circlet_count":0,"master_deck":["thethorton:Strike","thethorton:Strike","thethorton:Strike","thethorton:Strike","thethorton:Defend","thethorton:Defend","thethorton:Defend","thethorton:Defend","thethorton:Heckle","thethorton:CreditCard","thethorton:WhirlingBriefcase+1","thethorton:BusinessBurst+1","thethorton:PowerUp","thethorton:BusinessBash+1","thethorton:DualBap","thethorton:DualBap","thethorton:MomentaryBreak+1","thethorton:BusinessCard","thethorton:GoldBuffer","thethorton:CashBash"],"relics":["thethorton:CouragePotion","Hammer of Thor","Seething Fire","Anvil of the Gods","EVO:Axolotl","infinitespire:Satchel","hubris:Icosahedron","infinitespire:ShieldingShard","infinitespire:EmpoweringShard"],"acts_visited":["Exordium"],"potions_floor_usage":[13,16],"damage_taken":[{"damage":16,"enemies":"Small Slimes","floor":1,"turns":5},{"damage":7,"enemies":"Jaw Worm","floor":7,"turns":4},{"damage":1,"enemies":"2 Louse","floor":8,"turns":2},{"damage":2,"enemies":"Exordium Thugs","floor":13,"turns":4},{"damage":16,"enemies":"Blue Slaver","floor":14,"turns":6},{"damage":58,"enemies":"Hexaghost","floor":16,"turns":12}],"seed_played":"-8675741307179904942","potions_obtained":[{"floor":8,"key":"Adrenaline Potion"},{"floor":14,"key":"sneckomod:MuddlingPotion"}],"is_trial":false,"path_per_floor":["M","?","?","?","$","R","M","M","T","R","?","R","M","M","R","B"],"character_chosen":"THE_THORT","items_purchased":["thethorton:BusinessBurst","thethorton:PowerUp"],"campfire_rested":1,"item_purchase_floors":[5,5],"current_hp_per_floor":[52,52,52,52,52,52,45,44,44,44,44,44,46,34,54,0,0,0],"gold":188,"neow_bonus":"RANDOM_COMMON_RELIC","is_daily":false,"chose_seed":false,"campfire_upgraded":3,"win_rate":0.0,"timestamp":1613594868,"path_taken":["M","?","?","?","?","R","M","?","T","R","?","R","M","M","R","BOSS"],"items_purchased_type":["Card","Card"],"build_version":"2020-12-22","purchased_purges":0,"victory":false,"max_hp_per_floor":[68,68,68,68,68,68,68,68,68,68,68,68,68,68,68,68,68,68],"relic_stats":{"counters":[6,33],"obtain_stats":[{"hubris:Icosahedron":2,"infinitespire:ShieldingShard":9,"Anvil of the Gods":0,"infinitespire:Satchel":0,"Hammer of Thor":0,"thethorton:CouragePotion":0,"infinitespire:EmpoweringShard":14,"EVO:Axolotl":0,"Seething Fire":0},{"hubris:Icosahedron":1,"infinitespire:ShieldingShard":3,"Anvil of the Gods":0,"infinitespire:Satchel":0,"Hammer of Thor":0,"thethorton:CouragePotion":0,"infinitespire:EmpoweringShard":5,"EVO:Axolotl":0,"Seething Fire":0},{"hubris:Icosahedron":5,"infinitespire:ShieldingShard":11,"Anvil of the Gods":0,"infinitespire:Satchel":0,"Hammer of Thor":0,"thethorton:CouragePotion":0,"infinitespire:EmpoweringShard":18,"EVO:Axolotl":0,"Seething Fire":0}]},"card_choices":[{"not_picked":["thethorton:AngerMoment","thethorton:DesperateRun"],"picked":"thethorton:WhirlingBriefcase","floor":1},{"not_picked":["thethorton:SeeingDouble","thethorton:ElbowSmash"],"picked":"thethorton:BusinessBash","floor":7},{"not_picked":["thethorton:CannonShot","thethorton:ElbowSmash"],"picked":"thethorton:DualBap","floor":8},{"not_picked":["thethorton:Distance","thethorton:StumblingSlap"],"picked":"thethorton:DualBap","floor":11},{"not_picked":["thethorton:ElbowSmash","thethorton:DockPay"],"picked":"thethorton:MomentaryBreak","floor":11},{"not_picked":["thethorton:LongTermPayoff","thethorton:LongDaysWork"],"picked":"thethorton:BusinessCard","floor":11},{"not_picked":["thethorton:SnowDay","thethorton:ShoutAndRun"],"picked":"thethorton:GoldBuffer","floor":13},{"not_picked":["thethorton:RunningKick","thethorton:Crash"],"picked":"thethorton:CashBash","floor":14}],"player_experience":126096,"relics_obtained":[{"floor":9,"key":"infinitespire:ShieldingShard"}],"event_choices":[],"is_beta":false,"boss_relics":[],"items_purged_floors":[],"is_endless":false,"potions_floor_spawned":[8,14],"killed_by":"Hexaghost","ascension_level":0}}