{"host":"p7cjtxxrilhp4dw7","time":1613545255,"event":{"mods":["BaseMod","Block Reminder","Colored Map","Curses Come First","Downfall","Highlight Path","Minty Spire (QoL Compilation)","StSLib"],"gold_per_floor":[99,115,115,115,50,60,86,119,119,133,133,33,51,68,80,177,177,177,193,207,207,225,160,183,193,193,193,213,213,213,213],"floor_reached":29,"language":"ENG","playtime":2281,"items_purged":["downfall:Malfunctioning","champ:Defend"],"score":277,"play_id":"94838354-e9fb-4698-8a4e-96f9cda87440","local_time":"20210217000055","is_ascension_mode":false,"campfire_choices":[{"data":"champ:Taunt","floor":1,"key":"SMITH"},{"floor":9,"key":"REST"},{"floor":12,"key":"DIG"},{"data":"champ:ShieldWall","floor":18,"key":"SMITH"},{"floor":27,"key":"DIG"}],"circlet_count":0,"master_deck":["champ:Strike","champ:Strike+1","champ:Strike+1","champ:Strike","champ:Defend","champ:Defend","champ:Defend+1","champ:Execute","champ:Taunt+1","champ:FlashCut","champ:Haymaker","champ:TripleStrike+1","champ:ShieldWall+1","champ:SkillfulDodge","champ:DefensiveShout","champ:HoldFirm","champ:PreemptiveStrike","champ:SetATrap+1","champ:DeathBlow","champ:RapidStrikes"],"relics":["champ:ChampionCrown","Smiling Mask","Boot","Shovel","downfall:HeartBlessingGreen","Sundial","Black Star","champ:FightingForDummies","Gambling Chip"],"acts_visited":["Exordium","TheCity"],"potions_floor_usage":[15,16,19,22,25,29],"damage_taken":[{"damage":12,"enemies":"Small Slimes","floor":2,"turns":4},{"damage":10,"enemies":"downfall:FleeingMerchant","floor":5,"turns":4},{"damage":10,"enemies":"2 Louse","floor":6,"turns":3},{"damage":29,"enemies":"Lagavulin","floor":8,"turns":9},{"damage":16,"enemies":"Cultist","floor":10,"turns":3},{"damage":18,"enemies":"downfall:LooterAlt","floor":13,"turns":3},{"damage":0,"enemies":"Blue Slaver","floor":14,"turns":2},{"damage":0,"enemies":"Lots of Slimes","floor":15,"turns":1},{"damage":10,"enemies":"SI_SHIV_ARCHETYPE","floor":16,"turns":6},{"damage":20,"enemies":"downfall:LooterAlt2","floor":19,"turns":3},{"damage":11,"enemies":"Shell Parasite","floor":20,"turns":5},{"damage":4,"enemies":"Snecko","floor":22,"turns":5},{"damage":0,"enemies":"downfall:FleeingMerchant","floor":23,"turns":4},{"damage":21,"enemies":"3 Cultists","floor":25,"turns":4},{"damage":15,"enemies":"Centurion and Healer","floor":28,"turns":5},{"damage":71,"enemies":"Slavers","floor":29,"turns":6}],"seed_played":"7657493853191998541","potions_obtained":[{"floor":2,"key":"Explosive Potion"},{"floor":8,"key":"LiquidMemories"},{"floor":15,"key":"LiquidMemories"},{"floor":16,"key":"Explosive Potion"},{"floor":20,"key":"Fire Potion"},{"floor":22,"key":"EssenceOfSteel"}],"is_trial":false,"path_per_floor":["R","M","?","?","$","M","T","E","R","M","?","R","M","M","M","B",null,"R","M","M","?","M","$","T","M","?","R","M","E"],"character_chosen":"THE_CHAMP","items_purchased":[],"campfire_rested":1,"item_purchase_floors":[],"current_hp_per_floor":[99,97,97,72,72,72,72,63,92,91,91,91,83,83,83,83,99,99,89,88,88,84,84,84,73,73,73,68,0,0,0],"gold":213,"neow_bonus":"TEN_PERCENT_HP_BONUS","is_daily":false,"chose_seed":false,"campfire_upgraded":2,"win_rate":0.0,"timestamp":1613545255,"path_taken":["R","M","?","?","$","M","T","E","R","M","?","R","?","M","M","BOSS","R","M","M","?","M","$","T","M","?","R","?","E"],"items_purchased_type":[],"build_version":"2020-12-22","purchased_purges":2,"victory":false,"max_hp_per_floor":[99,99,99,99,99,99,99,99,99,99,99,99,99,99,99,99,99,99,99,99,99,99,99,99,99,99,99,99,99,99,99],"card_choices":[{"not_picked":["champ:FanOfKnives","champ:PreemptiveStrike","champ:Shatter"],"picked":"SKIP","floor":2},{"not_picked":["champ:CrownThrow","champ:FalseCounter"],"picked":"champ:FlashCut","floor":5},{"not_picked":["champ:FocusedBerserking","champ:GladiatorStyle"],"picked":"champ:Haymaker","floor":6},{"not_picked":["champ:RapidStrikes","champ:Haymaker"],"picked":"champ:TripleStrike","floor":8},{"not_picked":["champ:DefensiveShout","champ:FaceSlap"],"picked":"champ:ShieldWall","floor":10},{"not_picked":["champ:IronFortress","champ:SetATrap"],"picked":"champ:SkillfulDodge","floor":13},{"not_picked":["champ:HeartStrike","champ:AdrenalArmor","champ:GutPunch"],"picked":"SKIP","floor":14},{"not_picked":["champ:CrownThrow","champ:FocusedBerserking"],"picked":"champ:DefensiveShout","floor":15},{"not_picked":["champ:TripleStrike","champ:GladiatorForm"],"picked":"champ:HoldFirm","floor":16},{"not_picked":["champ:CrownThrow","champ:Endure"],"picked":"champ:PreemptiveStrike","floor":19},{"not_picked":["champ:AdrenalArmor","champ:BerserkersShout"],"picked":"champ:SetATrap+1","floor":20},{"not_picked":["champ:HeartStrike","champ:EnGarde+1","champ:BerserkersShout"],"picked":"SKIP","floor":22},{"not_picked":["champ:PreciseThrust+1","champ:Circumvent+1"],"picked":"champ:DeathBlow","floor":23},{"not_picked":["champ:GutPunch","champ:Circumvent"],"picked":"champ:RapidStrikes","floor":25},{"not_picked":["champ:Haymaker","champ:Endure","champ:FaceSlap+1"],"picked":"SKIP","floor":28}],"player_experience":796328,"relics_obtained":[{"floor":7,"key":"Boot"},{"floor":8,"key":"Shovel"},{"floor":12,"key":"Sundial"},{"floor":24,"key":"champ:FightingForDummies"},{"floor":27,"key":"Gambling Chip"}],"event_choices":[{"damage_healed":0,"gold_gain":0,"player_choice":"Success","damage_taken":25,"relics_obtained":["Smiling Mask"],"max_hp_gain":0,"max_hp_loss":0,"event_name":"Scrap Ooze","floor":4,"gold_loss":0},{"damage_healed":0,"gold_gain":0,"player_choice":"Ignored","damage_taken":0,"max_hp_gain":0,"max_hp_loss":0,"event_name":"Ghosts","floor":21,"gold_loss":0}],"is_beta":false,"boss_relics":[{"not_picked":["Fusion Hammer","Coffee Dripper"],"picked":"Black Star"}],"items_purged_floors":[5,23],"is_endless":false,"potions_floor_spawned":[2,8,15,16,20,22],"killed_by":"Slavers","ascension_level":0}}