{"host":"61s3c1o1s4fng5dr","time":1613521509,"event":{"mods":["AchievementEnabler","Alarm Clock","AlwaysNeverKeys","BaseMod","Bestiary","Block Reminder","Colored Map","Googly Eyes","Highlight Path","Minty Spire (QoL Compilation)","Permanent Neow","Quick Restart","Random Character Button","Spire Birthday Party"],"gold_per_floor":[111,286,286,304,320,353,353,353,377,145,156,156,175,209,209,335,335,359,458,476,33,58,93,113,128,128,128,128,153,173,173,173,302,302,325,339,355,380,22,22,22],"floor_reached":40,"language":"ENG","playtime":3376,"items_purged":["Regret","Bloodletting"],"score":472,"play_id":"e9164ec0-2e9c-43e6-a641-7d97ecfaa267","local_time":"20210216192509","is_ascension_mode":false,"campfire_choices":[{"data":"Body Slam","floor":7.0,"key":"SMITH"},{"floor":15.0,"key":"REST"},{"floor":28.0,"key":"REST"},{"floor":32.0,"key":"REST"}],"circlet_count":0,"master_deck":["Bash","Body Slam+1","Shrug It Off","Metallicize","Ghostly Armor","Ghostly Armor","Berserk","Feed","Offering","Power Through","Body Slam","Disarm","Carnage","Power Through","Rampage","Shockwave","Dark Embrace","Shrug It Off","Fire Breathing","Body Slam+1","Wild Strike","Reckless Charge+1","Bandage Up","Shrug It Off","Dark Embrace","Barricade","Seeing Red","Wild Strike","Necronomicurse","Berserk","Rupture+1","Entrench","Juggernaut","Secret Technique","Finesse"],"relics":["Burning Blood","Dream Catcher","Vajra","Regal Pillow","Golden Idol","Pen Nib","Pandora\u0027s Box","Prayer Wheel","Medical Kit","Bottled Flame","Lizard Tail","Necronomicon","SlaversCollar"],"acts_visited":["Exordium","TheCity","TheBeyond"],"potions_floor_usage":[],"damage_taken":[{"damage":7.0,"enemies":"2 Louse","floor":1.0,"turns":3.0},{"damage":4.0,"enemies":"Jaw Worm","floor":4.0,"turns":3.0},{"damage":5.0,"enemies":"Small Slimes","floor":5.0,"turns":4.0},{"damage":6.0,"enemies":"3 Sentries","floor":6.0,"turns":7.0},{"damage":14.0,"enemies":"3 Louse","floor":11.0,"turns":5.0},{"damage":5.0,"enemies":"Large Slime","floor":13.0,"turns":7.0},{"damage":25.0,"enemies":"Gremlin Nob","floor":14.0,"turns":5.0},{"damage":51.0,"enemies":"Slime Boss","floor":16.0,"turns":12.0},{"damage":9.0,"enemies":"Shell Parasite","floor":18.0,"turns":3.0},{"damage":9.0,"enemies":"Chosen","floor":20.0,"turns":3.0},{"damage":27.0,"enemies":"Snake Plant","floor":22.0,"turns":4.0},{"damage":23.0,"enemies":"Book of Stabbing","floor":23.0,"turns":4.0},{"damage":9.0,"enemies":"Centurion and Healer","floor":24.0,"turns":7.0},{"damage":9.0,"enemies":"3 Cultists","floor":25.0,"turns":4.0},{"damage":9.0,"enemies":"Snake Plant","floor":29.0,"turns":5.0},{"damage":26.0,"enemies":"Centurion and Healer","floor":30.0,"turns":4.0},{"damage":77.0,"enemies":"Collector","floor":33.0,"turns":8.0},{"damage":15.0,"enemies":"Orb Walker","floor":35.0,"turns":3.0},{"damage":57.0,"enemies":"3 Darklings","floor":36.0,"turns":10.0},{"damage":43.0,"enemies":"Transient","floor":37.0,"turns":5.0},{"damage":15.0,"enemies":"Sphere and 2 Shapes","floor":38.0,"turns":6.0},{"damage":63,"enemies":"Reptomancer","floor":40,"turns":3}],"seed_played":"-219247600867713062","potions_obtained":[{"floor":4.0,"key":"BlessingOfTheForge"},{"floor":5.0,"key":"AttackPotion"},{"floor":14.0,"key":"AttackPotion"},{"floor":24.0,"key":"DistilledChaos"},{"floor":25.0,"key":"BlessingOfTheForge"},{"floor":29.0,"key":"ColorlessPotion"},{"floor":33.0,"key":"Explosive Potion"},{"floor":36.0,"key":"EssenceOfSteel"},{"floor":37.0,"key":"BlessingOfTheForge"}],"is_trial":false,"path_per_floor":["M","?","?","M","M","E","R","?","T","$","M","?","M","E","R","B",null,"M","?","M","$","M","E","M","M","T","?","R","M","M","?","R","B",null,"M","M","M","M","$","E"],"character_chosen":"IRONCLAD","items_purchased":["Metallicize","Ghostly Armor","Prayer Wheel","Medical Kit","Secret Technique","Finesse"],"campfire_rested":3,"item_purchase_floors":[10,10,21,21,39,39],"current_hp_per_floor":[79,79,72,74,75,75,75,75,75,75,67,47,48,29,68,23,80,80,80,77,77,56,39,39,39,39,39,80,81,68,52,92,25,92,83,36,52,47,47,0,0],"gold":22,"neow_bonus":"TRANSFORM_CARD","is_daily":false,"chose_seed":false,"campfire_upgraded":1,"win_rate":0.0,"timestamp":1613521509,"path_taken":["M","?","?","M","M","E","R","?","T","$","M","?","M","E","R","BOSS","M","?","M","$","M","E","M","M","T","?","R","?","M","?","R","BOSS","M","M","M","M","$","E"],"items_purchased_type":["Card","Card","Relic","Relic","Card","Card"],"build_version":"2020-12-22","purchased_purges":2,"victory":false,"max_hp_per_floor":[80,80,80,80,80,80,80,80,80,80,80,80,80,80,80,80,80,83,83,83,83,83,83,86,89,89,89,89,89,92,92,92,92,92,92,92,92,92,92,92,92],"card_choices":[{"not_picked":["Warcry","Twin Strike","Searing Blow"],"picked":"SKIP","floor":1.0},{"not_picked":["Wild Strike","Combust","Headbutt"],"picked":"SKIP","floor":4.0},{"not_picked":["True Grit","Headbutt"],"picked":"Body Slam","floor":5.0},{"not_picked":["Perfected Strike","True Grit"],"picked":"Shrug It Off","floor":6.0},{"not_picked":["Wild Strike","Ghostly Armor","Headbutt"],"picked":"SKIP","floor":11.0},{"not_picked":["Thunderclap","Spot Weakness","Heavy Blade"],"picked":"SKIP","floor":13.0},{"not_picked":["True Grit","Blood for Blood"],"picked":"Ghostly Armor","floor":14.0},{"not_picked":["True Grit","Rage"],"picked":"Berserk","floor":15.0},{"not_picked":["Fiend Fire","Juggernaut"],"picked":"Feed","floor":16.0},{"not_picked":["Body Slam","Sever Soul","Whirlwind"],"picked":"SKIP","floor":18.0},{"not_picked":["Shockwave+1","Spot Weakness"],"picked":"Dark Embrace","floor":20.0},{"not_picked":["Havoc","Anger"],"picked":"Shrug It Off","floor":22.0},{"not_picked":["Havoc+1","Anger+1","Iron Wave+1"],"picked":"SKIP","floor":22.0},{"not_picked":["Spot Weakness","Corruption"],"picked":"Fire Breathing","floor":23.0},{"not_picked":["Wild Strike","Flex"],"picked":"Body Slam+1","floor":24.0},{"not_picked":["Perfected Strike","Rampage+1","Anger"],"picked":"SKIP","floor":24.0},{"not_picked":["Sword Boomerang","Cleave+1"],"picked":"Wild Strike","floor":25.0},{"not_picked":["Heavy Blade","Burning Pact"],"picked":"Reckless Charge+1","floor":25.0},{"not_picked":["Perfected Strike","Shockwave"],"picked":"Shrug It Off","floor":28.0},{"not_picked":["Warcry","Twin Strike"],"picked":"Dark Embrace","floor":29.0},{"not_picked":["Twin Strike+1","Clothesline"],"picked":"Barricade","floor":29.0},{"not_picked":["Ghostly Armor","Anger"],"picked":"Seeing Red","floor":30.0},{"not_picked":["Sword Boomerang+1","Flex"],"picked":"Wild Strike","floor":30.0},{"not_picked":["Fiend Fire","Demon Form"],"picked":"Berserk","floor":33.0},{"not_picked":["Shrug It Off","Warcry+1"],"picked":"Rupture+1","floor":35.0},{"not_picked":["Anger","Searing Blow+1","Second Wind+1"],"picked":"SKIP","floor":35.0},{"not_picked":["Thunderclap+1","Cleave"],"picked":"Entrench","floor":36.0},{"not_picked":["Wild Strike","Armaments","Heavy Blade+1"],"picked":"SKIP","floor":36.0},{"not_picked":["Perfected Strike+1","Shockwave+1","Havoc"],"picked":"SKIP","floor":37.0},{"not_picked":["Havoc","Sentinel+1","Thunderclap"],"picked":"SKIP","floor":37.0},{"not_picked":["Rampage","Havoc+1"],"picked":"Juggernaut","floor":38.0},{"not_picked":["Cleave+1","Power Through","Hemokinesis"],"picked":"SKIP","floor":38.0}],"player_experience":470297,"relics_obtained":[{"floor":6.0,"key":"Dream Catcher"},{"floor":9.0,"key":"Regal Pillow"},{"floor":14.0,"key":"Pen Nib"},{"floor":23.0,"key":"Bottled Flame"},{"floor":26.0,"key":"Lizard Tail"},{"floor":31.0,"key":"Necronomicon"}],"event_choices":[{"damage_healed":0.0,"max_hp_gain":0.0,"max_hp_loss":0.0,"gold_gain":175.0,"event_name":"Liars Game","player_choice":"AGREE","floor":2.0,"gold_loss":0.0,"damage_taken":0.0,"cards_obtained":["Doubt"]},{"cards_removed":["Doubt"],"damage_healed":0.0,"max_hp_gain":0.0,"max_hp_loss":0.0,"gold_gain":0.0,"event_name":"Golden Wing","player_choice":"Card Removal","floor":3.0,"gold_loss":0.0,"damage_taken":7.0},{"damage_healed":0.0,"max_hp_gain":0.0,"max_hp_loss":0.0,"gold_gain":0.0,"event_name":"Big Fish","player_choice":"Box","floor":8.0,"gold_loss":0.0,"damage_taken":0.0,"relics_obtained":["Vajra"],"cards_obtained":["Regret"]},{"damage_healed":0.0,"max_hp_gain":0.0,"max_hp_loss":0.0,"gold_gain":0.0,"event_name":"Golden Idol","player_choice":"Take Damage","floor":12.0,"gold_loss":0.0,"damage_taken":20.0,"relics_obtained":["Golden Idol"]},{"damage_healed":0.0,"max_hp_gain":0.0,"max_hp_loss":0.0,"gold_gain":99.0,"event_name":"Nest","player_choice":"Stole From Cult","floor":19.0,"gold_loss":0.0,"damage_taken":0.0},{"damage_healed":0.0,"max_hp_gain":0.0,"max_hp_loss":0.0,"gold_gain":0.0,"event_name":"Match and Keep!","player_choice":"1 cards matched","floor":27.0,"gold_loss":0.0,"damage_taken":0.0,"cards_obtained":["Bandage Up"]},{"damage_healed":0.0,"max_hp_gain":0.0,"max_hp_loss":0.0,"gold_gain":0.0,"event_name":"Cursed Tome","player_choice":"Obtained Book","floor":31.0,"gold_loss":0.0,"damage_taken":16.0}],"is_beta":false,"boss_relics":[{"not_picked":["Astrolabe","Sozu"],"picked":"Pandora\u0027s Box"},{"not_picked":["Busted Crown","SacredBark"],"picked":"SlaversCollar"}],"items_purged_floors":[10,39],"is_endless":false,"potions_floor_spawned":[4,5,14,24,25,29,33,36,37],"killed_by":"Reptomancer","ascension_level":0}}