{"host":"bc298c4gavna5tx2","time":1613531910,"event":{"mods":["ATMod(阿瑾Mod)","Act Like it!","BaseMod","Challenge The Spire","Energized Spire","Lobotomy","LobotomyExtend","Minty Spire (QoL Compilation)","MostiFishMod","Quarter Circle Forward PUNCH!","Quick Restart","Replay The Spire","Spicy Shops","StSLib","The Marked","【功能Mod】混沌之环修复补丁","【功能Mod】聪明的最终Boss","【遗物卡牌】REMEMod"],"gold_per_floor":[113,113,113,126,139,152,167,157,157,191,202,225,259,279,279,381,381,396,416,434,70,70,103,118,137,184,211,228,228,168,228,228,362,362,381,407,429,442,299,330,371,371,397,397,483,483,486,486],"floor_reached":47,"language":"ZHS","playtime":2363,"items_purged":["theMarked:Strike+1","theMarked:Strike+1"],"score":696,"play_id":"3e63253b-84f9-48ce-b5a3-c5218ba839df","local_time":"20210217111830","is_ascension_mode":false,"campfire_choices":[{"floor":15.0,"key":"RECALL"},{"floor":32,"key":"REST"},{"floor":44,"key":"REST"},{"floor":46,"key":"REST"}],"circlet_count":0,"master_deck":[],"relics":["theMarked:ArtifactOfAir","AT_ATBox","DaveBox","REME_ComplimentaryCards","DSteel32","NeowsBlessing","SynthV:TestCard","LetterFromLob","White Beast Statue","Replay:Wax Seal","Odd Mushroom","RhineFirstAidKit","ReplayTheSpireMod:TigerMarble","AT_SunfireAegis","Ornamental Fan","SentryEyes","ReplayTheSpireMod:Lightbulb","REME_ArchaeologicalTools","REME_DuelDisc","ReplayFunnel","DiscerningMonocle","Replay:Baseball","REME_LimitBreaker","AT_Manta","Bag of Preparation","PrismaticShard","Replay:Accelerometer","Singing Bowl","Whetstone","Incense Burner"],"acts_visited":["Exordium","TheCity","TheBeyond"],"potions_floor_usage":[33,35,39],"damage_taken":[{"damage":0.0,"enemies":"2 Louse","floor":1.0,"turns":1.0},{"damage":0.0,"enemies":"Cultist","floor":4.0,"turns":1.0},{"damage":0.0,"enemies":"Jaw Worm","floor":5.0,"turns":1.0},{"damage":7.0,"enemies":"Blue Slaver","floor":6.0,"turns":4.0},{"damage":9.0,"enemies":"Red Slaver","floor":7.0,"turns":4.0},{"damage":3.0,"enemies":"Exordium Thugs","floor":8.0,"turns":4.0},{"damage":9.0,"enemies":"Replay:BlueRogue","floor":10.0,"turns":5.0},{"damage":15.0,"enemies":"Looter","floor":11.0,"turns":3.0},{"damage":4.0,"enemies":"The Mushroom Lair","floor":12.0,"turns":2.0},{"damage":3.0,"enemies":"Lagavulin","floor":13.0,"turns":8.0},{"damage":2.0,"enemies":"Red Slaver","floor":14.0,"turns":4.0},{"damage":16.0,"enemies":"The Guardian","floor":16.0,"turns":10.0},{"damage":10.0,"enemies":"Chosen","floor":18.0,"turns":5.0},{"damage":23.0,"enemies":"3 Byrds","floor":19.0,"turns":5.0},{"damage":8.0,"enemies":"3 Cultists","floor":20.0,"turns":4.0},{"damage":2.0,"enemies":"Replay:Snechameleon","floor":23.0,"turns":5.0},{"damage":10.0,"enemies":"Shelled Parasite and Fungi","floor":24.0,"turns":4.0},{"damage":34.0,"enemies":"Snake Plant","floor":25.0,"turns":3.0},{"damage":5,"enemies":"REME_1_Revenger","floor":27,"turns":5},{"damage":3,"enemies":"Chosen and Byrds","floor":28,"turns":4},{"damage":0,"enemies":"Centurion and Healer","floor":31,"turns":2},{"damage":11,"enemies":"Collector","floor":33,"turns":5},{"damage":0,"enemies":"Orb Walker","floor":35,"turns":3},{"damage":0,"enemies":"3 Darklings","floor":37,"turns":3},{"damage":7,"enemies":"4 Shapes","floor":38,"turns":2},{"damage":1,"enemies":"Nemesis","floor":40,"turns":3},{"damage":0,"enemies":"Giant Head","floor":41,"turns":5},{"damage":0,"enemies":"R_Hoarder","floor":45,"turns":5},{"damage":0,"enemies":"Nemesis","floor":47,"turns":2}],"seed_played":"7313235879840644725","potions_obtained":[{"floor":6.0,"key":"Weak Potion"},{"floor":8.0,"key":"Reflective Coating"},{"floor":10.0,"key":"LiquidBronze"},{"floor":11.0,"key":"Adrenaline Potion"},{"floor":12.0,"key":"Weak Potion"},{"floor":14.0,"key":"Swift Potion"},{"floor":16.0,"key":"REME_GoldPotion"},{"floor":18.0,"key":"Reflective Coating"},{"floor":19.0,"key":"SkillPotion"},{"floor":20.0,"key":"Elixir"},{"floor":24.0,"key":"FearPotion"},{"floor":25.0,"key":"REME_GoldPotion"},{"floor":27,"key":"Weak Potion"},{"floor":35,"key":"SkillPotion"},{"floor":38,"key":"PowerPotion"}],"is_trial":false,"path_per_floor":["M","?","?","M","M","M","M","M","T","E","M","?","E","M","R","B",null,"M","M","M","$","?","E","M","M","T","E","M","T","?","M","R","B",null,"M","T","M","M","$","E","E","?","T","R","E","R","E"],"character_chosen":"THE_DEFAULT","items_purchased":["ReplayTheSpireMod:TigerMarble","AT_SunfireAegis","DiscerningMonocle","Replay:Baseball","REME_LimitBreaker","AT_Manta","Bag of Preparation","PrismaticShard","qcfpunch:Challenger_Coin","theMarked:Opportunist","LiquidMemories","theMarked:TurnInvisible"],"campfire_rested":3,"item_purchase_floors":[21,21,39,39,39,39,39,39,39,39,39,39],"current_hp_per_floor":[72,72,72,72,72,65,56,53,53,44,29,25,22,20,20,4,72,62,39,31,31,31,72,62,28,28,23,72,72,72,72,72,61,72,72,72,72,65,65,64,64,72,72,72,74,74,74,74],"gold":486,"neow_bonus":"THREE_ENEMY_KILL","is_daily":false,"chose_seed":false,"campfire_upgraded":0,"win_rate":0.0,"timestamp":1613531910,"path_taken":["M","?","?","M","M","M","M","?","T","E","M","?","E","M","R","BOSS","M","M","M","$","?","E","M","?","T","E","M","?","?","M","R","BOSS","M","?","M","M","$","E","E","?","T","R","E","R","E"],"items_purchased_type":["Relic","Relic","Relic","Relic","Relic","Relic","Relic","Relic","Potion","Card","Potion","Card"],"build_version":"2020-12-22","purchased_purges":2,"victory":false,"max_hp_per_floor":[72,72,72,72,72,72,72,72,72,72,72,72,72,72,72,72,72,72,72,72,72,72,72,72,72,72,72,72,72,72,72,72,72,72,72,72,72,72,72,72,72,72,72,72,74,74,74,74],"card_choices":[{"not_picked":["theMarked:HeightenedSenses","theMarked:WardOff","theMarked:TheMission"],"picked":"SKIP","floor":1.0},{"not_picked":["theMarked:Standoff","theMarked:TheMission","theMarked:SwordAndMagic","theMarked:Static","theMarked:Indomitable"],"picked":"SKIP","floor":4.0},{"not_picked":["theMarked:SelfDefenseTraining","theMarked:Panic","theMarked:Electrify","theMarked:ResourceFulStrike"],"picked":"theMarked:ParalyzingBlade","floor":5.0},{"not_picked":["theMarked:HeightenedSenses","theMarked:WastefulAttack","theMarked:ElectricStrings","theMarked:Generate"],"picked":"theMarked:MagusForm","floor":6.0},{"not_picked":["theMarked:BanishingStrike","theMarked:Panic","theMarked:BanishingWave","theMarked:HeightenedSenses"],"picked":"theMarked:Reabsorb","floor":7.0},{"not_picked":["theMarked:BanishingStrike","theMarked:Parkour","theMarked:WastefulAttack","theMarked:TakeCover"],"picked":"theMarked:BanishingWave","floor":8.0},{"not_picked":["theMarked:TwofoldDefense","theMarked:HeightenedSenses","theMarked:RepellingDischarge","theMarked:MagusForm","theMarked:Parry"],"picked":"SKIP","floor":10.0},{"not_picked":["theMarked:Electrify","theMarked:RepellingDischarge","theMarked:Electrocute","theMarked:Frustration","theMarked:Improvise"],"picked":"SKIP","floor":11.0},{"not_picked":["theMarked:TakeCover","theMarked:ResourceFulStrike","theMarked:TheMission","theMarked:Parkour"],"picked":"theMarked:Generate","floor":12.0},{"not_picked":["theMarked:BanishingStrike","theMarked:Parry","theMarked:HeightenedSenses","theMarked:LightningStrikesTwice","theMarked:SwordAndMagic"],"picked":"SKIP","floor":13.0},{"not_picked":["theMarked:HeightenedSenses","theMarked:Memento","theMarked:BanishingStrike","theMarked:TakeCover"],"picked":"theMarked:Abjuration","floor":14.0},{"not_picked":["theMarked:Defy","theMarked:Levitate","theMarked:Snap","theMarked:BindingBlade"],"picked":"theMarked:EternalStudent","floor":16.0},{"not_picked":["theMarked:LightningStrikesTwice+1","theMarked:WastefulAttack","theMarked:MysticalArsenal","theMarked:BanishingStrike","theMarked:ContemptForTheProud"],"picked":"SKIP","floor":18.0},{"not_picked":["theMarked:ResourceFulStrike","theMarked:Generate","theMarked:WastefulAttack","theMarked:Indomitable","theMarked:Improvise"],"picked":"SKIP","floor":19.0},{"not_picked":["theMarked:RepellingDischarge","theMarked:Memento","theMarked:Generate","theMarked:Frustration","theMarked:Maelstrom+1"],"picked":"SKIP","floor":20.0},{"not_picked":["theMarked:Friction","theMarked:Electrocute","theMarked:ChainLightning","theMarked:ResourceFulStrike"],"picked":"theMarked:ThrowWeapon","floor":23.0},{"not_picked":["theMarked:Pokerface","theMarked:ElectricStrings","theMarked:RepellingDischarge","theMarked:Improvise","theMarked:ChainLightning"],"picked":"SKIP","floor":24.0},{"not_picked":["theMarked:SwordAndMagic","theMarked:ShockingTouch","theMarked:ChainLightning","theMarked:Convert+1"],"picked":"theMarked:TurnInvisible","floor":25.0},{"not_picked":["theMarked:TwofoldDefense","theMarked:Maelstrom","theMarked:ElectricStrings","theMarked:ChainLightning+1","theMarked:Panic"],"picked":"SKIP","floor":27},{"not_picked":["theMarked:ElectricStrings","theMarked:Memento","theMarked:RepellingDischarge","theMarked:Generate","theMarked:TakeCover"],"picked":"SKIP","floor":28},{"not_picked":["theMarked:TwofoldDefense","theMarked:TunnelVision","theMarked:ParalyzingBlade","theMarked:SwordAndMagic","theMarked:ElectricStrings+1"],"picked":"SKIP","floor":31},{"not_picked":["theMarked:EternalStudent","theMarked:Levitate","theMarked:TurnInvisible","theMarked:Vacuum"],"picked":"theMarked:Challenge","floor":33},{"not_picked":["theMarked:ResourceFulStrike","theMarked:Electrify","theMarked:Indomitable","theMarked:Frustration+1"],"picked":"theMarked:Determination","floor":35},{"not_picked":["theMarked:OneWithTheBlade+1","theMarked:Determination+1","theMarked:WardOff","theMarked:WastefulAttack"],"picked":"theMarked:MuscleMemory+1","floor":37},{"not_picked":["theMarked:ResourceFulStrike","theMarked:Determination+1","theMarked:WardOff+1","theMarked:Memento","theMarked:ElectricStrings+1"],"picked":"SKIP","floor":38},{"not_picked":["Prepared+1","Anger","theMarked:EmpowerWeapon+1","Hypocrisy","Sword Boomerang"],"picked":"SKIP","floor":40},{"not_picked":["Sever Soul","ThirdEye+1","SandsOfTime","Twin Strike"],"picked":"CENSORED_ego","floor":41},{"not_picked":["Hologram","Dagger Spray","RapturousDream","Redo","Escape Plan+1"],"picked":"Singing Bowl","floor":45}],"player_experience":139622,"relics_obtained":[{"floor":1.0,"key":"SynthV:TestCard"},{"floor":1.0,"key":"LetterFromLob"},{"floor":9.0,"key":"White Beast Statue"},{"floor":10.0,"key":"Replay:Wax Seal"},{"floor":12.0,"key":"Odd Mushroom"},{"floor":23.0,"key":"SentryEyes"},{"floor":27,"key":"ReplayTheSpireMod:Lightbulb"},{"floor":29,"key":"REME_ArchaeologicalTools"},{"floor":36,"key":"ReplayFunnel"},{"floor":40,"key":"Replay:Accelerometer"},{"floor":41,"key":"Singing Bowl"},{"floor":43,"key":"Whetstone"},{"floor":45,"key":"Incense Burner"}],"event_choices":[{"damage_healed":0.0,"max_hp_gain":0.0,"max_hp_loss":0.0,"gold_gain":0.0,"event_name":"Shining Light","player_choice":"Ignored","floor":2.0,"gold_loss":0.0,"damage_taken":0.0},{"cards_removed":["theMarked:Strike"],"damage_healed":0.0,"max_hp_gain":0.0,"max_hp_loss":0.0,"gold_gain":0.0,"event_name":"Purifier","player_choice":"Purged","floor":3.0,"gold_loss":0.0,"damage_taken":0.0},{"damage_healed":0.0,"max_hp_gain":0.0,"max_hp_loss":0.0,"gold_gain":0.0,"event_name":"Mushrooms","player_choice":"Fought Mushrooms","floor":12.0,"gold_loss":0.0,"damage_taken":0.0},{"cards_removed":["theMarked:Defend"],"damage_healed":0,"gold_gain":0,"player_choice":"Single Remove","damage_taken":0,"max_hp_gain":0,"max_hp_loss":0,"event_name":"Designer","floor":30,"gold_loss":60}],"is_beta":false,"boss_relics":[{"not_picked":["energizedSpire:RedRose","Painkiller Herb"],"picked":"RhineFirstAidKit"},{"not_picked":["Busted Crown","Snecko Eye"],"picked":"REME_DuelDisc"}],"items_purged_floors":[21,39],"is_endless":false,"potions_floor_spawned":[6,8,10,11,12,13,14,16,18,19,20,23,24,25,27,28,31,33,35,37,38,40,41,45],"killed_by":"Nemesis","ascension_level":0}}