{"host":"j4qkclqv5vixphzq","time":1613566191,"event":{"mods":["100% Spire Juice","Abigail Mod","Act Like it!","Arknights","BaseMod","CapriCore","Custom Start","Friendly Minions","GifTheSpireLib","GungeonMod","Hermit","Hero for Fun","KOR Keyword Fix","Kiyohime£¨?ýï£©","Lobotomy","Marisa£¨Ùöéë¡¡Øª×âÞÞ£©","Minty Spire (QoL Compilation)","Prisma Mod","StSLib","SuperFastMode","The Alterego","The Dragon Tamer","The Immortal","The Runesmith","Waifu the Spire","WarShipGirlsR/??á´Ò³R mod"],"gold_per_floor":[99,112,112,112,112,112,112],"floor_reached":6,"language":"KOR","playtime":267,"items_purged":[],"score":34,"play_id":"3b879cc8-8f50-4078-a57a-f3f749ee451a","local_time":"20210217214951","is_ascension_mode":false,"campfire_choices":[],"circlet_count":0,"master_deck":["Moonworks:Strike","Moonworks:Strike","Moonworks:Strike","Moonworks:Defend","Moonworks:Defend","Moonworks:Defend","Moonworks:Defend","Moonworks:Ambush","Moonworks:LongDistanceShot","SpiderBud","Moonworks:JonathanRush","BeautyBeast","Moonworks:CloudOfSeagulls"],"relics":["Moonworks:BrokenBomb","Moonworks:Homemark","CogitoBucket"],"acts_visited":["Exordium"],"potions_floor_usage":[6],"damage_taken":[{"damage":5,"enemies":"Cultist","floor":1,"turns":4},{"damage":7,"enemies":"ats:Genji","floor":2,"turns":4},{"damage":41,"enemies":"Lagavulin","floor":6,"turns":7}],"seed_played":"7715030692213233239","potions_obtained":[{"floor":2,"key":"DuplicationPotion"}],"is_trial":false,"path_per_floor":["M","M","$","$","?","E"],"character_chosen":"THE_STARBREAKER","items_purchased":[],"campfire_rested":0,"item_purchase_floors":[],"current_hp_per_floor":[55,48,48,48,41,0,0],"gold":112,"neow_bonus":"","is_daily":false,"chose_seed":false,"campfire_upgraded":0,"win_rate":0.0,"timestamp":1613566191,"path_taken":["M","M","?","$","?","E"],"items_purchased_type":[],"build_version":"2020-12-22","purchased_purges":0,"victory":false,"max_hp_per_floor":[60,60,60,60,60,60,60],"card_choices":[{"not_picked":["LaLuna","Scarecrow","OldLady"],"picked":"Singing Bowl","floor":1},{"not_picked":["UniverseFragment","GalaxyChild"],"picked":"SpiderBud","floor":1},{"not_picked":["Moonworks:IndiscriminateFireSupport","Moonworks:EvilSpyWorkPreparation"],"picked":"Moonworks:JonathanRush","floor":1},{"not_picked":["MeatLantern","OldLady","UniverseFragment"],"picked":"Singing Bowl","floor":2},{"not_picked":["GreedKing","CherryBlossoms"],"picked":"BeautyBeast","floor":2},{"not_picked":["Moonworks:StiffCrystal","Moonworks:CastOff"],"picked":"Moonworks:CloudOfSeagulls","floor":2}],"player_experience":212845,"relics_obtained":[],"event_choices":[{"cards_removed":["Moonworks:Strike"],"damage_healed":0,"gold_gain":0,"player_choice":"Card Removal","damage_taken":7,"max_hp_gain":0,"max_hp_loss":0,"event_name":"Golden Wing","floor":5,"gold_loss":0}],"is_beta":false,"boss_relics":[],"items_purged_floors":[],"is_endless":false,"potions_floor_spawned":[2],"killed_by":"Lagavulin","ascension_level":0}}