{"host":"lklj3eidp7g5an38","time":1613596462,"event":{"mods":["AchievementEnabler","BaseMod","Colored Map","Colored Powertips","Curses Come First","DeckTracker","Highlight Path","Minty Spire (QoL Compilation)","Relic Stats","StSLib"],"gold_per_floor":[119,119,135,154,154,154,186,186,209,21,21,32,32,65,65,139,139,159,159,109,109,32,32,32],"floor_reached":23,"language":"ENG","playtime":1094,"items_purged":["Strike_B"],"score":361,"play_id":"cc46dcf2-2757-474b-acce-9c3989017982","local_time":"20210217211422","is_ascension_mode":true,"campfire_choices":[{"data":"Zap","floor":6,"key":"SMITH"},{"floor":8,"key":"REST"},{"data":"Loop","floor":13,"key":"SMITH"},{"data":"Capacitor","floor":15,"key":"SMITH"}],"circlet_count":0,"master_deck":["AscendersBane","Strike_B+1","Defend_B","Defend_B","Zap+1","Dualcast+1","Sweeping Beam","Cold Snap","Capacitor+1","Loop+1","Hologram","Glacier","Compile Driver","Machine Learning","Compile Driver+1","Stack+1","Fusion+1","Consume","RitualDagger","Doom and Gloom"],"relics":["Cracked Core","NeowsBlessing","DataDisk","Mercury Hourglass","Bag of Marbles","Juzu Bracelet","Astrolabe"],"acts_visited":["Exordium","TheCity"],"potions_floor_usage":[7,14,16],"damage_taken":[{"damage":0,"enemies":"Cultist","floor":1,"turns":1},{"damage":0,"enemies":"2 Louse","floor":3,"turns":1},{"damage":0,"enemies":"Jaw Worm","floor":4,"turns":1},{"damage":11,"enemies":"3 Sentries","floor":7,"turns":6},{"damage":7,"enemies":"Lots of Slimes","floor":12,"turns":2},{"damage":2,"enemies":"Gremlin Nob","floor":14,"turns":5},{"damage":19,"enemies":"Slime Boss","floor":16,"turns":9},{"damage":5,"enemies":"Spheric Guardian","floor":18,"turns":6},{"damage":60,"enemies":"Slavers","floor":23,"turns":3}],"seed_played":"-237347772386149605","potions_obtained":[{"floor":1,"key":"Dexterity Potion"},{"floor":7,"key":"Fruit Juice"},{"floor":14,"key":"ColorlessPotion"}],"is_trial":false,"path_per_floor":["M","?","M","M","?","R","E","R","T","$","$","M","R","E","R","B",null,"M","?","?","?","$","E"],"character_chosen":"DEFECT","items_purchased":["Loop","Hologram","Doom and Gloom"],"campfire_rested":1,"item_purchase_floors":[10,10,22],"current_hp_per_floor":[64,53,53,53,32,32,21,42,42,42,42,35,35,38,38,19,62,57,51,51,51,51,0,0],"gold":32,"neow_bonus":"THREE_ENEMY_KILL","is_daily":false,"chose_seed":false,"campfire_upgraded":3,"win_rate":0.0,"timestamp":1613596462,"path_taken":["M","?","M","M","?","R","E","R","T","?","$","M","R","E","R","BOSS","M","?","?","?","$","E"],"items_purchased_type":["Card","Card","Card"],"build_version":"2020-12-22","purchased_purges":1,"victory":false,"max_hp_per_floor":[71,71,71,71,71,71,71,71,71,71,71,71,71,76,76,76,76,76,76,76,76,76,76,76],"relic_stats":{"counters":[9,33],"Astrolabe":["Compile Driver","Stack","Fusion"],"Juzu Bracelet":2,"obtain_stats":[{"DataDisk":2,"NeowsBlessing":0,"Astrolabe":17,"Bag of Marbles":9,"Juzu Bracelet":14,"Cracked Core":0,"Mercury Hourglass":7},{"DataDisk":1,"NeowsBlessing":0,"Astrolabe":7,"Bag of Marbles":4,"Juzu Bracelet":6,"Cracked Core":0,"Mercury Hourglass":4},{"DataDisk":1,"NeowsBlessing":0,"Astrolabe":25,"Bag of Marbles":9,"Juzu Bracelet":16,"Cracked Core":0,"Mercury Hourglass":9}],"Mercury Hourglass":[112]},"card_choices":[{"not_picked":["Force Field","Gash"],"picked":"Sweeping Beam","floor":1},{"not_picked":["Stack","Sweeping Beam","Steam"],"picked":"SKIP","floor":3},{"not_picked":["Go for the Eyes","Hologram"],"picked":"Cold Snap","floor":4},{"not_picked":["Melter","Conserve Battery"],"picked":"Capacitor","floor":7},{"not_picked":["Reinforced Body","Ball Lightning"],"picked":"Glacier","floor":12},{"not_picked":["Cold Snap","Redo"],"picked":"Compile Driver","floor":14},{"not_picked":["Meteor Strike","Seek"],"picked":"Machine Learning","floor":16},{"not_picked":["Rebound","Gash"],"picked":"Consume","floor":18}],"player_experience":958298,"relics_obtained":[{"floor":7,"key":"Mercury Hourglass"},{"floor":9,"key":"Bag of Marbles"},{"floor":14,"key":"Juzu Bracelet"}],"event_choices":[{"damage_healed":0,"gold_gain":0,"player_choice":"Success","damage_taken":11,"relics_obtained":["DataDisk"],"max_hp_gain":0,"max_hp_loss":0,"event_name":"Scrap Ooze","floor":2,"gold_loss":0},{"damage_healed":0,"gold_gain":0,"player_choice":"Entered Light","damage_taken":21,"max_hp_gain":0,"max_hp_loss":0,"event_name":"Shining Light","floor":5,"gold_loss":0,"cards_upgraded":["Dualcast","Strike_B"]},{"damage_healed":0,"gold_gain":0,"player_choice":"Joined the Cult","damage_taken":6,"max_hp_gain":0,"max_hp_loss":0,"event_name":"Nest","floor":19,"gold_loss":0,"cards_obtained":["RitualDagger"]},{"damage_healed":0,"gold_gain":0,"player_choice":"Bet on Murderer","damage_taken":0,"max_hp_gain":0,"max_hp_loss":0,"event_name":"The Joust","floor":20,"gold_loss":50},{"cards_removed":["Defend_B"],"damage_healed":0,"gold_gain":0,"player_choice":"Offered Basic","damage_taken":0,"max_hp_gain":0,"max_hp_loss":0,"event_name":"Bonfire Elementals","floor":21,"gold_loss":0}],"is_beta":false,"boss_relics":[{"not_picked":["Coffee Dripper","FrozenCore"],"picked":"Astrolabe"}],"items_purged_floors":[10],"is_endless":false,"potions_floor_spawned":[1,7,14],"killed_by":"Slavers","ascension_level":17}}