{"host":"8d3fefv2347kqkpz","time":1613530435,"event":{"mods":["AchievementEnabler","Aspiration","BaseMod","Better Vampires","BetterRewards","Colored Map","Colored Powertips","Downfall","Emptier Cage","Highlight Path","Marked Mod","Minty Spire (QoL Compilation)","Permanent Neow","Quick Restart","Rare Cards Sparkle","Relic Stats","Say the Spire","Spicy Shops","StSLib","Waifu the Spire"],"gold_per_floor":[99,116,135,147,147,47,47,347,373,373,373,5,5,5,18,18,18,18],"floor_reached":16,"language":"ZHS","playtime":395,"items_purged":["downfall:Icky"],"score":98,"play_id":"1ac9d940-da0b-4454-8494-f956535145ec","local_time":"20210217105355","is_ascension_mode":false,"campfire_choices":[{"floor":1,"key":"RECALL"},{"data":"hexamod:GhostLash","floor":6,"key":"SMITH"},{"floor":11,"key":"REST"},{"data":"hexamod:Defend","floor":13,"key":"SMITH"}],"circlet_count":0,"master_deck":["hexamod:Strike","hexamod:Strike","hexamod:Strike","hexamod:Defend+1","hexamod:Defend","hexamod:Defend","hexamod:Sear+1","hexamod:Float","hexamod:FirstSeal","hexamod:GhostLash+1","downfall:Icky","hexamod:SixthSeal","hexamod:NightmareGuise"],"relics":["hexamod:SpiritBrand","Gremlin Horn","downfall:HeartBlessingRed","Prayer Wheel","downfall:BrokenWingStatue","Membership Card","hexamod:InflammatoryLetter"],"acts_visited":["Exordium"],"potions_floor_usage":[9,9,9,9],"damage_taken":[{"damage":0,"enemies":"2 Louse","floor":2,"turns":2},{"damage":7,"enemies":"Small Slimes","floor":3,"turns":3},{"damage":1,"enemies":"Cultist","floor":4,"turns":3},{"damage":21,"enemies":"Lagavulin","floor":9,"turns":5},{"damage":0,"enemies":"downfall:FleeingMerchant","floor":12,"turns":4},{"damage":20,"enemies":"Red Slaver","floor":15,"turns":4},{"damage":52,"enemies":"DF_ARCHETYPE_STREAMLINE","floor":16,"turns":8}],"seed_played":"-8801071167737013159","potions_obtained":[{"floor":3,"key":"EntropicBrew"},{"floor":9,"key":"Dexterity Potion"},{"floor":15,"key":"Block Potion"}],"is_trial":false,"path_per_floor":["R","M","M","M","?","R","T","?","E","?","R","$","R","?","M","B"],"character_chosen":"THE_SPIRIT","items_purchased":["Membership Card","hexamod:InflammatoryLetter"],"campfire_rested":1,"item_purchase_floors":[12,12],"current_hp_per_floor":[63,63,63,63,60,60,60,60,46,46,63,63,63,63,50,0,0,0],"gold":18,"neow_bonus":"TRANSFORM_TWO_CARDS","is_daily":false,"chose_seed":false,"campfire_upgraded":2,"win_rate":0.0,"timestamp":1613530435,"path_taken":["R","M","M","M","?","R","T","?","E","?","R","$","R","?","M","BOSS"],"items_purchased_type":["Relic","Relic"],"build_version":"2020-12-22","purchased_purges":1,"victory":false,"max_hp_per_floor":[63,63,63,63,63,63,63,63,63,63,63,63,63,63,63,63,63,63],"relic_stats":{"Gremlin Horn":[0,0],"counters":[7,29],"Prayer Wheel":1,"obtain_stats":[{"downfall:BrokenWingStatue":10,"Gremlin Horn":5,"downfall:HeartBlessingRed":6,"Prayer Wheel":9,"hexamod:InflammatoryLetter":12,"Membership Card":12,"hexamod:SpiritBrand":0},{"downfall:BrokenWingStatue":4,"Gremlin Horn":3,"downfall:HeartBlessingRed":3,"Prayer Wheel":4,"hexamod:InflammatoryLetter":5,"Membership Card":5,"hexamod:SpiritBrand":0},{"downfall:BrokenWingStatue":13,"Gremlin Horn":8,"downfall:HeartBlessingRed":8,"Prayer Wheel":13,"hexamod:InflammatoryLetter":17,"Membership Card":17,"hexamod:SpiritBrand":0}]},"card_choices":[{"not_picked":["hexamod:SuperheatedStrike","hexamod:SpectersWail","hexamod:GhostLash"],"picked":"SKIP","floor":2},{"not_picked":["hexamod:ThermalTransfer","hexamod:HauntingEcho","hexamod:StepThrough"],"picked":"SKIP","floor":3},{"not_picked":["hexamod:Firestarter","hexamod:SuperheatedStrike","hexamod:SpectersWail"],"picked":"SKIP","floor":4},{"not_picked":["hexamod:Haunt","hexamod:PhantomFireball","hexamod:GhostShield"],"picked":"SKIP","floor":9},{"not_picked":["hexamod:SuperheatedStrike","hexamod:Rewind"],"picked":"hexamod:SixthSeal","floor":12},{"not_picked":["hexamod:FlamesFromBeyond","hexamod:SpectersWail"],"picked":"hexamod:NightmareGuise","floor":15},{"not_picked":["hexamod:BurningTouch","hexamod:SuperheatedStrike","hexamod:BacktrackSmack"],"picked":"SKIP","floor":15}],"player_experience":430258,"relics_obtained":[{"floor":9,"key":"Prayer Wheel"}],"event_choices":[{"damage_healed":0,"gold_gain":0,"player_choice":"Success","damage_taken":3,"relics_obtained":["Gremlin Horn"],"max_hp_gain":0,"max_hp_loss":0,"event_name":"Scrap Ooze","floor":5,"gold_loss":0},{"damage_healed":0,"gold_gain":0,"player_choice":"Ignored","damage_taken":0,"max_hp_gain":0,"max_hp_loss":0,"event_name":"NoteForYourself","floor":14,"gold_loss":0}],"is_beta":false,"boss_relics":[],"items_purged_floors":[12],"is_endless":false,"potions_floor_spawned":[3,9,15],"killed_by":"DF_ARCHETYPE_STREAMLINE","ascension_level":0}}