{"host":"js2su9tbbk4rmjfl","time":1613571249,"event":{"mods":["AchievementEnabler","BaseMod","Block Reminder","Colored Map","Colored Powertips","Highlight Path","Minty Spire (QoL Compilation)","Relic Stats"],"gold_per_floor":[16,32,32,32,45,45,56,56,56,56,56,81,91,116,116,116,116],"floor_reached":16,"language":"ENG","playtime":901,"items_purged":[],"score":171,"play_id":"c9827e48-37b4-4099-a247-1c509603d1e7","local_time":"20210217151409","is_ascension_mode":true,"campfire_choices":[{"data":"Fiend Fire","floor":6,"key":"SMITH"},{"data":"Thunderclap","floor":8,"key":"SMITH"},{"data":"Bash","floor":10,"key":"SMITH"},{"data":"Secret Technique","floor":15,"key":"SMITH"}],"circlet_count":0,"master_deck":["AscendersBane","Strike_R","Strike_R","Strike_R","Strike_R","Defend_R","Defend_R","Defend_R","Defend_R","Bash+1","Secret Technique+1","Pommel Strike","Entrench+1","Fiend Fire+1","Thunderclap+1","Flame Barrier","Headbutt"],"relics":["Burning Blood","Shuriken","Odd Mushroom","Regal Pillow"],"acts_visited":["Exordium"],"potions_floor_usage":[12,13],"damage_taken":[{"damage":9,"enemies":"Small Slimes","floor":1,"turns":6},{"damage":6,"enemies":"Jaw Worm","floor":2,"turns":4},{"damage":0,"enemies":"2 Louse","floor":5,"turns":3},{"damage":5,"enemies":"2 Fungi Beasts","floor":7,"turns":4},{"damage":33,"enemies":"The Mushroom Lair","floor":12,"turns":5},{"damage":10,"enemies":"Gremlin Gang","floor":13,"turns":6},{"damage":37,"enemies":"The Guardian","floor":16,"turns":6}],"seed_played":"5142893588940420758","potions_obtained":[{"floor":1,"key":"PowerPotion"},{"floor":12,"key":"LiquidMemories"}],"is_trial":false,"path_per_floor":["M","M","?","?","M","R","M","R","T","R","$","?","M","T","R","B"],"character_chosen":"IRONCLAD","items_purchased":[],"campfire_rested":0,"item_purchase_floors":[],"current_hp_per_floor":[65,65,65,58,64,64,65,65,65,65,65,38,34,34,34,0,0],"gold":116,"neow_bonus":"RANDOM_COLORLESS_2","is_daily":false,"chose_seed":false,"campfire_upgraded":4,"win_rate":0.0,"timestamp":1613571249,"path_taken":["M","M","?","?","M","R","M","R","T","R","$","?","M","?","R","BOSS"],"items_purchased_type":[],"build_version":"2020-12-22","purchased_purges":0,"victory":false,"max_hp_per_floor":[75,75,75,75,75,75,75,75,75,75,75,75,75,75,75,75,75],"relic_stats":{"Regal Pillow":0,"counters":[7,34],"Shuriken":[1],"obtain_stats":[{"Regal Pillow":14,"Shuriken":9,"Odd Mushroom":12,"Burning Blood":0},{"Regal Pillow":6,"Shuriken":4,"Odd Mushroom":5,"Burning Blood":0},{"Regal Pillow":28,"Shuriken":17,"Odd Mushroom":22,"Burning Blood":0}],"Burning Blood":36},"card_choices":[{"not_picked":["HandOfGreed","The Bomb"],"picked":"Secret Technique","floor":0},{"not_picked":["Sword Boomerang","Clash"],"picked":"Pommel Strike","floor":1},{"not_picked":["Perfected Strike","Rupture"],"picked":"Entrench","floor":2},{"not_picked":["Fire Breathing","Cleave"],"picked":"Fiend Fire","floor":5},{"not_picked":["Havoc","Rampage"],"picked":"Thunderclap","floor":7},{"not_picked":["Power Through","Perfected Strike"],"picked":"Flame Barrier","floor":12},{"not_picked":["Perfected Strike","Cleave"],"picked":"Headbutt","floor":13}],"player_experience":810175,"relics_obtained":[{"floor":9,"key":"Shuriken"},{"floor":12,"key":"Odd Mushroom"},{"floor":14,"key":"Regal Pillow"}],"event_choices":[{"damage_healed":0,"gold_gain":0,"player_choice":"Grow","damage_taken":0,"max_hp_gain":0,"max_hp_loss":0,"event_name":"Living Wall","floor":3,"gold_loss":0,"cards_upgraded":["Entrench"]},{"cards_removed":["Strike_R"],"damage_healed":0,"gold_gain":0,"player_choice":"Card Removal","damage_taken":7,"max_hp_gain":0,"max_hp_loss":0,"event_name":"Golden Wing","floor":4,"gold_loss":0},{"damage_healed":0,"gold_gain":0,"player_choice":"Fought Mushrooms","damage_taken":0,"max_hp_gain":0,"max_hp_loss":0,"event_name":"Mushrooms","floor":12,"gold_loss":0}],"is_beta":false,"boss_relics":[],"items_purged_floors":[],"is_endless":false,"potions_floor_spawned":[1,12],"killed_by":"The Guardian","ascension_level":18}}