{"host":"d9m9v0h6vo0edadb","time":1611681278,"event":{"mods":["BaseMod","Hermit","Keyboard Shortcuts","Minty Spire (QoL Compilation)","StSLib","SuperFastMode","The Cursed"],"gold_per_floor":[114,39,50,50,68,99,113,113,137,137,154,189,114,114,114,190,190,190,190,190,190,190,190,190,190,190,190,90,90,90,90,90,90,90,90,90,90,90,90,90,90,90,90,90,90,90,90,90,90,90,90],"floor_reached":50,"language":"KOR","playtime":960,"items_purged":["Strike_G","Strike_G"],"score":1116,"play_id":"81632e3c-8601-4482-b818-9659ca4fec0e","local_time":"20210127021438","is_ascension_mode":true,"campfire_choices":[{"data":"Blade Dance","floor":8.0,"key":"SMITH"},{"data":"Accuracy","floor":10.0,"key":"SMITH"},{"data":"Crippling Poison","floor":15.0,"key":"SMITH"},{"data":"Adrenaline","floor":23.0,"key":"SMITH"},{"data":"Prepared","floor":27.0,"key":"SMITH"},{"floor":32.0,"key":"REST"},{"floor":40,"key":"REST"},{"floor":44,"key":"REST"},{"data":"Tactician","floor":49,"key":"SMITH"}],"circlet_count":0,"master_deck":["AscendersBane","Defend_G","Defend_G","Defend_G","Defend_G","Defend_G","Survivor","Neutralize","Blade Dance+1","Accuracy+1","Reflex","Backflip","Adrenaline+1","Crippling Poison+1","Burst","Cloak And Dagger","Acrobatics","Blade Dance","Prepared+1","Accuracy","After Image+1","PiercingWail+1","Tactician+1"],"relics":["Ring of the Snake","NeowsBlessing","Art of War","Bag of Preparation","Snake Skull","Ectoplasm","Red Mask","Bag of Marbles","StoneCalendar","HoveringKite","Gremlin Horn","Frozen Egg 2"],"acts_visited":["Exordium","TheCity","TheBeyond"],"potions_floor_usage":[37,42],"damage_taken":[{"damage":0.0,"enemies":"Cultist","floor":1.0,"turns":1.0},{"damage":0.0,"enemies":"2 Louse","floor":3.0,"turns":1.0},{"damage":0.0,"enemies":"Jaw Worm","floor":5.0,"turns":1.0},{"damage":15.0,"enemies":"Lagavulin","floor":6.0,"turns":7.0},{"damage":0.0,"enemies":"Blue Slaver","floor":7.0,"turns":5.0},{"damage":6.0,"enemies":"Exordium Wildlife","floor":11.0,"turns":4.0},{"damage":0.0,"enemies":"Gremlin Nob","floor":12.0,"turns":3.0},{"damage":6.0,"enemies":"The Guardian","floor":16.0,"turns":15.0},{"damage":0.0,"enemies":"3 Byrds","floor":18.0,"turns":3.0},{"damage":6.0,"enemies":"Shell Parasite","floor":19.0,"turns":4.0},{"damage":7.0,"enemies":"Cultist and Chosen","floor":20.0,"turns":4.0},{"damage":0.0,"enemies":"Snecko","floor":22.0,"turns":3.0},{"damage":0.0,"enemies":"3 Cultists","floor":24.0,"turns":3.0},{"damage":0.0,"enemies":"Masked Bandits","floor":25.0,"turns":2.0},{"damage":14.0,"enemies":"Book of Stabbing","floor":29.0,"turns":3.0},{"damage":0.0,"enemies":"Chosen and Byrds","floor":31.0,"turns":2.0},{"damage":16.0,"enemies":"Collector","floor":33.0,"turns":3.0},{"damage":0.0,"enemies":"3 Shapes","floor":35.0,"turns":1.0},{"damage":9.0,"enemies":"Orb Walker","floor":36.0,"turns":2.0},{"damage":20,"enemies":"4 Shapes","floor":37,"turns":5},{"damage":5,"enemies":"Jaw Worm Horde","floor":39,"turns":5},{"damage":0,"enemies":"Maw","floor":41,"turns":4},{"damage":8,"enemies":"Transient","floor":42,"turns":6},{"damage":17,"enemies":"Spire Growth","floor":45,"turns":4},{"damage":19,"enemies":"Giant Head","floor":46,"turns":6},{"damage":1,"enemies":"Writhing Mass","floor":47,"turns":5},{"damage":57,"enemies":"Awakened One","floor":50,"turns":9}],"seed_played":"4059463097516819740","potions_obtained":[{"floor":1.0,"key":"ColorlessPotion"},{"floor":3.0,"key":"BlessingOfTheForge"},{"floor":18.0,"key":"PowerPotion"},{"floor":20.0,"key":"GamblersBrew"},{"floor":24.0,"key":"Swift Potion"},{"floor":39,"key":"Dexterity Potion"},{"floor":41,"key":"Poison Potion"},{"floor":46,"key":"Poison Potion"}],"is_trial":false,"path_per_floor":["M","?","M","?","M","E","M","R","T","R","M","E","$","?","R","B",null,"M","M","M","?","M","R","M","?","T","R","$","E","$","M","R","B",null,"M","M","M","?","M","R","M","M","T","R","M","E","M","?","R","B"],"character_chosen":"THE_SILENT","items_purchased":[],"campfire_rested":3,"item_purchase_floors":[],"current_hp_per_floor":[59,59,59,59,59,44,44,44,44,44,38,38,38,38,38,32,58,58,52,45,45,45,45,45,45,45,45,45,31,31,31,50,34,58,58,49,29,29,24,43,43,35,35,54,37,18,17,54,54,0,0],"gold":90,"neow_bonus":"THREE_ENEMY_KILL","is_daily":false,"chose_seed":false,"campfire_upgraded":6,"win_rate":0.0,"timestamp":1611681278,"path_taken":["M","?","M","?","?","E","?","R","T","R","M","E","$","?","R","BOSS","M","M","M","?","M","R","M","?","T","R","$","E","?","M","R","BOSS","M","M","M","?","M","R","M","?","T","R","M","E","M","?","R","BOSS"],"items_purchased_type":[],"build_version":"2020-12-22","purchased_purges":2,"victory":false,"max_hp_per_floor":[66,66,66,66,66,66,66,66,66,66,66,66,66,66,66,66,66,66,66,66,66,66,66,66,66,66,66,66,66,66,66,66,66,66,66,66,66,66,66,66,66,66,66,66,66,66,66,54,54,54,54],"card_choices":[{"not_picked":["Choke","Dash","Quick Slash"],"picked":"SKIP","floor":1.0},{"not_picked":["Outmaneuver","Quick Slash"],"picked":"Blade Dance","floor":3.0},{"not_picked":["Footwork","Reflex"],"picked":"Accuracy","floor":5.0},{"not_picked":["Sucker Punch","Dodge and Roll","Distraction"],"picked":"SKIP","floor":6.0},{"not_picked":["Poisoned Stab","Skewer"],"picked":"Reflex","floor":7.0},{"not_picked":["Underhanded Strike","Dodge and Roll"],"picked":"Backflip","floor":11.0},{"not_picked":["Catalyst","Calculated Gamble"],"picked":"Adrenaline","floor":12.0},{"not_picked":["Night Terror","Envenom"],"picked":"Burst","floor":16.0},{"not_picked":["Slice","Backflip+1"],"picked":"Cloak And Dagger","floor":18.0},{"not_picked":["Finisher","Dagger Spray"],"picked":"Acrobatics","floor":19.0},{"not_picked":["Flying Knee","Deadly Poison"],"picked":"Blade Dance","floor":20.0},{"not_picked":["Bane","Choke"],"picked":"Prepared","floor":22.0},{"not_picked":["Outmaneuver","Sucker Punch","Acrobatics"],"picked":"SKIP","floor":24.0},{"not_picked":["Dodge and Roll","Dagger Spray"],"picked":"Accuracy","floor":25.0},{"not_picked":["Wraith Form v2","Dodge and Roll+1","Die Die Die"],"picked":"SKIP","floor":29.0},{"not_picked":["Flying Knee","Bouncing Flask","Slice"],"picked":"SKIP","floor":31.0},{"not_picked":["Bullet Time","Storm of Steel"],"picked":"After Image","floor":33.0},{"not_picked":["All Out Attack+1","Flying Knee","Poisoned Stab+1"],"picked":"SKIP","floor":35.0},{"not_picked":["Slice","Outmaneuver","Accuracy"],"picked":"SKIP","floor":36.0},{"not_picked":["Underhanded Strike","Leg Sweep+1","Outmaneuver"],"picked":"SKIP","floor":37},{"not_picked":["Slice","Poisoned Stab"],"picked":"PiercingWail+1","floor":39},{"not_picked":["Malaise","Sucker Punch+1","Distraction"],"picked":"SKIP","floor":41},{"not_picked":["Dagger Spray","Expertise+1","Choke"],"picked":"SKIP","floor":42},{"not_picked":["Poisoned Stab","Underhanded Strike","Backflip+1"],"picked":"SKIP","floor":45},{"not_picked":["Flying Knee","Prepared"],"picked":"Tactician","floor":46},{"not_picked":["Burst","Slice","Cloak And Dagger"],"picked":"SKIP","floor":47}],"player_experience":991079,"relics_obtained":[{"floor":6.0,"key":"Art of War"},{"floor":9.0,"key":"Bag of Preparation"},{"floor":12.0,"key":"Snake Skull"},{"floor":25.0,"key":"Red Mask"},{"floor":26.0,"key":"Bag of Marbles"},{"floor":29.0,"key":"StoneCalendar"},{"floor":43,"key":"Gremlin Horn"},{"floor":46,"key":"Frozen Egg 2"}],"event_choices":[{"cards_removed":["Strike_G"],"damage_healed":0.0,"max_hp_gain":0.0,"max_hp_loss":0.0,"gold_gain":0.0,"event_name":"The Cleric","player_choice":"Card Removal","floor":2.0,"gold_loss":75.0,"damage_taken":0.0},{"cards_removed":["Strike_G"],"damage_healed":0.0,"max_hp_gain":0.0,"max_hp_loss":0.0,"gold_gain":0.0,"event_name":"Bonfire Elementals","player_choice":"Offered Basic","floor":4.0,"gold_loss":0.0,"damage_taken":0.0},{"damage_healed":0.0,"max_hp_gain":0.0,"max_hp_loss":0.0,"gold_gain":0.0,"cards_transformed":["Strike_G"],"event_name":"Living Wall","player_choice":"Change","floor":14.0,"gold_loss":0.0,"damage_taken":0.0,"cards_obtained":["Crippling Poison"]},{"damage_healed":0.0,"max_hp_gain":0.0,"max_hp_loss":0.0,"gold_gain":0.0,"event_name":"The Mausoleum","player_choice":"Ignored","floor":21.0,"gold_loss":0.0,"damage_taken":0.0},{"damage_healed":0.0,"max_hp_gain":0.0,"max_hp_loss":0.0,"gold_gain":0.0,"event_name":"Masked Bandits","player_choice":"Fought Bandits","floor":25.0,"gold_loss":0.0,"damage_taken":0.0},{"damage_healed":0,"gold_gain":0,"player_choice":"Forge","damage_taken":0,"max_hp_gain":0,"max_hp_loss":0,"event_name":"Accursed Blacksmith","floor":38,"gold_loss":0,"cards_upgraded":["After Image"]},{"damage_healed":54,"gold_gain":0,"player_choice":"Heal","damage_taken":0,"max_hp_gain":0,"max_hp_loss":12,"event_name":"The Moai Head","floor":48,"gold_loss":0}],"is_beta":false,"boss_relics":[{"not_picked":["Snecko Eye","SlaversCollar"],"picked":"Ectoplasm"},{"not_picked":["Busted Crown","WristBlade"],"picked":"HoveringKite"}],"items_purged_floors":[13,28],"is_endless":false,"potions_floor_spawned":[1,3,18,20,24,25,39,41,46,47],"killed_by":"Awakened One","ascension_level":20}}