{"host":"2lvuisjyit3p3u01","time":1611679111,"event":{"mods":["Act Like it!","BaseMod","Bestiary","Better Synergies","CapriCore","Colored Map","Colored Powertips","Duelist Mod","Fox Events","GifTheSpireLib","Minty Spire (QoL Compilation)","Quick Restart","Reliquary","Replay The Spire","StSLib"],"gold_per_floor":[144,193,204,224,236,267,47,47,73,27,87,118,118,133,133,133,133],"floor_reached":16,"language":"ENG","playtime":947,"items_purged":["theDuelist:CastleWalls"],"score":110,"play_id":"fba4bd75-d212-4e5b-93f1-e3020cfef761","local_time":"20210126183831","is_ascension_mode":false,"campfire_choices":[{"data":"theDuelist:OutriggerExtension","floor":8,"key":"SMITH"},{"floor":15,"key":"REST"}],"circlet_count":0,"master_deck":["theDuelist:Biofalcon","theDuelist:CastleWalls","theDuelist:Deskbot004","theDuelist:Deskbot004","theDuelist:Deskbot005","theDuelist:Deskbot005","theDuelist:GreenGadget","theDuelist:Sparks","theDuelist:Sparks","theDuelist:OutriggerExtension+1","theDuelist:BlockGolem","theDuelist:ScrapBeast","theDuelist:JumboDrill","theDuelist:BlockGolem"],"relics":["theDuelist:MillenniumPuzzle","theDuelist:CardPoolRelic","theDuelist:CardPoolBasicRelic","theDuelist:BoosterPackPoolRelic","theDuelist:CardPoolAddRelic","theDuelist:CardPoolMinusRelic","theDuelist:CardPoolSaveRelic","theDuelist:CardPoolOptionsRelic","Oddly Smooth Stone","Replay:Mystery Machine","theDuelist:DuelistLetterOpener","Sling","Boot","reliquary:JackalopeAntler","Anchor","theDuelist:LoadedDice"],"acts_visited":["Exordium"],"potions_floor_usage":[12,12],"damage_taken":[{"damage":0,"enemies":"Cultist","floor":1,"turns":4},{"damage":11,"enemies":"Jaw Worm","floor":3,"turns":4},{"damage":6,"enemies":"2 Louse","floor":4,"turns":3},{"damage":5,"enemies":"2 Fungi Beasts","floor":5,"turns":4},{"damage":11,"enemies":"Replay:BlueRogue","floor":6,"turns":8},{"damage":12,"enemies":"Lagavulin Event","floor":11,"turns":7},{"damage":9,"enemies":"3 Sentries","floor":12,"turns":10},{"damage":0,"enemies":"Lots of Slimes","floor":14,"turns":4},{"damage":46,"enemies":"Slime Boss","floor":16,"turns":13}],"seed_played":"-1186276404224408968","potions_obtained":[{"floor":4,"key":"SmokeBomb"},{"floor":6,"key":"theDuelist:TokenPotion"},{"floor":11,"key":"Adrenaline Potion"}],"is_trial":false,"path_per_floor":["M","T","M","M","M","E","$","R","T","$","?","E","?","M","R","B"],"character_chosen":"THE_DUELIST","items_purchased":["Sling","theDuelist:ScrapBeast"],"campfire_rested":1,"item_purchase_floors":[7,10],"current_hp_per_floor":[80,80,69,63,58,47,47,47,47,47,35,26,20,20,44,0,0],"gold":133,"neow_bonus":"RANDOM_COMMON_RELIC","is_daily":false,"chose_seed":false,"campfire_upgraded":1,"win_rate":0.0,"timestamp":1611679111,"path_taken":["M","?","M","?","M","E","$","R","T","?","?","E","?","M","R","BOSS"],"items_purchased_type":["Relic","Card"],"build_version":"2020-12-22","purchased_purges":1,"victory":false,"max_hp_per_floor":[80,80,80,80,80,80,80,80,80,80,80,80,80,80,80,80,80],"card_choices":[{"not_picked":["theDuelist:MachineFactory","theDuelist:Jinzo","theDuelist:CatapultTurtle"],"picked":"theDuelist:OutriggerExtension","floor":1},{"not_picked":["theDuelist:GemElephant","theDuelist:LabyrinthWall","theDuelist:LostGuardian","theDuelist:PowerGiant"],"picked":"theDuelist:BlockGolem","floor":3},{"not_picked":["Dark Shackles","Jack Of All Trades","Madness","PanicButton"],"picked":"SKIP","floor":4},{"not_picked":["theDuelist:WonderGarage","theDuelist:ShortCircuit","theDuelist:BlastingFuse","theDuelist:ArtifactSanctum"],"picked":"SKIP","floor":5},{"not_picked":["theDuelist:AncientGearChimera","theDuelist:GreenGadget","theDuelist:BlastJuggler","theDuelist:AncientGearBox","theDuelist:RevolvingSwitchyard"],"picked":"SKIP","floor":6},{"not_picked":["theDuelist:TokenVacuum","theDuelist:Factory100Machines","theDuelist:CannonSoldier","theDuelist:Deskbot003"],"picked":"theDuelist:JumboDrill","floor":12},{"not_picked":["theDuelist:GemElephant","theDuelist:LabyrinthWall","theDuelist:LostGuardian","theDuelist:PowerGiant"],"picked":"theDuelist:BlockGolem","floor":14}],"player_experience":323278,"relics_obtained":[{"floor":2,"key":"Replay:Mystery Machine"},{"floor":6,"key":"theDuelist:DuelistLetterOpener"},{"floor":9,"key":"Boot"},{"floor":12,"key":"Anchor"}],"event_choices":[{"damage_healed":0,"gold_gain":0,"player_choice":"Searched \u00272\u0027 times","damage_taken":0,"relics_obtained":["reliquary:JackalopeAntler"],"max_hp_gain":0,"max_hp_loss":0,"event_name":"Dead Adventurer","floor":11,"gold_loss":0},{"damage_healed":0,"gold_gain":0,"player_choice":"Dig - random Duelist relic","duelist":true,"damage_taken":0,"max_hp_gain":0,"max_hp_loss":0,"event_name":"Aknamkanon\u0027s Tomb","floor":13,"gold_loss":0}],"is_beta":false,"boss_relics":[],"items_purged_floors":[7],"is_endless":false,"potions_floor_spawned":[4,6,11],"killed_by":"Slime Boss","ascension_level":0}}