{"host":"ojezjkpqju62j8xy","time":1611635134,"event":{"mods":["ATMod(°¢èªMod)","Act Like it!","Aspiration","BaseMod","Conspire","Minty Spire (QoL Compilation)","Pale of the Ancients","Replay The Spire","Spicy Shops","StSLib","[GremlinLeader]The Maniac","¡¾ÒÅÎï¿¨ÅÆ¡¿REMEMod"],"gold_per_floor":[114,114,114,130,130,130,159,179,205,205,205],"floor_reached":10,"language":"ZHS","playtime":159,"items_purged":[],"score":152,"play_id":"6050a06b-9161-4362-9399-7d597ce5a155","local_time":"20210126122534","is_ascension_mode":true,"campfire_choices":[{"floor":6,"key":"RECALL"}],"circlet_count":0,"master_deck":["AscendersBane","conspire:GhostlyStrike","conspire:GhostlyStrike+1","conspire:GhostlyStrike","conspire:GhostlyStrike","conspire:GhostlyDefend","conspire:GhostlyDefend","conspire:GhostlyDefend","conspire:GhostlyDefend","Zap","Dualcast","AT_DrawKnifeCut+1","Hyperbeam","Panic Button","Regret","Loop","REME_ForAll","Leap+1"],"relics":["Cracked Core","AT_ATBox","REME_ComplimentaryCards","Toxic Egg 2","Oddly Smooth Stone"],"acts_visited":["Exordium"],"potions_floor_usage":[10],"damage_taken":[{"damage":7,"enemies":"Jaw Worm","floor":1,"turns":2},{"damage":0,"enemies":"2 Louse","floor":4,"turns":1},{"damage":39,"enemies":"Lagavulin","floor":7,"turns":4},{"damage":10,"enemies":"Small Slimes","floor":8,"turns":3},{"damage":10,"enemies":"3 Sentries","floor":10,"turns":2}],"seed_played":"-8210279280616609256","potions_obtained":[{"floor":4,"key":"Toxic Potion"}],"is_trial":false,"path_per_floor":["M","?","?","M","?","R","E","M","T","E"],"character_chosen":"DEFECT","items_purchased":[],"campfire_rested":0,"item_purchase_floors":[],"current_hp_per_floor":[68,52,52,52,52,52,13,3,3,0,0],"gold":205,"neow_bonus":"TEN_PERCENT_HP_BONUS","is_daily":false,"chose_seed":false,"campfire_upgraded":0,"win_rate":0.0,"timestamp":1611635134,"path_taken":["M","?","?","M","?","R","E","M","T","E"],"items_purchased_type":[],"build_version":"2020-12-22","purchased_purges":0,"victory":false,"max_hp_per_floor":[82,82,82,82,82,82,82,82,82,82,82],"card_choices":[{"not_picked":["Rebound","Go for the Eyes"],"picked":"Panic Button","floor":1},{"not_picked":["conspire:Rain+1","Heatsinks"],"picked":"Loop","floor":4},{"not_picked":["Coolheaded+1","Redo+1"],"picked":"REME_ForAll","floor":7},{"not_picked":["Rebound","conspire:Rain+1"],"picked":"Leap+1","floor":8}],"player_experience":1376906,"relics_obtained":[{"floor":7,"key":"Oddly Smooth Stone"}],"event_choices":[{"damage_healed":0,"gold_gain":0,"player_choice":"Entered Light","damage_taken":16,"max_hp_gain":0,"max_hp_loss":0,"event_name":"Shining Light","floor":2,"gold_loss":0,"cards_upgraded":["Strike_B","AT_DrawKnifeCut"]},{"damage_healed":0,"gold_gain":0,"player_choice":"Box","damage_taken":0,"relics_obtained":["Toxic Egg 2"],"max_hp_gain":0,"max_hp_loss":0,"event_name":"Big Fish","floor":3,"gold_loss":0,"cards_obtained":["Regret"]},{"damage_healed":0,"gold_gain":0,"player_choice":"Agree","damage_taken":0,"max_hp_gain":0,"max_hp_loss":0,"event_name":"conspire:LoneGhost","floor":5,"gold_loss":0}],"is_beta":false,"boss_relics":[],"items_purged_floors":[],"is_endless":false,"potions_floor_spawned":[4],"killed_by":"3 Sentries","ascension_level":11}}