{"host":"d7fiu2yjkssjxoz6","time":1611643439,"event":{"mods":["AchievementEnabler","BaseMod","Duelist Mod","Minty Spire (QoL Compilation)","StSLib"],"gold_per_floor":[143,163,163,338,353,384,384,409,433,461,134,134,134,168,168,243,243,254,267,282,282,294,321,321,340,367,367,367],"floor_reached":27,"language":"ENG","playtime":1535,"items_purged":["Doubt"],"score":522,"play_id":"ad67cd88-8392-4303-a6a4-82a5e6bd6ba7","local_time":"20210125224359","is_ascension_mode":true,"campfire_choices":[{"data":"theDuelist:RainbowNeos","floor":7,"key":"SMITH"},{"data":"theDuelist:WhiteHowling","floor":13,"key":"SMITH"},{"floor":15,"key":"REST"},{"data":"theDuelist:ClearKuriboh","floor":24,"key":"SMITH"}],"circlet_count":0,"master_deck":["theDuelist:OniGamiCombo","theDuelist:DestroyerGolem","theDuelist:RainbowKuribohBasic","theDuelist:RainbowNeos+1","theDuelist:ClearKuriboh+1","theDuelist:ShallowGrave","theDuelist:Sparks","theDuelist:CurseArmaments","theDuelist:BlackPendant","theDuelist:RainbowNeos","theDuelist:RainbowDragon","theDuelist:CastleWalls","theDuelist:DunamesDarkWitch","theDuelist:CastleWalls","theDuelist:SuperSolarNutrient+1","theDuelist:Eva","AscendersBane","theDuelist:RainbowNeos","theDuelist:RainbowNeos","theDuelist:PotGreed","theDuelist:RainbowFlower","theDuelist:SmashingGround","theDuelist:GateGuardian+1","theDuelist:RainbowKuriboh","theDuelist:WhiteHowling+1","theDuelist:CurseDragon","theDuelist:Hayate","theDuelist:Sparks"],"relics":["theDuelist:MillenniumPuzzle","theDuelist:CardPoolRelic","theDuelist:CardPoolBasicRelic","theDuelist:BoosterPackPoolRelic","theDuelist:CardPoolAddRelic","theDuelist:CardPoolMinusRelic","theDuelist:CardPoolSaveRelic","theDuelist:CardPoolOptionsRelic","MealTicket","theDuelist:MerchantNecklace","theDuelist:MillenniumRod","Paper Crane","theDuelist:MillenniumKey","Tiny Chest","Akabeko"],"acts_visited":["Exordium","TheCity"],"potions_floor_usage":[6,27,27],"damage_taken":[{"damage":0,"enemies":"2 Louse","floor":1,"turns":1},{"damage":0,"enemies":"Jaw Worm","floor":2,"turns":2},{"damage":0,"enemies":"Small Slimes","floor":5,"turns":4},{"damage":13,"enemies":"Gremlin Nob","floor":6,"turns":4},{"damage":0,"enemies":"3 Sentries","floor":8,"turns":4},{"damage":10,"enemies":"Gremlin Nob","floor":10,"turns":4},{"damage":22,"enemies":"Lagavulin","floor":14,"turns":5},{"damage":16,"enemies":"Slime Boss","floor":16,"turns":6},{"damage":1,"enemies":"Chosen","floor":18,"turns":4},{"damage":32,"enemies":"3 Byrds","floor":19,"turns":6},{"damage":14,"enemies":"Centurion and Healer","floor":20,"turns":5},{"damage":0,"enemies":"Snake Plant","floor":22,"turns":3},{"damage":24,"enemies":"Slavers","floor":23,"turns":4},{"damage":10,"enemies":"Cultist and Chosen","floor":25,"turns":4},{"damage":13,"enemies":"theDuelist:KaibaA2","floor":27,"turns":2}],"seed_played":"-7307177227710728808","potions_obtained":[{"floor":2,"key":"theDuelist:GiftPotion"},{"floor":14,"key":"theDuelist:TokenPotionB"},{"floor":20,"key":"theDuelist:WhiteBottle"}],"is_trial":false,"path_per_floor":["M","M","?","?","M","E","R","E","T","E","$","?","R","E","R","B",null,"M","M","M","?","M","E","R","M","T","E"],"character_chosen":"THE_DUELIST","items_purchased":["theDuelist:ShallowGrave","theDuelist:WhiteHowling","theDuelist:SmashingGround"],"campfire_rested":1,"item_purchase_floors":[11,11,11],"current_hp_per_floor":[67,67,67,67,67,67,67,67,67,57,72,72,72,50,78,62,88,87,55,41,41,41,17,17,7,7,0,0],"gold":367,"neow_bonus":"TWENTY_PERCENT_HP_BONUS","is_daily":false,"chose_seed":false,"campfire_upgraded":3,"win_rate":0.0,"timestamp":1611643439,"path_taken":["M","M","?","?","M","E","R","E","T","E","?","?","R","E","R","BOSS","M","M","?","?","M","E","R","M","T","E"],"items_purchased_type":["Card","Card","Card"],"build_version":"2020-12-22","purchased_purges":1,"victory":false,"max_hp_per_floor":[96,96,96,96,96,96,96,96,96,96,96,96,96,96,96,96,96,96,96,96,96,96,96,96,96,96,96,96],"card_choices":[{"not_picked":["theDuelist:AttackTheMoon","theDuelist:DarklordSuperbia","theDuelist:WingedKuriboh","theDuelist:GauntletWarrior"],"picked":"theDuelist:DestroyerGolem","floor":1},{"not_picked":["theDuelist:GraniteLoyalist","theDuelist:BigKoala","theDuelist:DarkCreator","theDuelist:EvilswarmHeliotrope"],"picked":"theDuelist:PotGreed","floor":2},{"not_picked":["theDuelist:YamataDragon","theDuelist:WhiteMagicalHat","theDuelist:BlizzardThunderbird","theDuelist:DesLacooda"],"picked":"theDuelist:RainbowNeos","floor":5},{"not_picked":["theDuelist:ShallowGrave","theDuelist:ShadowVampire","theDuelist:DarkMagician","theDuelist:BlastAsmodian"],"picked":"theDuelist:RainbowNeos","floor":6},{"not_picked":["theDuelist:TyrantWing","theDuelist:WhiteHornDragon","theDuelist:Jinzo"],"picked":"theDuelist:OniGamiCombo","floor":8},{"not_picked":["theDuelist:TyrantWing","theDuelist:SpiralSpearStrike+1","theDuelist:CharcoalInpachi","theDuelist:ForbiddenLance+1"],"picked":"theDuelist:ClearKuriboh","floor":10},{"not_picked":["theDuelist:RainbowOverdragon","theDuelist:BabyDragon","theDuelist:YamataDragon","theDuelist:TwinHeadedFire"],"picked":"theDuelist:RainbowNeos","floor":14},{"not_picked":["theDuelist:KamionTimelord","theDuelist:IrisEarthMother","theDuelist:Eva","theDuelist:DunamesDarkWitch"],"picked":"theDuelist:RainbowKuriboh","floor":16},{"not_picked":["theDuelist:SwordsRevealing","theDuelist:QueenDragunDjinn","theDuelist:DarkMasterZorc","theDuelist:VampireGrace"],"picked":"theDuelist:GateGuardian+1","floor":18},{"not_picked":["theDuelist:WormWarlord","theDuelist:HeavyStorm","theDuelist:Mudora","theDuelist:Fissure"],"picked":"theDuelist:BlackPendant","floor":19},{"not_picked":["theDuelist:Mudora","theDuelist:Terraforming","theDuelist:GolemSentry+1","theDuelist:FeatherPho","theDuelist:HeavyStorm"],"picked":"SKIP","floor":20},{"not_picked":["theDuelist:NeoMagic","theDuelist:BetaMagnet","theDuelist:MaskedDragon+1","theDuelist:TributeDoomed"],"picked":"theDuelist:SuperSolarNutrient+1","floor":22},{"not_picked":["theDuelist:Pumpking+1","theDuelist:WhiteMagicalHat","theDuelist:ShadowVampire","theDuelist:VampireGenesis"],"picked":"theDuelist:RainbowDragon","floor":23},{"not_picked":["theDuelist:GreenGadget","theDuelist:Eva","theDuelist:Biofalcon+1","theDuelist:DoomcaliberKnight"],"picked":"theDuelist:CurseDragon","floor":25}],"player_experience":303361,"relics_obtained":[{"floor":6,"key":"MealTicket"},{"floor":8,"key":"theDuelist:DuelistOrichalcum"},{"floor":10,"key":"theDuelist:MerchantNecklace"},{"floor":14,"key":"Paper Crane"},{"floor":23,"key":"Tiny Chest"},{"floor":26,"key":"Akabeko"}],"event_choices":[{"damage_healed":0,"gold_gain":0,"player_choice":"Leave","duelist":true,"damage_taken":0,"max_hp_gain":0,"max_hp_loss":0,"event_name":"Card Trader","floor":3,"gold_loss":0},{"damage_healed":0,"gold_gain":175,"player_choice":"AGREE","damage_taken":0,"max_hp_gain":0,"max_hp_loss":0,"event_name":"Liars Game","floor":4,"gold_loss":0,"cards_obtained":["Doubt"]},{"damage_healed":0,"gold_gain":0,"player_choice":"Took item - Received: Millennium Rod","duelist":true,"damage_taken":0,"max_hp_gain":0,"max_hp_loss":0,"event_name":"Millennium Items","floor":12,"gold_loss":0},{"damage_healed":0,"gold_gain":0,"player_choice":"Scored: 2160","duelist":true,"damage_taken":0,"max_hp_gain":0,"max_hp_loss":0,"event_name":"Visit from Anubis","floor":21,"gold_loss":0}],"is_beta":false,"boss_relics":[{"not_picked":["Runic Dome","Coffee Dripper"],"picked":"theDuelist:MillenniumKey"}],"items_purged_floors":[11],"is_endless":false,"potions_floor_spawned":[2,14,20,23],"killed_by":"theDuelist:KaibaA2","ascension_level":13}}