{"host":"p7j7o00jacnw7qzt","time":1611646324,"event":{"mods":["BaseMod","Colored Map","Colored Powertips","DeckTracker","Highlight Path","Minty Spire (QoL Compilation)","Relic Stats"],"gold_per_floor":[116,136,136,136,61,101,1,1,28,28,72,72,72,72],"floor_reached":13,"language":"ZHS","playtime":288,"items_purged":["Strike_G","Strike_G"],"score":228,"play_id":"d09b08a8-e9ae-4168-87fd-63b79480fb4e","local_time":"20210126023204","is_ascension_mode":true,"campfire_choices":[{"data":"Blade Dance","floor":8.0,"key":"SMITH"},{"data":"Acrobatics","floor":10.0,"key":"SMITH"}],"circlet_count":0,"master_deck":["AscendersBane","Strike_G","Strike_G","Defend_G","Defend_G","Defend_G","Defend_G","Defend_G","Survivor","Neutralize","Blade Dance+1","Acrobatics+1","Terror"],"relics":["Ring of the Snake","NeowsBlessing","Golden Idol","Happy Flower","Blue Candle"],"acts_visited":["Exordium"],"potions_floor_usage":[11],"damage_taken":[{"damage":0.0,"enemies":"2 Louse","floor":1.0,"turns":1.0},{"damage":0.0,"enemies":"Jaw Worm","floor":2.0,"turns":1.0},{"damage":0.0,"enemies":"3 Sentries","floor":6.0,"turns":1.0},{"damage":43,"enemies":"Gremlin Nob","floor":11,"turns":4},{"damage":37,"enemies":"3 Sentries","floor":13,"turns":10}],"seed_played":"5146821379066896857","potions_obtained":[{"floor":2.0,"key":"GamblersBrew"}],"is_trial":false,"path_per_floor":["M","M","?","?","$","E","$","R","T","R","E","?","E"],"character_chosen":"THE_SILENT","items_purchased":[],"campfire_rested":0,"item_purchase_floors":[],"current_hp_per_floor":[59,59,59,59,59,59,59,59,59,59,16,36,0,0],"gold":72,"neow_bonus":"THREE_ENEMY_KILL","is_daily":false,"chose_seed":false,"campfire_upgraded":2,"win_rate":0.0,"timestamp":1611646324,"path_taken":["M","M","?","?","$","E","?","R","T","R","E","?","E"],"items_purchased_type":[],"build_version":"2020-12-22","purchased_purges":2,"victory":false,"max_hp_per_floor":[66,66,66,60,60,60,60,60,60,60,60,60,60,60],"relic_stats":{"Happy Flower":[4],"counters":[5,17],"Golden Idol":17,"Blue Candle":[0],"obtain_stats":[{"NeowsBlessing":0,"Happy Flower":6,"Golden Idol":4,"Blue Candle":11,"Ring of the Snake":0},{"NeowsBlessing":0,"Happy Flower":3,"Golden Idol":2,"Blue Candle":4,"Ring of the Snake":0},{"NeowsBlessing":0,"Happy Flower":3,"Golden Idol":2,"Blue Candle":7,"Ring of the Snake":0}],"Ring of the Snake":[10]},"card_choices":[{"not_picked":["Quick Slash","Deadly Poison","Caltrops"],"picked":"SKIP","floor":1.0},{"not_picked":["Blur","Catalyst"],"picked":"Blade Dance","floor":2.0},{"not_picked":["Cloak And Dagger","Deadly Poison"],"picked":"Acrobatics","floor":6.0},{"not_picked":["Underhanded Strike","Malaise"],"picked":"Terror","floor":11}],"player_experience":1052655,"relics_obtained":[{"floor":6.0,"key":"Happy Flower"},{"floor":11,"key":"Blue Candle"}],"event_choices":[{"cards_removed":["Strike_G"],"damage_healed":0.0,"max_hp_gain":0.0,"max_hp_loss":0.0,"gold_gain":0.0,"event_name":"Living Wall","player_choice":"Forget","floor":3.0,"gold_loss":0.0,"damage_taken":0.0},{"damage_healed":0.0,"max_hp_gain":0.0,"max_hp_loss":6.0,"gold_gain":0.0,"event_name":"Golden Idol","player_choice":"Lose Max HP","floor":4.0,"gold_loss":0.0,"damage_taken":0.0,"relics_obtained":["Golden Idol"]},{"damage_healed":20,"gold_gain":0,"player_choice":"Banana","damage_taken":0,"max_hp_gain":0,"max_hp_loss":0,"event_name":"Big Fish","floor":12,"gold_loss":0}],"is_beta":false,"boss_relics":[],"items_purged_floors":[5,7],"is_endless":false,"potions_floor_spawned":[2],"killed_by":"3 Sentries","ascension_level":20}}