{"host":"yd6hhqps9de4qmof","time":1611657150,"event":{"mods":["BaseMod","Downfall","Hermit","Highlight Path","Jorbs\u0027s Wanderer Trilogy","Minty Spire (QoL Compilation)","Relic Stats","Robot Space Explorer","Shade Mod","StSLib","The Cursed","The Disciple","The Marked","The Servant 0.9.4"],"gold_per_floor":[110,110,126,194,209,244,244,276,302,302,302,319,319,332,332,428,428,368,318,16,16,16,16,16,16,16,16,16,16,16,16,16,16,16,16,16,16,16,16,16,16,16],"floor_reached":41,"language":"ENG","playtime":1780,"items_purged":["RobotSpaceExplorer:Strike"],"score":573,"play_id":"6df9e751-2b12-4a3e-9860-f6a5acdbe565","local_time":"20210126113230","is_ascension_mode":true,"campfire_choices":[{"data":"RobotSpaceExplorer:Pulsar","floor":7,"key":"SMITH"},{"data":"RobotSpaceExplorer:Electropulse","floor":11,"key":"SMITH"},{"data":"RobotSpaceExplorer:SlimeMissile","floor":13,"key":"SMITH"},{"data":"RobotSpaceExplorer:Pulsar","floor":15,"key":"SMITH"},{"data":"RobotSpaceExplorer:Asteroid","floor":23,"key":"SMITH"},{"floor":30,"key":"REST"},{"floor":32,"key":"REST"},{"floor":40,"key":"REST"}],"circlet_count":0,"master_deck":["RobotSpaceExplorer:Strike","RobotSpaceExplorer:Strike","RobotSpaceExplorer:Defend","RobotSpaceExplorer:Defend","RobotSpaceExplorer:Defend","RobotSpaceExplorer:Defend","RobotSpaceExplorer:Scan","RobotSpaceExplorer:MiniLasers","RobotSpaceExplorer:Jetpack","RobotSpaceExplorer:SlimeMissile+1","RobotSpaceExplorer:Pulsar+1","RobotSpaceExplorer:Pulsar+1","RobotSpaceExplorer:Electropulse+1","RobotSpaceExplorer:Pulsar+1","RobotSpaceExplorer:Asteroid+1","RobotSpaceExplorer:PlasmaMissile","RobotSpaceExplorer:PlasmaMissile","RobotSpaceExplorer:SelfCleaning+1","RobotSpaceExplorer:PowerCollector","RobotSpaceExplorer:Smokescreen","RobotSpaceExplorer:DroneSwarm","RobotSpaceExplorer:BigMissile","RobotSpaceExplorer:MiniBoosters+1","RobotSpaceExplorer:Comet","RobotSpaceExplorer:StarDust","RobotSpaceExplorer:FreezeRay+1"],"relics":["RobotSpaceExplorer:RoboCore","Ancient Tea Set","Toy Ornithopter","Regal Pillow","Art of War","Ectoplasm","DollysMirror","Mummified Hand","Strawberry","Pear","Bottled Flame","SacredBark","Incense Burner"],"acts_visited":["Exordium","TheCity","TheBeyond"],"potions_floor_usage":[6,16,24,28,33,33,38],"damage_taken":[{"damage":0,"enemies":"Jaw Worm","floor":1,"turns":4},{"damage":0,"enemies":"Small Slimes","floor":3,"turns":3},{"damage":0,"enemies":"Cultist","floor":5,"turns":3},{"damage":19,"enemies":"Lagavulin","floor":6,"turns":7},{"damage":18,"enemies":"3 Sentries","floor":8,"turns":9},{"damage":0,"enemies":"2 Fungi Beasts","floor":12,"turns":2},{"damage":0,"enemies":"Exordium Thugs","floor":14,"turns":3},{"damage":37,"enemies":"Hexaghost","floor":16,"turns":12},{"damage":8,"enemies":"2 Thieves","floor":18,"turns":4},{"damage":9,"enemies":"Spheric Guardian","floor":21,"turns":3},{"damage":25,"enemies":"Gremlin Leader","floor":24,"turns":5},{"damage":0,"enemies":"Centurion and Healer","floor":25,"turns":5},{"damage":6,"enemies":"Shelled Parasite and Fungi","floor":28,"turns":4},{"damage":31,"enemies":"Slavers","floor":29,"turns":6},{"damage":23,"enemies":"Gremlin Leader","floor":31,"turns":5},{"damage":55,"enemies":"Champ","floor":33,"turns":12},{"damage":5,"enemies":"3 Shapes","floor":35,"turns":3},{"damage":36,"enemies":"2 Orb Walkers","floor":38,"turns":4},{"damage":13,"enemies":"Orb Walker","floor":39,"turns":4},{"damage":86,"enemies":"Giant Head","floor":41,"turns":7}],"seed_played":"-1015806530391083941","potions_obtained":[{"floor":1,"key":"RobotSpaceExplorer:RecyclePotion"},{"floor":3,"key":"CultistPotion"},{"floor":14,"key":"Dexterity Potion"},{"floor":24,"key":"Weak Potion"},{"floor":25,"key":"SpeedPotion"},{"floor":31,"key":"RobotSpaceExplorer:RecyclePotion"},{"floor":33,"key":"bronze:BurnAndBuffPotion"}],"is_trial":false,"path_per_floor":["M","?","M","?","M","E","R","E","T","?","R","M","R","M","R","B",null,"M","?","$","M","$","R","E","M","T","$","M","E","R","E","R","B",null,"M","?","?","?","M","R","E"],"character_chosen":"RobotSpaceExplorer","items_purchased":["RobotSpaceExplorer:PlasmaMissile","DollysMirror"],"campfire_rested":3,"item_purchase_floors":[20,20],"current_hp_per_floor":[75,80,80,80,80,61,61,43,43,43,43,43,43,43,43,11,80,72,72,72,63,63,63,43,43,50,50,49,28,72,49,93,47,97,92,92,92,56,43,85,0,0],"gold":16,"neow_bonus":"RANDOM_COMMON_RELIC","is_daily":false,"chose_seed":false,"campfire_upgraded":5,"win_rate":0.0,"timestamp":1611657150,"path_taken":["M","?","M","?","M","E","R","E","T","?","R","?","R","M","R","BOSS","M","?","$","M","?","R","E","M","T","$","?","E","R","E","R","BOSS","M","?","?","?","?","R","E"],"items_purchased_type":["Card","Relic"],"build_version":"2020-12-22","purchased_purges":1,"victory":false,"max_hp_per_floor":[75,80,80,80,80,80,80,80,80,80,80,80,80,80,80,80,80,80,80,80,80,80,80,80,80,87,87,87,97,97,97,97,97,97,97,97,92,92,92,92,92,92],"relic_stats":{"Regal Pillow":45,"counters":[20,105],"Mummified Hand":[26],"Ectoplasm":393,"Art of War":[10],"obtain_stats":[{"Regal Pillow":8,"Pear":29,"SacredBark":34,"RobotSpaceExplorer:RoboCore":0,"Incense Burner":38,"Ancient Tea Set":0,"Bottled Flame":31,"DollysMirror":20,"Mummified Hand":24,"Strawberry":26,"Ectoplasm":17,"Art of War":9,"Toy Ornithopter":6},{"Regal Pillow":5,"Pear":14,"SacredBark":16,"RobotSpaceExplorer:RoboCore":0,"Incense Burner":18,"Ancient Tea Set":0,"Bottled Flame":15,"DollysMirror":9,"Mummified Hand":11,"Strawberry":12,"Ectoplasm":8,"Art of War":5,"Toy Ornithopter":4},{"Regal Pillow":26,"Pear":70,"SacredBark":87,"RobotSpaceExplorer:RoboCore":0,"Incense Burner":94,"Ancient Tea Set":0,"Bottled Flame":75,"DollysMirror":47,"Mummified Hand":55,"Strawberry":60,"Ectoplasm":43,"Art of War":26,"Toy Ornithopter":17}],"Toy Ornithopter":24},"card_choices":[{"not_picked":["RobotSpaceExplorer:SlimeMissile","RobotSpaceExplorer:LuckyStrike"],"picked":"RobotSpaceExplorer:Jetpack","floor":1},{"not_picked":["RobotSpaceExplorer:SwiftStep","RobotSpaceExplorer:Electroshield"],"picked":"RobotSpaceExplorer:SlimeMissile","floor":3},{"not_picked":["RobotSpaceExplorer:SlimeMissile","RobotSpaceExplorer:SurgingShield"],"picked":"RobotSpaceExplorer:Pulsar","floor":5},{"not_picked":["RobotSpaceExplorer:ScrapToss","RobotSpaceExplorer:Discharger"],"picked":"RobotSpaceExplorer:Pulsar","floor":6},{"not_picked":["RobotSpaceExplorer:FreezingShield","RobotSpaceExplorer:Scanner"],"picked":"RobotSpaceExplorer:Electropulse","floor":8},{"not_picked":["RobotSpaceExplorer:ScrapMissile","RobotSpaceExplorer:ShockKick","RobotSpaceExplorer:ImprovisedAttack"],"picked":"SKIP","floor":12},{"not_picked":["RobotSpaceExplorer:SurgingStrike","RobotSpaceExplorer:SlimeMissile"],"picked":"RobotSpaceExplorer:Pulsar","floor":14},{"not_picked":["RobotSpaceExplorer:Explosion","RobotSpaceExplorer:BlastShield"],"picked":"RobotSpaceExplorer:Asteroid","floor":16},{"not_picked":["RobotSpaceExplorer:ImprovisedAttack","RobotSpaceExplorer:DoubleFind","RobotSpaceExplorer:SlimeMissile"],"picked":"SKIP","floor":18},{"not_picked":["RobotSpaceExplorer:PowerCollector","RobotSpaceExplorer:Ammunition"],"picked":"RobotSpaceExplorer:SelfCleaning+1","floor":21},{"not_picked":["RobotSpaceExplorer:SurgingShield","RobotSpaceExplorer:FranticSearch"],"picked":"RobotSpaceExplorer:PowerCollector","floor":24},{"not_picked":["RobotSpaceExplorer:FreezingShield+1","RobotSpaceExplorer:Ammunition"],"picked":"RobotSpaceExplorer:Smokescreen","floor":25},{"not_picked":["RobotSpaceExplorer:SlimeMissile","RobotSpaceExplorer:GearShield"],"picked":"RobotSpaceExplorer:DroneSwarm","floor":28},{"not_picked":["RobotSpaceExplorer:GlueShot","RobotSpaceExplorer:Electropulse"],"picked":"RobotSpaceExplorer:BigMissile","floor":29},{"not_picked":["RobotSpaceExplorer:SlimeMissile+1","RobotSpaceExplorer:Discharger"],"picked":"RobotSpaceExplorer:MiniBoosters+1","floor":31},{"not_picked":["RobotSpaceExplorer:Explosion","RobotSpaceExplorer:Accelerator"],"picked":"RobotSpaceExplorer:Comet","floor":33},{"not_picked":["RobotSpaceExplorer:SlimeMissile","RobotSpaceExplorer:DoubleBlock"],"picked":"RobotSpaceExplorer:StarDust","floor":35},{"not_picked":["RobotSpaceExplorer:Ammunition","RobotSpaceExplorer:Pulsar+1"],"picked":"RobotSpaceExplorer:FreezeRay+1","floor":38},{"not_picked":["RobotSpaceExplorer:PlasmaMissile+1","RobotSpaceExplorer:GlueShot","RobotSpaceExplorer:SlimeMissile+1"],"picked":"SKIP","floor":39}],"player_experience":1178853,"relics_obtained":[{"floor":6,"key":"Toy Ornithopter"},{"floor":8,"key":"Regal Pillow"},{"floor":9,"key":"Art of War"},{"floor":24,"key":"Mummified Hand"},{"floor":26,"key":"Strawberry"},{"floor":29,"key":"Pear"},{"floor":31,"key":"Bottled Flame"},{"floor":38,"key":"Incense Burner"}],"event_choices":[{"damage_healed":0,"gold_gain":0,"player_choice":"Donut","damage_taken":0,"max_hp_gain":5,"max_hp_loss":0,"event_name":"Big Fish","floor":2,"gold_loss":0},{"damage_healed":0,"gold_gain":68,"player_choice":"Gained Gold","damage_taken":0,"max_hp_gain":0,"max_hp_loss":0,"event_name":"Golden Wing","floor":4,"gold_loss":0},{"damage_healed":0,"gold_gain":0,"player_choice":"Upgraded","damage_taken":0,"max_hp_gain":0,"max_hp_loss":0,"event_name":"Upgrade Shrine","floor":10,"gold_loss":0,"cards_upgraded":["RobotSpaceExplorer:Pulsar"]},{"damage_healed":0,"gold_gain":0,"player_choice":"Bet on Murderer","damage_taken":0,"max_hp_gain":0,"max_hp_loss":0,"event_name":"The Joust","floor":19,"gold_loss":50},{"cards_removed":["RobotSpaceExplorer:Strike"],"damage_healed":0,"gold_gain":0,"player_choice":"Removed Attack","damage_taken":0,"max_hp_gain":0,"max_hp_loss":0,"event_name":"Falling","floor":36,"gold_loss":0},{"damage_healed":0,"gold_gain":0,"player_choice":"Max HP","damage_taken":0,"max_hp_gain":0,"max_hp_loss":5,"event_name":"Winding Halls","floor":37,"gold_loss":0},{"damage_healed":0,"gold_gain":0,"player_choice":"Fight","damage_taken":0,"max_hp_gain":0,"max_hp_loss":0,"event_name":"Mysterious Sphere","floor":38,"gold_loss":0}],"is_beta":false,"boss_relics":[{"not_picked":["Philosopher\u0027s Stone","Astrolabe"],"picked":"Ectoplasm"},{"not_picked":["Empty Cage","Runic Dome"],"picked":"SacredBark"}],"items_purged_floors":[20],"is_endless":false,"potions_floor_spawned":[1,3,14,24,25,31,33],"killed_by":"Giant Head","ascension_level":4}}