{"host":"ew66i0vuc7r9fnl7","time":1611675148,"event":{"mods":["Arknights The Spire","BaseMod","DeckTracker","Minty Spire (QoL Compilation)","StSLib"],"gold_per_floor":[110,126,139,139,139,139,64,76,128,161,161,61,61,80,80,80,80],"floor_reached":16,"language":"KOR","playtime":554,"items_purged":["ats:Strike V","ats:Strike C"],"score":100,"play_id":"cd4fbf2a-ae0b-4d4a-9167-8528029f98c3","local_time":"20210127003228","is_ascension_mode":false,"campfire_choices":[{"data":"ats:Emotion Absorption","floor":6,"key":"SMITH"},{"data":"ats:Hook Shot","floor":11,"key":"SMITH"},{"floor":15,"key":"REST"}],"circlet_count":0,"master_deck":["ats:Strike G","ats:Strike S","ats:Armor Crushing Shot+1","ats:Defend","ats:Defend","ats:Defend","ats:Defend","ats:Emotion Absorption+1","ats:Hook Shot+1"],"relics":["Busted Crown","Juzu Bracelet","Happy Flower","ats:Originium","ats:Lavender"],"acts_visited":["Exordium"],"potions_floor_usage":[10],"damage_taken":[{"damage":1,"enemies":"Cultist","floor":1,"turns":4},{"damage":2,"enemies":"2 Louse","floor":2,"turns":3},{"damage":6,"enemies":"Jaw Worm","floor":3,"turns":2},{"damage":4,"enemies":"Large Slime","floor":8,"turns":6},{"damage":21,"enemies":"3 Sentries","floor":10,"turns":13},{"damage":2,"enemies":"2 Fungi Beasts","floor":14,"turns":3},{"damage":82,"enemies":"Hexaghost","floor":16,"turns":14}],"seed_played":"5678316173148189702","potions_obtained":[{"floor":2,"key":"DistilledChaos"},{"floor":10,"key":"Ancient Potion"},{"floor":14,"key":"SpeedPotion"}],"is_trial":false,"path_per_floor":["M","M","M","?","?","R","$","M","T","E","R","$","?","M","R","B"],"character_chosen":"DOCTOR_CLASS","items_purchased":[],"campfire_rested":1,"item_purchase_floors":[],"current_hp_per_floor":[71,69,63,63,68,68,68,64,64,43,43,43,43,43,66,0,0],"gold":80,"neow_bonus":"BOSS_RELIC","is_daily":false,"chose_seed":false,"campfire_upgraded":2,"win_rate":0.0,"timestamp":1611675148,"path_taken":["M","?","M","?","?","R","$","M","T","E","R","$","?","M","R","BOSS"],"items_purchased_type":[],"build_version":"2020-12-22","purchased_purges":2,"victory":false,"max_hp_per_floor":[72,72,72,72,77,77,77,77,77,77,77,77,77,77,77,77,77],"card_choices":[{"not_picked":["ats:Blood Oath"],"picked":"SKIP","floor":1},{"not_picked":[],"picked":"ats:Hook Shot","floor":2},{"not_picked":[],"picked":"ats:Leaping Hammer","floor":3},{"not_picked":["ats:Encircling Forest"],"picked":"SKIP","floor":8},{"not_picked":["ats:Red Shift"],"picked":"SKIP","floor":10},{"not_picked":["ats:Guard Mode"],"picked":"SKIP","floor":14}],"player_experience":623234,"relics_obtained":[{"floor":9,"key":"Happy Flower"},{"floor":10,"key":"ats:Originium"},{"floor":10,"key":"ats:Lavender"}],"event_choices":[{"cards_removed":["ats:Leaping Hammer"],"damage_healed":0,"gold_gain":0,"player_choice":"Gave Card","damage_taken":0,"relics_obtained":["Juzu Bracelet"],"max_hp_gain":0,"max_hp_loss":0,"event_name":"WeMeetAgain","floor":4,"gold_loss":0},{"damage_healed":0,"gold_gain":0,"player_choice":"Donut","damage_taken":0,"max_hp_gain":5,"max_hp_loss":0,"event_name":"Big Fish","floor":5,"gold_loss":0},{"damage_healed":0,"gold_gain":0,"player_choice":"Forge","damage_taken":0,"max_hp_gain":0,"max_hp_loss":0,"event_name":"Accursed Blacksmith","floor":13,"gold_loss":0,"cards_upgraded":["ats:Armor Crushing Shot"]}],"is_beta":false,"boss_relics":[],"items_purged_floors":[7,12],"is_endless":false,"potions_floor_spawned":[2,10,14],"killed_by":"Hexaghost","ascension_level":0}}