{"host":"Mute","time":1611676249,"event":{"mods":["BaseMod","Colored Map","Downfall","Minty Spire (QoL Compilation)","StSLib"],"gold_per_floor":[99,116,134,144,144,169,239,255,255,274,274,101,111,21,36,36,36,36],"floor_reached":16,"language":"ENG","playtime":1528,"items_purged":["hexamod:Defend"],"score":104,"play_id":"76304bfe-db1e-41c5-85b7-add24f34a05e","local_time":"20210126105049","is_ascension_mode":false,"campfire_choices":[{"data":"hexamod:Float","floor":1,"key":"SMITH"},{"data":"hexamod:FastForward","floor":9,"key":"SMITH"}],"circlet_count":0,"master_deck":["hexamod:Strike","hexamod:Strike","hexamod:Strike","hexamod:Strike","hexamod:Defend","hexamod:Defend","hexamod:Defend","hexamod:Sear+1","hexamod:Float+1","hexamod:DynamicBlow","hexamod:ChargedBarrage","hexamod:FastForward+1","hexamod:StepThrough","hexamod:EmpoweredFlame","hexamod:HauntingEcho","hexamod:ForkedFlame","hexamod:AdvancingGuard"],"relics":["hexamod:SpiritBrand","MealTicket","Eternal Feather"],"acts_visited":["Exordium"],"potions_floor_usage":[14],"damage_taken":[{"damage":1,"enemies":"Jaw Worm","floor":2,"turns":3},{"damage":2,"enemies":"2 Louse","floor":3,"turns":3},{"damage":0,"enemies":"Cultist","floor":4,"turns":3},{"damage":17,"enemies":"Gremlin Nob","floor":6,"turns":4},{"damage":6,"enemies":"Lots of Slimes","floor":8,"turns":4},{"damage":7,"enemies":"Blue Slaver","floor":10,"turns":3},{"damage":0,"enemies":"downfall:FleeingMerchant","floor":12,"turns":4},{"damage":13,"enemies":"Exordium Thugs","floor":13,"turns":3},{"damage":10,"enemies":"downfall:FleeingMerchant","floor":14,"turns":4},{"damage":7,"enemies":"2 Fungi Beasts","floor":15,"turns":3},{"damage":49,"enemies":"WA_ARCHETYPE_RETAIN","floor":16,"turns":7}],"seed_played":"-4445984420584683587","potions_obtained":[{"floor":2,"key":"Swift Potion"},{"floor":6,"key":"SneckoOil"},{"floor":10,"key":"FearPotion"},{"floor":13,"key":"PowerPotion"}],"is_trial":false,"path_per_floor":["R","M","M","M","?","E","T","M","R","M","?","$","M","$","M","B"],"character_chosen":"THE_SPIRIT","items_purchased":["hexamod:ForkedFlame"],"campfire_rested":0,"item_purchase_floors":[12],"current_hp_per_floor":[70,69,67,67,67,50,50,44,50,43,48,63,50,55,48,0,0,0],"gold":36,"neow_bonus":"UPGRADE_CARD","is_daily":false,"chose_seed":false,"campfire_upgraded":2,"win_rate":0.0,"timestamp":1611676249,"path_taken":["R","M","M","M","?","E","T","M","R","M","?","$","M","?","M","BOSS"],"items_purchased_type":["Card"],"build_version":"2020-12-18","purchased_purges":1,"victory":false,"max_hp_per_floor":[70,70,70,70,70,70,70,70,70,70,75,75,75,75,75,75,75,75],"card_choices":[{"not_picked":["hexamod:ExtraCrispy","hexamod:Hexaguard"],"picked":"hexamod:DynamicBlow","floor":2},{"not_picked":["hexamod:SpectersWail","hexamod:BacktrackSmack"],"picked":"hexamod:ChargedBarrage","floor":3},{"not_picked":["hexamod:NightmareStrike","hexamod:PhantomFireball"],"picked":"hexamod:FastForward","floor":4},{"not_picked":["hexamod:AdvancingGuard","hexamod:PowerFromBeyond"],"picked":"hexamod:StepThrough","floor":6},{"not_picked":["hexamod:NightmareGuise","hexamod:SpectersWail","hexamod:EtherealExpedition"],"picked":"SKIP","floor":8},{"not_picked":["hexamod:SkipABeat","hexamod:NightmareGuise"],"picked":"hexamod:EmpoweredFlame","floor":10},{"not_picked":["hexamod:SpectralAdrenaline","hexamod:GhostShield"],"picked":"hexamod:HauntingEcho","floor":12},{"not_picked":["hexamod:RecurringNightmare","hexamod:ExtraCrispy","hexamod:SwordOfDarkness"],"picked":"SKIP","floor":13},{"not_picked":["hexamod:Hexaguard","hexamod:RetreatToShadows"],"picked":"hexamod:AdvancingGuard","floor":14},{"not_picked":["hexamod:SpectralAdrenaline","hexamod:GhostShield","hexamod:ShieldOfDarkness"],"picked":"SKIP","floor":15}],"player_experience":462845,"relics_obtained":[{"floor":6,"key":"MealTicket"},{"floor":7,"key":"Eternal Feather"}],"event_choices":[{"damage_healed":0,"gold_gain":0,"player_choice":"Donut","damage_taken":0,"max_hp_gain":5,"max_hp_loss":0,"event_name":"Big Fish","floor":11,"gold_loss":0}],"is_beta":true,"boss_relics":[],"items_purged_floors":[14],"is_endless":false,"potions_floor_spawned":[2,6,10,13],"killed_by":"WA_ARCHETYPE_RETAIN","ascension_level":0}}