{"host":"97e98znyvgp3tx0i","time":1611621529,"event":{"mods":["AchievementEnabler","BaseMod","Colored Powertips","Googly Eyes","Highlight Path","Minty Spire (QoL Compilation)","Quick Restart"],"gold_per_floor":[109,119,119,119,134,134,148,158,158,192,211,211,211,24,24,125,125,143,58,58,21,37,37,72,91,91,91,91,91,119,131,131],"floor_reached":31,"language":"ENG","playtime":2085,"items_purged":[],"score":303,"play_id":"25120ba3-2f92-4057-9cfa-b893f6e99a7b","local_time":"20210125183849","is_ascension_mode":true,"campfire_choices":[{"floor":6,"key":"REST"},{"floor":12,"key":"REST"},{"data":"BattleHymn","floor":15,"key":"SMITH"},{"floor":23,"key":"REST"},{"floor":28,"key":"REST"}],"circlet_count":0,"master_deck":["Strike_P","Strike_P","Strike_P","Strike_P","Defend_P","Defend_P","Defend_P","Defend_P","Eruption+1","Vigilance","WindmillStrike","Tantrum","Tantrum","Sanctity","Blasphemy","Indignation+1","Evaluate+1","BattleHymn+1","FlyingSleeves","DeceiveReality+1","DeusExMachina+1","Perseverance+1","Protect+1","MasterReality","ClearTheMind+1","Meditate+1","Collect+1","Halt+1","Prostrate+1"],"relics":["PureWater","CaptainsWheel","Toxic Egg 2","Turnip","Orrery","Black Star","Letter Opener","WingedGreaves","Anchor","Art of War","MawBank","Pen Nib"],"acts_visited":["Exordium","TheCity"],"potions_floor_usage":[10,16,18,18,24,27,30,31],"damage_taken":[{"damage":9,"enemies":"2 Louse","floor":1,"turns":2},{"damage":7,"enemies":"Jaw Worm","floor":2,"turns":3},{"damage":7,"enemies":"Small Slimes","floor":5,"turns":3},{"damage":1,"enemies":"Looter","floor":7,"turns":2},{"damage":7,"enemies":"3 Louse","floor":8,"turns":3},{"damage":4,"enemies":"3 Sentries","floor":10,"turns":4},{"damage":8,"enemies":"Large Slime","floor":11,"turns":3},{"damage":19,"enemies":"The Guardian","floor":16,"turns":5},{"damage":27,"enemies":"2 Thieves","floor":18,"turns":3},{"damage":12,"enemies":"Chosen","floor":22,"turns":3},{"damage":19,"enemies":"Slavers","floor":24,"turns":4},{"damage":0,"enemies":"Snecko","floor":25,"turns":4},{"damage":0,"enemies":"Shelled Parasite and Fungi","floor":27,"turns":2},{"damage":48,"enemies":"Gremlin Leader","floor":30,"turns":3},{"damage":99999,"enemies":"Centurion and Healer","floor":31,"turns":3}],"seed_played":"3896518440331321257","potions_obtained":[{"floor":5,"key":"DistilledChaos"},{"floor":10,"key":"Explosive Potion"},{"floor":11,"key":"EntropicBrew"},{"floor":24,"key":"SmokeBomb"},{"floor":30,"key":"DuplicationPotion"}],"is_trial":false,"path_per_floor":["M","M","?","?","M","R","M","M","T","E","M","R","?","$","R","B",null,"M","?","?","$","M","R","E","M","T","M","R","?","E","M"],"character_chosen":"WATCHER","items_purchased":["BattleHymn","Orrery","Meditate+1"],"campfire_rested":4,"item_purchase_floors":[14,14,21],"current_hp_per_floor":[42,35,35,35,28,49,48,41,41,37,29,50,50,50,50,31,72,45,45,45,45,33,54,35,35,35,35,56,56,8,0,0],"gold":131,"neow_bonus":"ONE_RARE_RELIC","is_daily":false,"chose_seed":false,"campfire_upgraded":1,"win_rate":0.0,"timestamp":1611621529,"path_taken":["M","M","?","?","M","R","M","M","T","E","M","R","?","?","R","BOSS","M","?","?","$","M","R","E","M","T","M","R","?","E","?"],"items_purchased_type":["Card","Relic","Card"],"build_version":"2020-12-22","purchased_purges":0,"victory":false,"max_hp_per_floor":[72,72,72,72,72,72,72,72,72,72,72,72,72,72,72,72,72,72,72,72,72,72,72,72,72,72,72,72,72,72,72,72],"card_choices":[{"not_picked":["SashWhip","FlurryOfBlows"],"picked":"WindmillStrike","floor":1},{"not_picked":["Halt","Swivel"],"picked":"Tantrum","floor":2},{"not_picked":["FlurryOfBlows","Study"],"picked":"Tantrum","floor":5},{"not_picked":["FollowUp","SashWhip"],"picked":"Sanctity","floor":7},{"not_picked":["EmptyBody","Crescendo"],"picked":"Blasphemy","floor":8},{"not_picked":["Protect+1","ReachHeaven"],"picked":"Indignation+1","floor":10},{"not_picked":["ThirdEye+1","Halt+1"],"picked":"Evaluate+1","floor":11},{"not_picked":["FollowUp","PathToVictory+1"],"picked":"FlyingSleeves","floor":14},{"not_picked":["PathToVictory+1","EmptyFist"],"picked":"DeceiveReality+1","floor":14},{"not_picked":["Worship+1","MasterReality"],"picked":"DeusExMachina+1","floor":14},{"not_picked":["Protect+1","Collect+1"],"picked":"Perseverance+1","floor":14},{"not_picked":["CrushJoints","FlurryOfBlows"],"picked":"Protect+1","floor":14},{"not_picked":["DeusExMachina+1","LessonLearned"],"picked":"MasterReality","floor":16},{"not_picked":["WreathOfFlame+1","Collect+1"],"picked":"ClearTheMind+1","floor":18},{"not_picked":["BowlingBash","FollowUp+1"],"picked":"Collect+1","floor":22},{"not_picked":["FlyingSleeves+1","Wireheading","Swivel+1"],"picked":"SKIP","floor":24},{"not_picked":["Conclude","JustLucky"],"picked":"Halt+1","floor":25},{"not_picked":["MentalFortress+1","PathToVictory+1","Nirvana"],"picked":"SKIP","floor":30}],"player_experience":185015,"relics_obtained":[{"floor":9,"key":"Toxic Egg 2"},{"floor":10,"key":"Turnip"},{"floor":24,"key":"WingedGreaves"},{"floor":24,"key":"Anchor"},{"floor":26,"key":"Art of War"},{"floor":30,"key":"MawBank"},{"floor":30,"key":"Pen Nib"}],"event_choices":[{"damage_healed":0,"gold_gain":0,"player_choice":"Ignored","damage_taken":0,"max_hp_gain":0,"max_hp_loss":0,"event_name":"Shining Light","floor":3,"gold_loss":0},{"damage_healed":0,"gold_gain":0,"player_choice":"Grow","damage_taken":0,"max_hp_gain":0,"max_hp_loss":0,"event_name":"Living Wall","floor":4,"gold_loss":0,"cards_upgraded":["Eruption"]},{"damage_healed":0,"gold_gain":0,"player_choice":"Ignored","damage_taken":0,"max_hp_gain":0,"max_hp_loss":0,"event_name":"Liars Game","floor":13,"gold_loss":0},{"damage_healed":0,"gold_gain":0,"player_choice":"Obtained Relic","damage_taken":0,"relics_obtained":["Letter Opener"],"max_hp_gain":0,"max_hp_loss":0,"event_name":"Addict","floor":19,"gold_loss":85},{"damage_healed":0,"gold_gain":0,"player_choice":"Ignored","damage_taken":0,"max_hp_gain":0,"max_hp_loss":0,"event_name":"Vampires","floor":20,"gold_loss":0},{"damage_healed":0,"gold_gain":0,"player_choice":"Read","damage_taken":0,"max_hp_gain":0,"max_hp_loss":0,"event_name":"The Library","floor":29,"gold_loss":0,"cards_obtained":["Prostrate"]}],"is_beta":false,"boss_relics":[{"not_picked":["SacredBark","SlaversCollar"],"picked":"Black Star"}],"items_purged_floors":[],"is_endless":false,"potions_floor_spawned":[5,10,11,24,30],"killed_by":"Centurion and Healer","ascension_level":2}}