{"host":"5mo0809oo9tcrmpl","time":1611625984,"event":{"mods":["BaseMod","Highlight Path","Minty Spire (QoL Compilation)","Relic Stats","Slay the Relics Exporter"],"gold_per_floor":[118,43,1,11,11,55,55,88,115,134,155,179,195,220,220,310,310,330,330,349,61,85,85,128,159,171,183,231,243,294,331,343,453,465,496,532,114,145,145,185,185,218,218,26,26,26,26],"floor_reached":46,"language":"ENG","playtime":2459,"items_purged":["Shame","Strike_G"],"score":1246,"play_id":"8a4f5410-8f72-4593-b6b2-1152c58cf8ec","local_time":"20210125195304","is_ascension_mode":true,"campfire_choices":[{"data":"Neutralize","floor":7.0,"key":"SMITH"},{"floor":15.0,"key":"REST"},{"data":"Venomology","floor":23.0,"key":"SMITH"},{"floor":27.0,"key":"REST"},{"floor":32.0,"key":"REST"},{"floor":41.0,"key":"REST"}],"circlet_count":0,"master_deck":["AscendersBane","Defend_G","Defend_G","Defend_G","Defend_G","Defend_G+1","Survivor+1","Neutralize+1","Bouncing Flask","Crippling Poison","Footwork","Deadly Poison","Dagger Spray","Caltrops","Masterful Stab","Flying Knee","Leg Sweep","Venomology+1","Catalyst+1","Unload+1","Tools of the Trade+1","Skewer","Footwork","Prepared+1","Well Laid Plans","Burst","Backflip","Backflip+1","PiercingWail","Caltrops"],"relics":["Ring of the Snake","NeowsBlessing","Golden Idol","Happy Flower","Gremlin Horn","Bag of Marbles","Astrolabe","FossilizedHelix","Lantern","MawBank","Kunai","Centennial Puzzle","Question Card","War Paint","Velvet Choker","ClockworkSouvenir","Pen Nib","StoneCalendar","Potion Belt"],"acts_visited":["Exordium","TheCity","TheBeyond"],"potions_floor_usage":[],"damage_taken":[{"damage":0.0,"enemies":"Small Slimes","floor":1.0,"turns":2.0},{"damage":0.0,"enemies":"Jaw Worm","floor":4.0,"turns":1.0},{"damage":0.0,"enemies":"3 Sentries","floor":6.0,"turns":2.0},{"damage":11.0,"enemies":"Lagavulin","floor":8.0,"turns":6.0},{"damage":3.0,"enemies":"2 Louse","floor":10.0,"turns":3.0},{"damage":0.0,"enemies":"Gremlin Gang","floor":11.0,"turns":4.0},{"damage":0.0,"enemies":"2 Fungi Beasts","floor":12.0,"turns":3.0},{"damage":0.0,"enemies":"Exordium Wildlife","floor":13.0,"turns":3.0},{"damage":6.0,"enemies":"Exordium Thugs","floor":14.0,"turns":3.0},{"damage":10.0,"enemies":"Slime Boss","floor":16.0,"turns":11.0},{"damage":18.0,"enemies":"Shell Parasite","floor":18.0,"turns":8.0},{"damage":0.0,"enemies":"Chosen","floor":20.0,"turns":3.0},{"damage":13.0,"enemies":"Snake Plant","floor":22.0,"turns":4.0},{"damage":0.0,"enemies":"Gremlin Leader","floor":24.0,"turns":4.0},{"damage":15.0,"enemies":"Shelled Parasite and Fungi","floor":25.0,"turns":4.0},{"damage":12.0,"enemies":"Book of Stabbing","floor":28.0,"turns":6.0},{"damage":7.0,"enemies":"Slavers","floor":30.0,"turns":4.0},{"damage":0.0,"enemies":"Centurion and Healer","floor":31.0,"turns":8.0},{"damage":4.0,"enemies":"Automaton","floor":33.0,"turns":15.0},{"damage":0.0,"enemies":"Orb Walker","floor":35.0,"turns":3.0},{"damage":18.0,"enemies":"3 Darklings","floor":36.0,"turns":8.0},{"damage":0.0,"enemies":"Mind Bloom Boss Battle","floor":38.0,"turns":7.0},{"damage":18.0,"enemies":"Reptomancer","floor":40.0,"turns":6.0},{"damage":28.0,"enemies":"Giant Head","floor":42.0,"turns":7.0},{"damage":9,"enemies":"Writhing Mass","floor":46,"turns":2}],"seed_played":"199289736472286573","potions_obtained":[{"floor":6.0,"key":"SteroidPotion"},{"floor":8.0,"key":"Energy Potion"},{"floor":14.0,"key":"CultistPotion"},{"floor":24.0,"key":"PowerPotion"},{"floor":31.0,"key":"DuplicationPotion"}],"is_trial":false,"path_per_floor":["M","?","$","M","?","E","R","E","T","M","M","M","M","M","R","B",null,"M","?","M","$","M","R","E","M","T","R","E","?","E","M","R","B",null,"M","M","$","?","?","E","R","E","T","$","?","M"],"character_chosen":"THE_SILENT","items_purchased":["Crippling Poison","Footwork","Lantern","ClockworkSouvenir","Pen Nib","GhostInAJar","Caltrops"],"campfire_rested":4,"item_purchase_floors":[3,21,21,37,37,44,44],"current_hp_per_floor":[59,59,59,59,36,36,36,25,25,22,22,22,22,16,35,25,56,38,38,38,38,25,25,25,10,10,29,17,17,10,10,29,25,56,56,38,38,38,34,16,35,7,7,7,7,0,0],"gold":26,"neow_bonus":"THREE_ENEMY_KILL","is_daily":false,"chose_seed":false,"campfire_upgraded":2,"win_rate":0.0,"timestamp":1611625984,"path_taken":["M","?","$","M","?","E","R","E","T","M","M","M","M","?","R","BOSS","M","?","M","$","M","R","E","M","T","R","E","?","E","?","R","BOSS","M","M","$","?","?","E","R","E","T","?","?","M"],"items_purchased_type":["Card","Card","Relic","Relic","Relic","Potion","Card"],"build_version":"2020-12-22","purchased_purges":2,"victory":false,"max_hp_per_floor":[66,66,66,66,66,66,66,66,66,66,66,66,66,66,66,66,66,66,66,66,66,66,66,66,66,66,66,66,66,66,66,66,66,66,66,66,66,66,66,66,66,66,66,66,66,66,66],"relic_stats":{"Happy Flower":[40],"Gremlin Horn":[28,28],"counters":[25,127],"Golden Idol":158,"Astrolabe":["Catalyst","Unload","Tools of the Trade"],"StoneCalendar":[52],"Pen Nib":[2],"War Paint":["Defend_G","Survivor"],"MawBank":156,"Question Card":9,"Centennial Puzzle":[15],"Kunai":[12],"obtain_stats":[{"Potion Belt":40,"Lantern":21,"NeowsBlessing":0,"Happy Flower":6,"Gremlin Horn":8,"Golden Idol":5,"Astrolabe":17,"Velvet Choker":34,"StoneCalendar":38,"Pen Nib":37,"War Paint":30,"MawBank":24,"Question Card":29,"ClockworkSouvenir":37,"Centennial Puzzle":28,"Bag of Marbles":9,"Kunai":26,"FossilizedHelix":19,"Ring of the Snake":0},{"Potion Belt":23,"Lantern":12,"NeowsBlessing":0,"Happy Flower":3,"Gremlin Horn":4,"Golden Idol":2,"Astrolabe":10,"Velvet Choker":19,"StoneCalendar":22,"Pen Nib":21,"War Paint":17,"MawBank":14,"Question Card":16,"ClockworkSouvenir":21,"Centennial Puzzle":16,"Bag of Marbles":4,"Kunai":15,"FossilizedHelix":11,"Ring of the Snake":0},{"Potion Belt":118,"Lantern":49,"NeowsBlessing":0,"Happy Flower":5,"Gremlin Horn":11,"Golden Idol":3,"Astrolabe":38,"Velvet Choker":94,"StoneCalendar":112,"Pen Nib":105,"War Paint":71,"MawBank":57,"Question Card":67,"ClockworkSouvenir":105,"Centennial Puzzle":67,"Bag of Marbles":11,"Kunai":61,"FossilizedHelix":46,"Ring of the Snake":0}],"Ring of the Snake":[50]},"card_choices":[{"not_picked":["Prepared","Calculated Gamble"],"picked":"Bouncing Flask","floor":1.0},{"not_picked":["Terror","Cloak And Dagger"],"picked":"Footwork","floor":4.0},{"not_picked":["Blade Dance","Finisher"],"picked":"Deadly Poison","floor":6.0},{"not_picked":["Concentrate","Heel Hook","Escape Plan"],"picked":"SKIP","floor":8.0},{"not_picked":["Sucker Punch","Dodge and Roll"],"picked":"Dagger Spray","floor":10.0},{"not_picked":["Leg Sweep","Deflect"],"picked":"Caltrops","floor":11.0},{"not_picked":["Riddle With Holes","Outmaneuver"],"picked":"Masterful Stab","floor":12.0},{"not_picked":["Outmaneuver","Reflex"],"picked":"Flying Knee","floor":13.0},{"not_picked":["Prepared","Poisoned Stab"],"picked":"Leg Sweep","floor":14.0},{"not_picked":["Phantasmal Killer","Grand Finale"],"picked":"Venomology","floor":16.0},{"not_picked":["Bane","Setup+1"],"picked":"Skewer","floor":18.0},{"not_picked":["Bane","Acrobatics","Flying Knee+1"],"picked":"SKIP","floor":20.0},{"not_picked":["Dagger Spray","Poisoned Stab","Dash"],"picked":"SKIP","floor":22.0},{"not_picked":["Dagger Throw","Accuracy","All Out Attack"],"picked":"SKIP","floor":24.0},{"not_picked":["Dagger Throw","Skewer"],"picked":"Prepared+1","floor":25.0},{"not_picked":["Acrobatics","Heel Hook"],"picked":"Predator","floor":28.0},{"not_picked":["Quick Slash+1","Sucker Punch","Setup+1","Envenom"],"picked":"SKIP","floor":30.0},{"not_picked":["Poisoned Stab","Distraction","Caltrops"],"picked":"Well Laid Plans","floor":31.0},{"not_picked":["Adrenaline","After Image","Night Terror"],"picked":"Burst","floor":33.0},{"not_picked":["Quick Slash","Prepared+1","Concentrate"],"picked":"Backflip","floor":35.0},{"not_picked":["Deadly Poison","Heel Hook","PiercingWail"],"picked":"Backflip+1","floor":36.0},{"not_picked":["All Out Attack","Dagger Spray+1","Quick Slash"],"picked":"PiercingWail","floor":38.0},{"not_picked":["Bullet Time","Underhanded Strike","Acrobatics+1","After Image"],"picked":"SKIP","floor":40.0},{"not_picked":["Doppelganger","PiercingWail","Sucker Punch","Infinite Blades"],"picked":"SKIP","floor":42}],"player_experience":1224308,"relics_obtained":[{"floor":6.0,"key":"Happy Flower"},{"floor":8.0,"key":"Gremlin Horn"},{"floor":9.0,"key":"Bag of Marbles"},{"floor":24.0,"key":"MawBank"},{"floor":26.0,"key":"Kunai"},{"floor":28.0,"key":"Centennial Puzzle"},{"floor":30.0,"key":"War Paint"},{"floor":38.0,"key":"StoneCalendar"},{"floor":40.0,"key":"Potion Belt"}],"event_choices":[{"cards_removed":["Strike_G"],"damage_healed":0.0,"max_hp_gain":0.0,"max_hp_loss":0.0,"gold_gain":0.0,"event_name":"The Cleric","player_choice":"Card Removal","floor":2.0,"gold_loss":75.0,"damage_taken":0.0},{"damage_healed":0.0,"max_hp_gain":0.0,"max_hp_loss":0.0,"gold_gain":0.0,"event_name":"Golden Idol","player_choice":"Take Damage","floor":5.0,"gold_loss":0.0,"damage_taken":23.0,"relics_obtained":["Golden Idol"]},{"damage_healed":0.0,"max_hp_gain":0.0,"max_hp_loss":0.0,"gold_gain":0.0,"event_name":"Addict","player_choice":"Stole Relic","floor":19.0,"gold_loss":0.0,"damage_taken":0.0,"relics_obtained":["FossilizedHelix"],"cards_obtained":["Shame"]},{"cards_removed":["Predator"],"damage_healed":0.0,"max_hp_gain":0.0,"max_hp_loss":0.0,"gold_gain":0.0,"event_name":"WeMeetAgain","player_choice":"Gave Card","floor":29.0,"gold_loss":0.0,"damage_taken":0.0,"relics_obtained":["Question Card"]},{"damage_healed":0.0,"max_hp_gain":0.0,"max_hp_loss":0.0,"gold_gain":0.0,"event_name":"MindBloom","player_choice":"Fight","floor":38.0,"gold_loss":0.0,"damage_taken":0.0},{"damage_healed":0.0,"max_hp_gain":0.0,"max_hp_loss":0.0,"gold_gain":0.0,"event_name":"The Woman in Blue","player_choice":"Bought 0 Potions","floor":39.0,"gold_loss":0.0,"damage_taken":0.0},{"damage_healed":0,"gold_gain":0,"player_choice":"Ignored","damage_taken":0,"max_hp_gain":0,"max_hp_loss":0,"event_name":"Mysterious Sphere","floor":45,"gold_loss":0}],"is_beta":false,"boss_relics":[{"not_picked":["Ectoplasm","Sozu"],"picked":"Astrolabe"},{"not_picked":["Fusion Hammer","Black Star"],"picked":"Velvet Choker"}],"items_purged_floors":[21,37],"is_endless":false,"potions_floor_spawned":[6,8,10,14,18,24,25,31,33,35,36],"killed_by":"Writhing Mass","ascension_level":20}}