{"host":"vld99k9l4elccfy8","time":1611694389,"event":{"mods":["AchievementEnabler","BaseMod","Bestiary","Block Reminder","Colored Map","Colored Powertips","Custom Start","Highlight Path","Minty Spire (QoL Compilation)","Permanent Neow","Rare Cards Sparkle"],"gold_per_floor":[110,76,87,362,380,380,407,426,451,451,451,461,24,41,41,138,138,148,160,160,160,160,160,160,160,214,225,26,42,42,42,42,42,42],"floor_reached":33,"language":"ENG","playtime":5175,"items_purged":["Shame"],"score":290,"play_id":"5bf2f09a-7f6f-4326-8122-00c5c838f253","local_time":"20210126135309","is_ascension_mode":false,"campfire_choices":[{"data":"Bash","floor":6.0,"key":"SMITH"},{"floor":10.0,"key":"REST"},{"data":"Heavy Blade","floor":15.0,"key":"SMITH"},{"floor":23.0,"key":"REST"},{"data":"Double Tap","floor":30.0,"key":"SMITH"},{"data":"Inflame","floor":32.0,"key":"SMITH"}],"circlet_count":0,"master_deck":["Strike_R","Strike_R","Strike_R","Strike_R","Defend_R","Defend_R","Defend_R","Defend_R","Bash+1","Clash","Inflame+1","Flex","Iron Wave","Second Wind","Uppercut","Warcry","Double Tap+1","Fire Breathing","Heavy Blade+1","Rampage+1","Feed+1","Thunderclap+1","Carnage+1","Writhe","Shrug It Off+1","Headbutt+1","Twin Strike+1","Flex"],"relics":["Burning Blood","Art of War","Lantern","Dream Catcher","Membership Card","Molten Egg 2","Shuriken","Empty Cage","Juzu Bracelet","Oddly Smooth Stone","StrikeDummy","Bag of Marbles","Red Skull","Lee\u0027s Waffle","MutagenicStrength"],"acts_visited":["Exordium","TheCity"],"potions_floor_usage":[33,33,33],"damage_taken":[{"damage":2.0,"enemies":"Small Slimes","floor":1.0,"turns":4.0},{"damage":1.0,"enemies":"Cultist","floor":3.0,"turns":3.0},{"damage":4.0,"enemies":"2 Louse","floor":5.0,"turns":4.0},{"damage":39.0,"enemies":"Gremlin Nob","floor":7.0,"turns":5.0},{"damage":3.0,"enemies":"Red Slaver","floor":8.0,"turns":2.0},{"damage":8.0,"enemies":"Gremlin Gang","floor":12.0,"turns":6.0},{"damage":12.0,"enemies":"2 Fungi Beasts","floor":14.0,"turns":4.0},{"damage":52.0,"enemies":"Hexaghost","floor":16.0,"turns":10.0},{"damage":35.0,"enemies":"3 Byrds","floor":18.0,"turns":6.0},{"damage":20.0,"enemies":"Spheric Guardian","floor":19.0,"turns":4.0},{"damage":0.0,"enemies":"Gremlin Leader","floor":25.0,"turns":1.0},{"damage":28.0,"enemies":"Centurion and Healer","floor":27.0,"turns":6.0},{"damage":15.0,"enemies":"3 Cultists","floor":29.0,"turns":4.0},{"damage":91,"enemies":"Automaton","floor":33,"turns":6}],"seed_played":"-3938062111839155467","potions_obtained":[{"floor":1.0,"key":"Regen Potion"},{"floor":7.0,"key":"Explosive Potion"},{"floor":14.0,"key":"Weak Potion"},{"floor":16.0,"key":"Dexterity Potion"},{"floor":18.0,"key":"ElixirPotion"},{"floor":24.0,"key":"Fruit Juice"},{"floor":24.0,"key":"SmokeBomb"},{"floor":24.0,"key":"LiquidMemories"},{"floor":27.0,"key":"Swift Potion"}],"is_trial":false,"path_per_floor":["M","$","M","?","M","R","E","M","T","R","?","M","$","M","R","B",null,"M","M","?","?","T","R","?","E","T","M","$","M","R","?","R","B"],"character_chosen":"IRONCLAD","items_purchased":["Inflame","Membership Card","Fire Breathing","Heavy Blade","Molten Egg 2","Shuriken","Red Skull","Lee\u0027s Waffle","Twin Strike+1"],"campfire_rested":2,"item_purchase_floors":[2,13,13,13,13,13,28,28,28],"current_hp_per_floor":[80,80,80,80,80,80,56,59,59,80,80,78,78,72,72,26,80,51,37,37,37,37,61,66,72,72,54,96,91,91,91,91,0,0],"gold":42,"neow_bonus":"RANDOM_COMMON_RELIC","is_daily":false,"chose_seed":false,"campfire_upgraded":4,"win_rate":0.0,"timestamp":1611694389,"path_taken":["M","$","M","?","?","R","E","M","T","R","?","?","$","M","R","BOSS","M","?","?","?","?","R","?","E","T","M","$","M","R","?","R","BOSS"],"items_purchased_type":["Card","Relic","Card","Card","Relic","Relic","Relic","Relic","Card"],"build_version":"2020-12-22","purchased_purges":1,"victory":false,"max_hp_per_floor":[80,80,80,80,80,80,80,80,80,80,80,80,80,80,80,80,80,80,80,80,80,80,80,85,85,85,89,96,100,100,100,100,100,100],"card_choices":[{"not_picked":["Sword Boomerang","Bloodletting"],"picked":"Clash","floor":1.0},{"not_picked":["Feel No Pain","Dark Embrace"],"picked":"Flex","floor":3.0},{"not_picked":["Pommel Strike","Clash"],"picked":"Iron Wave","floor":5.0},{"not_picked":["Feel No Pain","Whirlwind"],"picked":"Second Wind","floor":7.0},{"not_picked":["Intimidate","Metallicize"],"picked":"Uppercut","floor":8.0},{"not_picked":["Hemokinesis","Thunderclap"],"picked":"Warcry","floor":10.0},{"not_picked":["Rupture","Headbutt"],"picked":"Double Tap","floor":12.0},{"not_picked":["Headbutt+1","Warcry"],"picked":"Rampage+1","floor":14.0},{"not_picked":["Impervious","Double Tap"],"picked":"Feed+1","floor":16.0},{"not_picked":["Combust","Feel No Pain"],"picked":"Thunderclap+1","floor":18.0},{"not_picked":["Perfected Strike+1","Metallicize"],"picked":"Carnage+1","floor":19.0},{"not_picked":["Clash+1","Armaments"],"picked":"Shrug It Off+1","floor":23.0},{"not_picked":["Fire Breathing","Evolve"],"picked":"Headbutt+1","floor":27.0},{"not_picked":["Pommel Strike+1","Battle Trance+1"],"picked":"Flex","floor":29.0}],"player_experience":294791,"relics_obtained":[{"floor":7.0,"key":"Lantern"},{"floor":9.0,"key":"Dream Catcher"},{"floor":22.0,"key":"StrikeDummy"},{"floor":26.0,"key":"Bag of Marbles"}],"event_choices":[{"damage_healed":0.0,"max_hp_gain":0.0,"max_hp_loss":0.0,"gold_gain":275.0,"event_name":"Golden Shrine","player_choice":"Desecrate","floor":4.0,"gold_loss":0.0,"damage_taken":0.0,"cards_obtained":["Regret"]},{"damage_healed":0.0,"max_hp_gain":0.0,"max_hp_loss":0.0,"gold_gain":0.0,"event_name":"Purifier","player_choice":"Ignored","floor":11.0,"gold_loss":0.0,"damage_taken":0.0},{"damage_healed":0.0,"max_hp_gain":0.0,"max_hp_loss":0.0,"gold_gain":0.0,"event_name":"The Mausoleum","player_choice":"Opened","floor":20.0,"gold_loss":0.0,"damage_taken":0.0,"relics_obtained":["Juzu Bracelet"],"cards_obtained":["Writhe"]},{"damage_healed":0.0,"max_hp_gain":0.0,"max_hp_loss":0.0,"gold_gain":0.0,"event_name":"Addict","player_choice":"Stole Relic","floor":21.0,"gold_loss":0.0,"damage_taken":0.0,"relics_obtained":["Oddly Smooth Stone"],"cards_obtained":["Shame"]},{"damage_healed":0.0,"max_hp_gain":0.0,"max_hp_loss":0.0,"gold_gain":0.0,"event_name":"Lab","player_choice":"Got Potions","floor":24.0,"gold_loss":0.0,"damage_taken":0.0},{"damage_healed":0.0,"max_hp_gain":0.0,"max_hp_loss":0.0,"gold_gain":0.0,"event_name":"Drug Dealer","player_choice":"Inject Mutagens","floor":31.0,"gold_loss":0.0,"damage_taken":0.0,"relics_obtained":["MutagenicStrength"]}],"is_beta":false,"boss_relics":[{"not_picked":["Runic Dome","Ectoplasm"],"picked":"Empty Cage"}],"items_purged_floors":[28],"is_endless":false,"potions_floor_spawned":[1,7,14,16,18,25,27],"killed_by":"Automaton","ascension_level":0}}