{"host":"srk2drlvga69hbot","time":1611683044,"event":{"mods":["AchievementEnabler","BaseMod","Best Route Mod","Bestiary","Block Reminder","Colored Map","Colored Powertips","Curses Come First","Dark Map","DeckTracker","Downfall","Highlight Path","Minty Spire (QoL Compilation)","Quick Restart","Rare Cards Sparkle","Relic Stats","Slay-I","StSLib","SuperFastMode","Unceasing Turn Reminder"],"gold_per_floor":[111,61,71,71,71,71,106,106,106,116,41,41,54,64,64,138,138,155,165,165,165,80,80,80,109,155,190,190,190,41,59,59,59,59],"floor_reached":33,"language":"ZHS","playtime":1157,"items_purged":["Strike_R"],"score":520,"play_id":"2b77f6ee-63b0-4a6e-b898-ba55365755ee","local_time":"20210127014404","is_ascension_mode":true,"campfire_choices":[{"data":"Rampage","floor":6.0,"key":"SMITH"},{"data":"Rage","floor":8.0,"key":"SMITH"},{"floor":15.0,"key":"REST"},{"data":"Inflame","floor":23.0,"key":"SMITH"},{"data":"Flex","floor":28.0,"key":"SMITH"},{"floor":32.0,"key":"REST"}],"circlet_count":0,"master_deck":["AscendersBane","Defend_R","Defend_R","Defend_R","Bash","Rampage+1","Rage+1","Flex+1","Impervious","Inflame+1","Rage"],"relics":["Black Blood","Matryoshka","Mercury Hourglass","Self Forming Clay","Sundial","Bronze Scales","Letter Opener","Enchiridion","Toy Ornithopter","Charon\u0027s Ashes","Oddly Smooth Stone","Red Skull","Tiny Chest","Bag of Marbles"],"acts_visited":["Exordium","TheCity"],"potions_floor_usage":[33],"damage_taken":[{"damage":1.0,"enemies":"Cultist","floor":1.0,"turns":3.0},{"damage":4.0,"enemies":"2 Louse","floor":3.0,"turns":3.0},{"damage":32.0,"enemies":"Gremlin Nob","floor":7.0,"turns":4.0},{"damage":5.0,"enemies":"Small Slimes","floor":10.0,"turns":3.0},{"damage":3.0,"enemies":"Blue Slaver","floor":13.0,"turns":3.0},{"damage":23.0,"enemies":"Exordium Thugs","floor":14.0,"turns":5.0},{"damage":31.0,"enemies":"Hexaghost","floor":16.0,"turns":8.0},{"damage":22.0,"enemies":"2 Thieves","floor":18.0,"turns":4.0},{"damage":2.0,"enemies":"3 Byrds","floor":19.0,"turns":2.0},{"damage":0.0,"enemies":"Gremlin Leader","floor":25.0,"turns":6.0},{"damage":32.0,"enemies":"Slavers","floor":27.0,"turns":4.0},{"damage":19.0,"enemies":"Cultist and Chosen","floor":31.0,"turns":6.0},{"damage":52,"enemies":"Collector","floor":33,"turns":7}],"seed_played":"299151639289763999","potions_obtained":[{"floor":3.0,"key":"BloodPotion"},{"floor":14.0,"key":"GamblersBrew"},{"floor":16.0,"key":"LiquidMemories"},{"floor":27.0,"key":"AttackPotion"}],"is_trial":false,"path_per_floor":["M","?","M","?","?","R","E","R","T","M","$","T","M","M","R","B",null,"M","M","?","?","?","R","T","E","T","E","R","?","$","M","R","B"],"character_chosen":"IRONCLAD","items_purchased":["Bag of Marbles"],"campfire_rested":2,"item_purchase_floors":[30],"current_hp_per_floor":[68,68,68,68,56,56,30,30,30,31,31,31,34,17,37,25,57,47,57,57,41,41,41,41,53,53,33,33,33,33,26,46,0,0],"gold":59,"neow_bonus":"REMOVE_TWO","is_daily":false,"chose_seed":false,"campfire_upgraded":4,"win_rate":0.0,"timestamp":1611683044,"path_taken":["M","?","M","?","?","R","E","R","T","M","$","?","?","M","R","BOSS","M","M","?","?","?","R","?","E","T","E","R","?","$","M","R","BOSS"],"items_purchased_type":["Relic"],"build_version":"2020-12-22","purchased_purges":1,"victory":false,"max_hp_per_floor":[68,68,68,68,68,68,68,68,68,68,68,68,68,68,68,68,68,68,68,68,68,68,68,68,68,68,68,68,68,68,68,68,68,68],"relic_stats":{"counters":[13,55],"Self Forming Clay":[75],"Sundial":[16],"Bronze Scales":[203],"Black Blood":95,"Tiny Chest":0,"Charon\u0027s Ashes":[116],"Letter Opener":[192],"obtain_stats":[{"Self Forming Clay":9,"Black Blood":17,"Enchiridion":21,"Oddly Smooth Stone":25,"Charon\u0027s Ashes":24,"Letter Opener":12,"Burning Blood":0,"Mercury Hourglass":7,"Matryoshka":5,"Sundial":9,"Bronze Scales":12,"Tiny Chest":27,"Bag of Marbles":30,"Toy Ornithopter":22,"Red Skull":26},{"Self Forming Clay":3,"Black Blood":7,"Enchiridion":9,"Oddly Smooth Stone":10,"Charon\u0027s Ashes":9,"Letter Opener":4,"Burning Blood":0,"Mercury Hourglass":3,"Matryoshka":2,"Sundial":3,"Bronze Scales":4,"Tiny Chest":11,"Bag of Marbles":11,"Toy Ornithopter":9,"Red Skull":10},{"Self Forming Clay":10,"Black Blood":26,"Enchiridion":32,"Oddly Smooth Stone":38,"Charon\u0027s Ashes":32,"Letter Opener":12,"Burning Blood":0,"Mercury Hourglass":10,"Matryoshka":6,"Sundial":10,"Bronze Scales":12,"Tiny Chest":42,"Bag of Marbles":42,"Toy Ornithopter":32,"Red Skull":38}],"Toy Ornithopter":5,"Mercury Hourglass":[239]},"card_choices":[{"not_picked":["Clash","Rupture","Heavy Blade"],"picked":"SKIP","floor":1.0},{"not_picked":["Feel No Pain","True Grit"],"picked":"Rampage","floor":3.0},{"not_picked":["Ghostly Armor","Thunderclap"],"picked":"Rage","floor":7.0},{"not_picked":["Twin Strike","Pommel Strike","Dropkick"],"picked":"SKIP","floor":10.0},{"not_picked":["Uppercut","Clash"],"picked":"Flex","floor":13.0},{"not_picked":["Heavy Blade","Flex","Evolve"],"picked":"SKIP","floor":14.0},{"not_picked":["Immolate","Corruption"],"picked":"Impervious","floor":16.0},{"not_picked":["Flame Barrier+1","Dropkick+1"],"picked":"Inflame","floor":18.0},{"not_picked":["Cleave","Perfected Strike","Anger"],"picked":"SKIP","floor":19.0},{"not_picked":["Iron Wave","Bloodletting"],"picked":"Rage","floor":25.0},{"not_picked":["Combust","Headbutt","Infernal Blade"],"picked":"SKIP","floor":27.0},{"not_picked":["Clothesline","Heavy Blade","Iron Wave"],"picked":"SKIP","floor":31.0}],"player_experience":297572,"relics_obtained":[{"floor":7.0,"key":"Mercury Hourglass"},{"floor":9.0,"key":"Self Forming Clay"},{"floor":9.0,"key":"Sundial"},{"floor":12.0,"key":"Bronze Scales"},{"floor":12.0,"key":"Letter Opener"},{"floor":21.0,"key":"Enchiridion"},{"floor":24.0,"key":"Charon\u0027s Ashes"},{"floor":25.0,"key":"Oddly Smooth Stone"},{"floor":26.0,"key":"Red Skull"},{"floor":27.0,"key":"Tiny Chest"}],"event_choices":[{"cards_removed":["Defend_R"],"damage_healed":0.0,"max_hp_gain":0.0,"max_hp_loss":0.0,"gold_gain":0.0,"event_name":"The Cleric","player_choice":"Card Removal","floor":2.0,"gold_loss":50.0,"damage_taken":0.0},{"cards_removed":["Strike_R"],"damage_healed":0.0,"max_hp_gain":0.0,"max_hp_loss":0.0,"gold_gain":0.0,"event_name":"Living Wall","player_choice":"Forget","floor":4.0,"gold_loss":0.0,"damage_taken":0.0},{"damage_healed":0.0,"max_hp_gain":0.0,"max_hp_loss":0.0,"gold_gain":0.0,"event_name":"Scrap Ooze","player_choice":"Success","floor":5.0,"gold_loss":0.0,"damage_taken":12.0,"relics_obtained":["Matryoshka"]},{"damage_healed":0.0,"max_hp_gain":0.0,"max_hp_loss":0.0,"gold_gain":0.0,"event_name":"Vampires","player_choice":"Ignored","floor":20.0,"gold_loss":0.0,"damage_taken":0.0},{"damage_healed":0.0,"max_hp_gain":0.0,"max_hp_loss":0.0,"gold_gain":0.0,"event_name":"Cursed Tome","player_choice":"Obtained Book","floor":21.0,"gold_loss":0.0,"damage_taken":16.0},{"damage_healed":0.0,"max_hp_gain":0.0,"max_hp_loss":0.0,"gold_gain":0.0,"event_name":"Addict","player_choice":"Obtained Relic","floor":22.0,"gold_loss":85.0,"damage_taken":0.0,"relics_obtained":["Toy Ornithopter"]},{"cards_removed":["Strike_R"],"damage_healed":0.0,"max_hp_gain":0.0,"max_hp_loss":0.0,"gold_gain":0.0,"event_name":"Purifier","player_choice":"Purged","floor":29.0,"gold_loss":0.0,"damage_taken":0.0}],"is_beta":false,"boss_relics":[{"not_picked":["SlaversCollar","Ectoplasm"],"picked":"Black Blood"}],"items_purged_floors":[11],"is_endless":false,"potions_floor_spawned":[3,14,16,19,27],"killed_by":"Collector","ascension_level":14}}