{"host":"gfmw02tnhhvp9jba","time":1611658764,"event":{"mods":["AchievementEnabler","BaseMod","Colored Map","Conspire","Downfall","Highlight Path","Minty Spire (QoL Compilation)","StSLib"],"gold_per_floor":[99,118,218,230,680,693,762,773,803,703,101,131,142,172,187,283,283,283,299,299,399,399,409,409,422,448,248,262,12,12,61,81,183,183,183,199,211,251,263,263,309,337,349,72,90,105,22,36,51,51,51,85,0,0,0,0,0,0],"floor_reached":56,"language":"ENG","playtime":4151,"items_purged":["downfall:Icky","downfall:Icky"],"score":911,"play_id":"b851e4c2-d50f-4c2e-8067-c4c8f2057bb0","local_time":"20210126115924","is_ascension_mode":true,"campfire_choices":[{"floor":1,"key":"RECALL"},{"floor":10,"key":"REST"},{"data":"Guardian:StasisEngine","floor":18,"key":"SMITH"},{"data":"Guardian:Suspension","floor":27,"key":"SMITH"},{"floor":30,"key":"REST"},{"data":"Guardian:BodySlam","floor":35,"key":"SMITH"},{"data":"Guardian:Orbwalk","floor":40,"key":"SMITH"},{"data":"expansioncontent:QuickStudy","floor":43,"key":"SMITH"},{"data":"Guardian:FuturePlans","floor":54,"key":"SMITH"}],"circlet_count":0,"master_deck":["Guardian:Strike_Guardian","Guardian:Strike_Guardian","Guardian:Defend_Guardian","Guardian:Defend_Guardian","Guardian:Defend_Guardian","Guardian:Defend_Guardian","Guardian:CurlUp+1","Guardian:TwinSlam","Guardian:Suspension+1","Guardian:ChargeUp","Guardian:Incinerate+1","expansioncontent:QuickStudy+1","Guardian:ConstructionForm","Guardian:TemporalStrike+1","Guardian:Reroute","Guardian:BronzeOrb","Guardian:StasisEngine+1","Guardian:BronzeArmor","Guardian:ConstructionForm+1","J.A.X.","Guardian:Clone","Guardian:Planning","Guardian:StasisStrike","Guardian:BodySlam+1","Guardian:FloatingOrbs","Guardian:Orbwalk+1","Guardian:SentryBeam","Guardian:Gem_Fragmented","Guardian:Gem_Purple","Guardian:PiercingHide","Guardian:FuturePlans+1","Guardian:FloatingOrbs+1","Guardian:Reroute+1","Guardian:BodySlam","expansioncontent:DashGenerateEvil","expansioncontent:StudyTheSpire","Guardian:Recover","Guardian:ShieldCharger+1","Guardian:BodySlam+1","Guardian:Incinerate"],"relics":["Guardian:ModeShifterPlus","conspire:DecoderRing","Blood Vial","downfall:HeartBlessingRed","Orichalcum","Happy Flower","The Courier","Sozu","MutagenicStrength","Smiling Mask","downfall:HeartBlessingGreen","downfall:HeartBlessingBlue","Whetstone","Oddly Smooth Stone","Guardian:StasisCodex","Centennial Puzzle","MawBank","Mercury Hourglass","TheAbacus","Bag of Marbles"],"acts_visited":["Exordium","TheCity","TheBeyond","TheEnding"],"potions_floor_usage":[9,9,16,21,56],"damage_taken":[{"damage":2,"enemies":"2 Louse","floor":2,"turns":3},{"damage":1,"enemies":"Jaw Worm","floor":4,"turns":6},{"damage":6,"enemies":"Cultist","floor":6,"turns":5},{"damage":39,"enemies":"Exordium Thugs","floor":8,"turns":9},{"damage":18,"enemies":"3 Sentries","floor":9,"turns":9},{"damage":0,"enemies":"downfall:FleeingMerchant","floor":11,"turns":4},{"damage":0,"enemies":"Lagavulin","floor":12,"turns":8},{"damage":1,"enemies":"3 Louse","floor":13,"turns":5},{"damage":0,"enemies":"Gremlin Nob","floor":14,"turns":4},{"damage":1,"enemies":"2 Fungi Beasts","floor":15,"turns":4},{"damage":62,"enemies":"SI_SHIV_ARCHETYPE","floor":16,"turns":11},{"damage":12,"enemies":"3 Byrds","floor":19,"turns":4},{"damage":32,"enemies":"downfall:Augmenter","floor":21,"turns":6},{"damage":0,"enemies":"Chosen","floor":23,"turns":7},{"damage":19,"enemies":"Snake Plant","floor":25,"turns":4},{"damage":20,"enemies":"conspire:Head Lice","floor":26,"turns":6},{"damage":3,"enemies":"Sentry and Sphere","floor":28,"turns":6},{"damage":0,"enemies":"downfall:FleeingMerchant","floor":29,"turns":4},{"damage":0,"enemies":"Centurion and Healer","floor":32,"turns":4},{"damage":38,"enemies":"IC_MUSHROOM_ARCHETYPE","floor":33,"turns":9},{"damage":0,"enemies":"3 Shapes","floor":36,"turns":3},{"damage":0,"enemies":"3 Darklings","floor":37,"turns":3},{"damage":0,"enemies":"conspire:MimicChest","floor":38,"turns":6},{"damage":0,"enemies":"Spire Growth","floor":39,"turns":3},{"damage":0,"enemies":"Nemesis","floor":42,"turns":7},{"damage":3,"enemies":"downfall:FleeingMerchant","floor":44,"turns":4},{"damage":0,"enemies":"Transient","floor":45,"turns":5},{"damage":0,"enemies":"Sphere and 2 Shapes","floor":46,"turns":5},{"damage":0,"enemies":"downfall:FleeingMerchant","floor":47,"turns":1},{"damage":0,"enemies":"3 Darklings","floor":48,"turns":5},{"damage":10,"enemies":"Writhing Mass","floor":49,"turns":4},{"damage":20,"enemies":"WA_ARCHETYPE_DIVINITY","floor":50,"turns":8},{"damage":24,"enemies":"downfall:CharBossMerchant","floor":52,"turns":8},{"damage":0,"enemies":"downfall:NeowBoss","floor":55,"turns":11},{"damage":118,"enemies":"downfall:NeowBossFinal","floor":56,"turns":11}],"seed_played":"8428243029162602039","potions_obtained":[{"floor":4,"key":"DistilledChaos"},{"floor":6,"key":"ColorlessPotion"},{"floor":8,"key":"Explosive Potion"},{"floor":14,"key":"AttackPotion"},{"floor":15,"key":"SpeedPotion"}],"is_trial":false,"path_per_floor":["R","M","?","M","?","M","T","M","E","R","$","E","M","E","M","B",null,"R","M","?","?","?","M","T","M","E","R","M","$","R","T","M","B",null,"R","M","M","?","M","R","T","E","R","$","M","M","$","M","M","B",null,"E","$","R","B","B"],"character_chosen":"GUARDIAN","items_purchased":["Orichalcum","Guardian:Incinerate","expansioncontent:QuickStudy","Guardian:ConstructionForm","Whetstone","Guardian:BodySlam","Guardian:FloatingOrbs","Guardian:FuturePlans","Mercury Hourglass","TheAbacus","expansioncontent:DashGenerateEvil","expansioncontent:StudyTheSpire","Guardian:Recover","Guardian:Incinerate","Guardian:Gem_Purple"],"campfire_rested":2,"item_purchase_floors":[11,11,11,11,29,29,29,44,44,47,47,47,47,53,53],"current_hp_per_floor":[88,86,86,85,85,79,79,40,22,48,50,52,53,55,56,20,88,88,76,76,46,38,40,40,23,5,15,14,16,45,45,47,11,98,98,98,98,98,98,98,98,98,98,95,97,98,98,98,88,70,98,74,74,74,76,0,0,0],"gold":0,"neow_bonus":"TEN_PERCENT_HP_BONUS","is_daily":false,"chose_seed":false,"campfire_upgraded":6,"win_rate":0.0,"timestamp":1611658764,"path_taken":["R","M","?","M","?","M","T","M","E","R","$","E","M","E","M","BOSS","R","M","?","?","?","?","T","M","E","R","M","$","R","?","M","BOSS","R","M","M","?","?","R","T","E","R","$","M","M","$","M","M","BOSS","E","$","R","BOSS","BOSS"],"items_purchased_type":["Relic","Card","Card","Card","Relic","Card","Card","Card","Relic","Relic","Card","Card","Card","Card","Card"],"build_version":"2020-12-22","purchased_purges":2,"victory":false,"max_hp_per_floor":[88,88,88,88,88,88,88,88,88,88,88,88,88,88,88,88,88,88,88,88,88,88,88,88,88,88,98,98,98,98,98,98,98,98,98,98,98,98,98,98,98,98,98,98,98,98,98,98,98,98,98,98,98,98,98,98,98,98],"card_choices":[{"not_picked":["Guardian:ChargeCore","Guardian:RefractedBeam"],"picked":"Guardian:Suspension","floor":2},{"not_picked":["Guardian:WalkerClaw","Guardian:RefractedBeam"],"picked":"Guardian:Gem_Blue","floor":4},{"not_picked":["Guardian:PiercingHide","Guardian:Gem_Blue"],"picked":"Guardian:Gem_Yellow","floor":6},{"not_picked":["Guardian:GatlingBeam","Guardian:Gem_Green"],"picked":"Guardian:ChargeUp","floor":8},{"not_picked":["Guardian:ArmoredProtocol","Guardian:PrimingBeam","Guardian:TemporalStrike"],"picked":"SKIP","floor":9},{"not_picked":["Guardian:PiercingHide","Guardian:Suspension"],"picked":"Guardian:Gem_Red","floor":11},{"not_picked":["Guardian:Incinerate","Guardian:RollAttack"],"picked":"Guardian:Gem_Blue","floor":12},{"not_picked":["Guardian:Repulse","Guardian:TemporalShield"],"picked":"Guardian:TemporalStrike","floor":13},{"not_picked":["Guardian:ConstructionForm","Guardian:Suspension"],"picked":"Guardian:Reroute","floor":14},{"not_picked":["Guardian:ChargeCore","Guardian:Suspension"],"picked":"Guardian:BronzeOrb","floor":15},{"not_picked":["Guardian:AncientConstruct","Guardian:RevengeProtocol"],"picked":"Guardian:StasisEngine","floor":16},{"not_picked":["Guardian:Emergency","Guardian:RefractedBeam","Guardian:EvasiveProtocol"],"picked":"SKIP","floor":19},{"not_picked":[],"picked":"J.A.X.","floor":21},{"not_picked":["Guardian:TemporalShield","Guardian:Emergency"],"picked":"Guardian:Clone","floor":21},{"not_picked":["Guardian:Gem_Lightblue","Guardian:Incinerate"],"picked":"Guardian:Planning","floor":23},{"not_picked":["Guardian:VentSteam","Guardian:WalkerClaw+1"],"picked":"Guardian:Gem_White","floor":25},{"not_picked":["Guardian:PrismaticBeam","Guardian:DecasProtection+1"],"picked":"Guardian:StasisStrike","floor":26},{"not_picked":["Guardian:WalkerClaw","Guardian:Incinerate+1"],"picked":"Guardian:Gem_Fragmented","floor":28},{"not_picked":["Guardian:BronzeArmor","Guardian:Gem_Green","Guardian:PiercingHide"],"picked":"SKIP","floor":29},{"not_picked":["Guardian:Gem_Lightblue","Guardian:PrimingBeam"],"picked":"Guardian:Gem_Yellow","floor":32},{"not_picked":["Guardian:ExploitGems","Guardian:Gem_Synthetic"],"picked":"Guardian:Gem_Orange","floor":33},{"not_picked":["Guardian:Gem_Blue","Guardian:Suspension"],"picked":"Guardian:Orbwalk","floor":36},{"not_picked":["Guardian:Incinerate+1","Guardian:PrimingBeam+1"],"picked":"Guardian:SentryBeam","floor":37},{"not_picked":["Guardian:PiercingHide","Guardian:Planning"],"picked":"Guardian:Gem_Fragmented","floor":38},{"not_picked":["Guardian:Reroute","Guardian:PiercingHide"],"picked":"Guardian:Gem_Purple","floor":39},{"not_picked":["Guardian:Gem_Blue","Guardian:Harden"],"picked":"Guardian:PiercingHide","floor":42},{"not_picked":["Guardian:Gem_Cyan","Guardian:PrimingBeam+1"],"picked":"Guardian:Gem_Orange","floor":44},{"not_picked":["Guardian:FuturePlans","Guardian:PolyBeam+1"],"picked":"Guardian:FloatingOrbs+1","floor":45},{"not_picked":["Guardian:Gem_Red","Guardian:MultiBeam+1"],"picked":"Guardian:Reroute+1","floor":46},{"not_picked":["Guardian:Gem_Yellow","Guardian:Incinerate+1"],"picked":"Guardian:BodySlam","floor":47},{"not_picked":["Guardian:Gem_Purple","Guardian:WalkerClaw+1"],"picked":"Guardian:ShieldCharger+1","floor":48},{"not_picked":["Guardian:TemporalStrike+1","Guardian:Gem_Cyan"],"picked":"Guardian:BodySlam+1","floor":49},{"not_picked":["Guardian:Reroute+1","Guardian:VentSteam+1","Guardian:BronzeArmor"],"picked":"SKIP","floor":52}],"player_experience":84801,"relics_obtained":[{"floor":7,"key":"conspire:DecoderRing"},{"floor":9,"key":"Blood Vial"},{"floor":12,"key":"Happy Flower"},{"floor":14,"key":"The Courier"},{"floor":21,"key":"MutagenicStrength"},{"floor":26,"key":"Smiling Mask"},{"floor":31,"key":"Oddly Smooth Stone"},{"floor":38,"key":"Guardian:StasisCodex"},{"floor":41,"key":"Centennial Puzzle"},{"floor":42,"key":"MawBank"},{"floor":52,"key":"Bag of Marbles"}],"event_choices":[],"is_beta":false,"boss_relics":[{"not_picked":["Busted Crown","Pandora\u0027s Box"],"picked":"Sozu"},{"not_picked":["Runic Pyramid","conspire:SeveredTorchhead"],"picked":"Guardian:ModeShifterPlus"}],"items_purged_floors":[11,44],"is_endless":false,"potions_floor_spawned":[4,6,8,14,15,26,32,33,39,42,48,49],"killed_by":"downfall:NeowBossFinal","ascension_level":1}}