{"host":"6vexsag1oua9h4b1","time":1611680543,"event":{"mods":["AchievementEnabler","BaseMod","Conspire","Downfall","Luminous","Minty Spire (QoL Compilation)","StSLib","The Alterego","The Marked"],"gold_per_floor":[199,219,235,245,264,278,304,229,179,179,209,209,159,193,204,304,304,54,74,93,26,26,46,46,75,99,61,87,99,61,85,115,231,243,205,229,251,113,143,105,117,139,136,158,184,229,91,77,87,87,87,87,87,87],"floor_reached":52,"language":"ENG","playtime":4362,"items_purged":[],"score":752,"play_id":"48a4b4d8-44f1-4410-85b9-da7fc21bc491","local_time":"20210126180223","is_ascension_mode":false,"campfire_choices":[{"data":"Slimebound:CorrosiveSpit","floor":1,"key":"SMITH"},{"floor":9,"key":"RECALL"},{"data":"Slimebound:Split","floor":13,"key":"SMITH"},{"data":"Slimebound:GrowthPunch","floor":18,"key":"SMITH"},{"data":"Slimebound:MassRepurpose","floor":27,"key":"SMITH"},{"floor":30,"key":"REST"},{"data":"Slimebound:Overexert","floor":35,"key":"SMITH"},{"data":"Slimebound:LivingWall","floor":40,"key":"SMITH"},{"floor":47,"key":"REST"}],"circlet_count":0,"master_deck":["Slimebound:Strike_Slimebound","Slimebound:Strike_Slimebound","Slimebound:Strike_Slimebound","Slimebound:Tackle+1","Slimebound:Defend_Slimebound","Slimebound:Defend_Slimebound","Slimebound:Defend_Slimebound","Slimebound:Defend_Slimebound","Slimebound:Split+1","Slimebound:CorrosiveSpit+1","Slimebound:AcidTongue","Slimebound:LeechingTouch+1","Slimebound:ItLooksTasty","Slimebound:RainOfGoop","Slimebound:GoopSpray","Slimebound:AcidTongue","Slimebound:GrowthPunch+1","Slimebound:MassRepurpose+1","Slimebound:RejuvenatingLick","Slimebound:SplitMire+1","Slimebound:LivingWall+1","RitualDagger","Slimebound:LeechEnergy","Slimebound:SlimeSpikes+1","Slimebound:Schlurp","Slimebound:HauntingLick+1","Slimebound:Overexert+1","Slimebound:SamplingLick+1","Slimebound:PressTheAttack+1","Slimebound:FirmFortitude","Slimebound:HauntingLick+1","Slimebound:MegaLick+1","Slimebound:Nibble+1","Slimebound:Equalize","Slimebound:LevelUp"],"relics":["Slimebound:AbsorbEndCombat","Slimebound:GreedOozeRelic","Dream Catcher","Pantograph","Whetstone","SacredBark","downfall:HeartBlessingBlue","downfall:HeartBlessingRed","MawBank","Philosopher\u0027s Stone","Calipers","Torii","downfall:HeartBlessingGreen","Dead Branch"],"acts_visited":["Exordium","TheCity","TheBeyond","TheEnding"],"potions_floor_usage":[33,33,33],"damage_taken":[{"damage":1,"enemies":"Small Slimes","floor":2,"turns":3},{"damage":0,"enemies":"2 Louse","floor":3,"turns":2},{"damage":0,"enemies":"conspire:RoseBush","floor":4,"turns":3},{"damage":6,"enemies":"Large Slime","floor":5,"turns":5},{"damage":8,"enemies":"conspire:2 RoseBushes","floor":6,"turns":5},{"damage":29,"enemies":"Lagavulin","floor":11,"turns":4},{"damage":13,"enemies":"Gremlin Nob","floor":14,"turns":3},{"damage":23,"enemies":"Exordium Thugs","floor":15,"turns":3},{"damage":17,"enemies":"IC_STATUS_ARCHETYPE","floor":16,"turns":7},{"damage":20,"enemies":"Shell Parasite","floor":19,"turns":5},{"damage":12,"enemies":"Snake Plant","floor":20,"turns":4},{"damage":0,"enemies":"downfall:FleeingMerchant","floor":21,"turns":4},{"damage":30,"enemies":"3 Cultists","floor":23,"turns":4},{"damage":9,"enemies":"Cultist and Chosen","floor":25,"turns":6},{"damage":15,"enemies":"Centurion and Healer","floor":26,"turns":5},{"damage":15,"enemies":"Snake Plant","floor":28,"turns":4},{"damage":11,"enemies":"Sentry and Sphere","floor":31,"turns":4},{"damage":9,"enemies":"3 Cultists","floor":32,"turns":5},{"damage":62,"enemies":"DF_ARCHETYPE_CLAW","floor":33,"turns":8},{"damage":29,"enemies":"3 Darklings","floor":36,"turns":5},{"damage":2,"enemies":"3 Shapes","floor":37,"turns":3},{"damage":17,"enemies":"Sphere and 2 Shapes","floor":39,"turns":5},{"damage":9,"enemies":"3 Darklings","floor":42,"turns":5},{"damage":18,"enemies":"downfall:FleeingMerchant","floor":43,"turns":4},{"damage":32,"enemies":"Jaw Worm Horde","floor":44,"turns":3},{"damage":12,"enemies":"Maw","floor":45,"turns":6},{"damage":30,"enemies":"Reptomancer","floor":46,"turns":6},{"damage":0,"enemies":"downfall:FleeingMerchant","floor":48,"turns":2},{"damage":26,"enemies":"Spire Growth","floor":49,"turns":3},{"damage":51,"enemies":"SI_POISON_ARCHETYPE","floor":50,"turns":6},{"damage":102,"enemies":"downfall:CharBossMerchant","floor":52,"turns":6}],"seed_played":"4394208551659672287","potions_obtained":[{"floor":3,"key":"PowerPotion"},{"floor":11,"key":"DistilledChaos"},{"floor":14,"key":"LiquidBronze"},{"floor":19,"key":"Dexterity Potion"},{"floor":42,"key":"LiquidBronze"},{"floor":45,"key":"Explosive Potion"}],"is_trial":false,"path_per_floor":["R","M","M","M","M","M","T","?","R","?","E","T","R","E","M","B",null,"R","M","M","$","?","M","T","M","M","R","M","?","R","M","M","B",null,"R","M","M","?","M","R","T","M","$","M","M","E","R","$","M","B",null,"E"],"character_chosen":"SLIMEBOUND","items_purchased":["Slimebound:LivingWall","Dead Branch","Slimebound:LevelUp"],"campfire_rested":2,"item_purchase_floors":[21,48,48],"current_hp_per_floor":[65,65,65,65,65,61,61,61,61,61,38,38,38,31,12,28,65,75,63,55,61,55,33,33,32,23,23,16,16,38,31,30,1,75,75,52,54,85,70,70,70,69,59,35,29,7,32,36,16,6,85,0,0,0],"gold":87,"neow_bonus":"HUNDRED_GOLD","is_daily":false,"chose_seed":false,"campfire_upgraded":6,"win_rate":0.0,"timestamp":1611680543,"path_taken":["R","M","M","M","M","M","T","?","R","?","E","?","R","E","M","BOSS","R","M","M","$","?","M","T","M","M","R","M","?","R","M","M","BOSS","R","M","M","?","M","R","T","M","$","M","M","E","R","$","M","BOSS","E"],"items_purchased_type":["Card","Relic","Card"],"build_version":"2020-12-22","purchased_purges":0,"victory":false,"max_hp_per_floor":[65,65,65,65,65,65,65,65,65,65,65,65,65,65,65,65,65,75,75,75,75,75,75,75,75,75,75,75,75,75,75,75,75,75,75,75,75,85,85,85,85,85,85,85,85,85,85,85,85,85,85,85,85,85],"card_choices":[{"not_picked":["Slimebound:SplitBruiser","Slimebound:Repurpose"],"picked":"Slimebound:AcidTongue","floor":2},{"not_picked":["Slimebound:SplitBruiser","Slimebound:HauntingLick"],"picked":"Slimebound:LeechingTouch","floor":3},{"not_picked":["Slimebound:ComboTackle","Slimebound:Replication"],"picked":"Slimebound:ItLooksTasty","floor":4},{"not_picked":["Slimebound:LeechingTouch","Slimebound:HauntingLick"],"picked":"Slimebound:RainOfGoop","floor":5},{"not_picked":["Slimebound:RollThrough","Slimebound:Nibble"],"picked":"Slimebound:GoopSpray","floor":6},{"not_picked":["Slimebound:ComboTackle","Slimebound:SlimeBarrage"],"picked":"Slimebound:AcidTongue","floor":11},{"not_picked":["Slimebound:HauntingLick","Slimebound:GoopTackle","Slimebound:WasteNot"],"picked":"SKIP","floor":14},{"not_picked":["Slimebound:SplitBruiser","Slimebound:RainOfGoop"],"picked":"Slimebound:GrowthPunch","floor":15},{"not_picked":["Slimebound:LeechLife","Slimebound:OneTwoCombo"],"picked":"Slimebound:MassRepurpose","floor":16},{"not_picked":["Slimebound:FinishingTackle","Slimebound:GoopSpray"],"picked":"Slimebound:RejuvenatingLick","floor":19},{"not_picked":["Slimebound:Prepare","Slimebound:LeechingTouch"],"picked":"Slimebound:SplitMire+1","floor":20},{"not_picked":["Slimebound:MassRepurpose","Slimebound:SplitMire+1","Slimebound:Repurpose+1"],"picked":"SKIP","floor":21},{"not_picked":["Slimebound:GoopTackle","Slimebound:GoopSpray"],"picked":"Slimebound:LeechEnergy","floor":23},{"not_picked":["Slimebound:LivingWall","Slimebound:Grow+1"],"picked":"Slimebound:SlimeSpikes+1","floor":25},{"not_picked":["Slimebound:SplitAcid","Slimebound:SlimeSpikes","Slimebound:GoopTackle+1"],"picked":"SKIP","floor":26},{"not_picked":["Slimebound:OozeBath","Slimebound:FormOfPuddle"],"picked":"Slimebound:Schlurp","floor":28},{"not_picked":["Slimebound:LeechingTouch","Slimebound:GoopTackle"],"picked":"Slimebound:HauntingLick+1","floor":31},{"not_picked":["Slimebound:SplitAcid+1","Slimebound:Grow","Slimebound:GoopTackle"],"picked":"SKIP","floor":32},{"not_picked":["Slimebound:DuplicatedForm","Slimebound:SlimeSlap"],"picked":"Slimebound:Overexert","floor":33},{"not_picked":["Slimebound:SlimeSpikes+1","Slimebound:Schlurp+1"],"picked":"Slimebound:SamplingLick+1","floor":36},{"not_picked":["Slimebound:FlameTackle+1","Slimebound:LeechEnergy","Slimebound:SlimeSpikes+1"],"picked":"SKIP","floor":37},{"not_picked":["Slimebound:Grow","Slimebound:ProtectTheBoss","Slimebound:LivingWall+1"],"picked":"SKIP","floor":39},{"not_picked":["Slimebound:SplitMire","Slimebound:GrowthPunch"],"picked":"Slimebound:PressTheAttack+1","floor":42},{"not_picked":["Slimebound:RollThrough+1","Slimebound:ItLooksTasty+1"],"picked":"Slimebound:FirmFortitude","floor":43},{"not_picked":["Slimebound:Schlurp","Slimebound:ComboTackle"],"picked":"Slimebound:HauntingLick+1","floor":44},{"not_picked":["Slimebound:HauntingLick","Slimebound:RollThrough+1","Slimebound:LeechingTouch+1"],"picked":"SKIP","floor":45},{"not_picked":["Slimebound:RainOfGoop+1","Slimebound:ProtectTheBoss"],"picked":"Slimebound:MegaLick+1","floor":46},{"not_picked":["Slimebound:ForwardTackle","Slimebound:SplitBruiser+1"],"picked":"Slimebound:Nibble+1","floor":47},{"not_picked":["Slimebound:SplitAcid+1","Slimebound:SplitBruiser"],"picked":"Slimebound:Equalize","floor":48},{"not_picked":["Slimebound:GrowthPunch+1","Slimebound:RollThrough","Slimebound:SplitAcid+1"],"picked":"SKIP","floor":49}],"player_experience":248537,"relics_obtained":[{"floor":11,"key":"Dream Catcher"},{"floor":12,"key":"Pantograph"},{"floor":14,"key":"Whetstone"},{"floor":24,"key":"MawBank"},{"floor":41,"key":"Calipers"},{"floor":46,"key":"Torii"}],"event_choices":[{"damage_healed":0,"gold_gain":0,"player_choice":"Leave","damage_taken":0,"max_hp_gain":0,"max_hp_loss":0,"event_name":"conspire:Investor","floor":10,"gold_loss":0},{"damage_healed":0,"gold_gain":0,"player_choice":"Ignored","damage_taken":0,"max_hp_gain":0,"max_hp_loss":0,"event_name":"Vampires","floor":29,"gold_loss":0}],"is_beta":false,"boss_relics":[{"not_picked":["Velvet Choker","Astrolabe"],"picked":"SacredBark"},{"not_picked":["Tiny House","Fusion Hammer"],"picked":"Philosopher\u0027s Stone"}],"items_purged_floors":[],"is_endless":false,"potions_floor_spawned":[3,11,14,19,26,31,32,36,42,45],"killed_by":"downfall:CharBossMerchant","ascension_level":0}}