{"host":"uv5ws9rdk87e8i5k","time":1611642153,"event":{"mods":["AchievementEnabler","BaseMod","Colored Map","Minty Spire (QoL Compilation)","Permanent Neow","Quick Restart","StSLib","SuperFastMode","The Animator","The Cursed","The Hierophant","The Necromancer"],"gold_per_floor":[112,77,91,102,119,119,139,169,221,232,248,279,292,392,392,392,392],"floor_reached":16,"language":"ENG","playtime":389,"items_purged":[],"score":162,"play_id":"7b932cf3-153f-4824-97a1-d7cbaa9778c4","local_time":"20210126002233","is_ascension_mode":true,"campfire_choices":[{"data":"Infernal Blade","floor":6.0,"key":"SMITH"},{"data":"Spot Weakness","floor":15,"key":"SMITH"}],"circlet_count":0,"master_deck":["Strike_R","Strike_R","Strike_R","Strike_R","Strike_R","Defend_R","Defend_R","Defend_R","Defend_R","Bash","True Grit","Headbutt","Wild Strike","Infernal Blade+1","Heavy Blade","Feed","Spot Weakness+1"],"relics":["Burning Blood","Gambling Chip","Art of War","Bronze Scales","Singing Bowl"],"acts_visited":["Exordium"],"potions_floor_usage":[12],"damage_taken":[{"damage":4.0,"enemies":"Jaw Worm","floor":1.0,"turns":4.0},{"damage":2.0,"enemies":"Small Slimes","floor":3.0,"turns":4.0},{"damage":6.0,"enemies":"Cultist","floor":4.0,"turns":3.0},{"damage":22.0,"enemies":"Exordium Thugs","floor":5.0,"turns":6.0},{"damage":0.0,"enemies":"3 Louse","floor":7.0,"turns":2.0},{"damage":23.0,"enemies":"Lagavulin","floor":8.0,"turns":5.0},{"damage":7.0,"enemies":"Exordium Wildlife","floor":10.0,"turns":3.0},{"damage":17.0,"enemies":"Lots of Slimes","floor":11.0,"turns":3.0},{"damage":15,"enemies":"3 Sentries","floor":12,"turns":6},{"damage":26,"enemies":"Gremlin Gang","floor":13,"turns":4},{"damage":0,"enemies":"The Guardian","floor":16,"turns":1}],"seed_played":"4335521631270184793","potions_obtained":[{"floor":1.0,"key":"EntropicBrew"},{"floor":3.0,"key":"ElixirPotion"},{"floor":8.0,"key":"ElixirPotion"},{"floor":12,"key":"Dexterity Potion"}],"is_trial":false,"path_per_floor":["M","?","M","M","M","R","M","E","T","M","M","E","M","?","R","B"],"character_chosen":"IRONCLAD","items_purchased":[],"campfire_rested":0,"item_purchase_floors":[],"current_hp_per_floor":[53,73,77,77,61,61,67,50,50,52,44,52,37,37,37,37,37],"gold":392,"neow_bonus":"ONE_RARE_RELIC","is_daily":false,"chose_seed":false,"campfire_upgraded":2,"win_rate":0.0,"timestamp":1611642153,"path_taken":["M","?","M","M","M","R","M","E","T","M","M","E","M","?","R","BOSS"],"items_purchased_type":[],"build_version":"2020-12-22","purchased_purges":0,"victory":false,"max_hp_per_floor":[80,80,80,80,80,80,80,80,80,83,86,88,93,93,93,93,93],"card_choices":[{"not_picked":["Sever Soul","Metallicize"],"picked":"True Grit","floor":1.0},{"not_picked":["Intimidate","Heavy Blade"],"picked":"Headbutt","floor":3.0},{"not_picked":["Hemokinesis","Burning Pact"],"picked":"Wild Strike","floor":4.0},{"not_picked":["Body Slam","Shrug It Off"],"picked":"Infernal Blade","floor":5.0},{"not_picked":["Flex","Feel No Pain"],"picked":"Heavy Blade","floor":7.0},{"not_picked":["Twin Strike","Cleave"],"picked":"Feed","floor":8.0},{"not_picked":["Searing Blow","True Grit"],"picked":"Spot Weakness","floor":10.0},{"not_picked":["Twin Strike","Armaments","Rampage"],"picked":"SKIP","floor":11.0},{"not_picked":["Wild Strike","Iron Wave","Hemokinesis"],"picked":"Singing Bowl","floor":12},{"not_picked":["Body Slam","Heavy Blade","Iron Wave"],"picked":"Singing Bowl","floor":13}],"player_experience":286930,"relics_obtained":[{"floor":8.0,"key":"Art of War"},{"floor":9.0,"key":"Bronze Scales"},{"floor":12,"key":"Singing Bowl"}],"event_choices":[{"damage_healed":20.0,"max_hp_gain":0.0,"max_hp_loss":0.0,"gold_gain":0.0,"event_name":"The Cleric","player_choice":"Healed","floor":2.0,"gold_loss":35.0,"damage_taken":0.0},{"damage_healed":0,"gold_gain":100,"player_choice":"Pray","damage_taken":0,"max_hp_gain":0,"max_hp_loss":0,"event_name":"Golden Shrine","floor":14,"gold_loss":0}],"is_beta":false,"boss_relics":[],"items_purged_floors":[],"is_endless":false,"potions_floor_spawned":[1,3,8,12],"killed_by":"The Guardian","ascension_level":8}}