{"host":"sc0o2qwpf9j16a4i","time":1611678053,"event":{"mods":["AchievementEnabler","BaseMod","BetterRewards","Block Reminder","Colored Map","Colored Powertips","Custom Start","Highlight Path","Minty Spire (QoL Compilation)","Relic Stats"],"gold_per_floor":[118,118,118,131,148,148,166,193,193,205,219,250,282,45,45,146,146,160,160,12,31,64,95,106,124,124,24,24,56,75,92,92,187,187,202,424,443,55,75,100,112,112,136,96,124,157,157,174,174,174],"floor_reached":51,"language":"ENG","playtime":2159,"items_purged":["Zap","Strike_R"],"score":999,"play_id":"12348f9e-ffdc-469b-b181-139af9b181e6","local_time":"20210126182053","daily_mods":["Chimera","Red Cards","DeadlyEvents"],"is_ascension_mode":false,"campfire_choices":[{"data":"Eruption","floor":6,"key":"SMITH"},{"data":"Apotheosis","floor":15,"key":"SMITH"},{"floor":28,"key":"REST"},{"floor":32,"key":"REST"},{"floor":42,"key":"REST"},{"floor":47,"key":"REST"},{"floor":49,"key":"REST"}],"circlet_count":0,"master_deck":["Bash+1","Survivor","Eruption+1","Thunderclap","EmptyFist","Meditate","Cleave","CrushJoints","Uppercut","FollowUp","Evaluate","Protect","Indignation","Apotheosis+1","Feed","Pommel Strike","RitualDagger","ClearTheMind","EmptyFist","Headbutt","Reaper","Worship+1","Reaper","Worship","Pummel","DeceiveReality","Double Tap","FlurryOfBlows","DeceiveReality","Evaluate+1","ThirdEye","Protect","Shrug It Off+1","ThirdEye+1","FearNoEvil+1"],"relics":["PureWater","Incense Burner","Prayer Wheel","TungstenRod","Orichalcum","Fusion Hammer","Bag of Preparation","Red Mask","GoldenEye","Mercury Hourglass","Pandora\u0027s Box","Membership Card","Bronze Scales","Bird Faced Urn","Singing Bowl","Happy Flower","Oddly Smooth Stone","Toxic Egg 2"],"acts_visited":["Exordium","TheCity","TheBeyond"],"potions_floor_usage":[12,13,13,29,33,33,33,45,48,48],"damage_taken":[{"damage":2,"enemies":"Jaw Worm","floor":1,"turns":3},{"damage":0,"enemies":"Small Slimes","floor":4,"turns":3},{"damage":0,"enemies":"2 Louse","floor":5,"turns":2},{"damage":1,"enemies":"2 Fungi Beasts","floor":7,"turns":2},{"damage":6,"enemies":"Gremlin Nob","floor":8,"turns":3},{"damage":10,"enemies":"Looter","floor":10,"turns":3},{"damage":0,"enemies":"3 Louse","floor":11,"turns":2},{"damage":0,"enemies":"Lagavulin","floor":12,"turns":3},{"damage":2,"enemies":"3 Sentries","floor":13,"turns":3},{"damage":0,"enemies":"Slime Boss","floor":16,"turns":6},{"damage":0,"enemies":"3 Byrds","floor":18,"turns":2},{"damage":13,"enemies":"2 Thieves","floor":21,"turns":3},{"damage":1,"enemies":"Masked Bandits","floor":22,"turns":3},{"damage":1,"enemies":"Book of Stabbing","floor":23,"turns":4},{"damage":0,"enemies":"Snake Plant","floor":24,"turns":2},{"damage":13,"enemies":"Cultist and Chosen","floor":25,"turns":6},{"damage":5,"enemies":"Slavers","floor":29,"turns":4},{"damage":0,"enemies":"Chosen and Byrds","floor":30,"turns":3},{"damage":5,"enemies":"Centurion and Healer","floor":31,"turns":3},{"damage":36,"enemies":"Automaton","floor":33,"turns":10},{"damage":0,"enemies":"3 Shapes","floor":35,"turns":4},{"damage":21,"enemies":"3 Darklings","floor":37,"turns":6},{"damage":8,"enemies":"4 Shapes","floor":39,"turns":6},{"damage":24,"enemies":"Nemesis","floor":40,"turns":5},{"damage":0,"enemies":"Transient","floor":41,"turns":5},{"damage":12,"enemies":"Reptomancer","floor":45,"turns":5},{"damage":112,"enemies":"Giant Head","floor":46,"turns":12},{"damage":8,"enemies":"Writhing Mass","floor":48,"turns":7},{"damage":77,"enemies":"Time Eater","floor":50,"turns":13}],"seed_played":"7046264493675216058","potions_obtained":[{"floor":5,"key":"Dexterity Potion"},{"floor":7,"key":"SneckoOil"},{"floor":11,"key":"CultistPotion"},{"floor":12,"key":"Fire Potion"},{"floor":16,"key":"SpeedPotion"},{"floor":21,"key":"SpeedPotion"},{"floor":25,"key":"Dexterity Potion"},{"floor":29,"key":"Swift Potion"},{"floor":31,"key":"DistilledChaos"},{"floor":37,"key":"SpeedPotion"},{"floor":39,"key":"Regen Potion"},{"floor":40,"key":"PowerPotion"},{"floor":45,"key":"EssenceOfSteel"}],"is_trial":true,"path_per_floor":["M","?","?","M","M","R","M","E","T","M","M","E","E","$","R","B",null,"M","?","$","M","?","E","M","M","T","$","R","E","M","M","R","B",null,"M","?","M","$","M","E","M","R","T","?","E","E","R","M","R","B",null],"character_chosen":"WATCHER","items_purchased":["Apotheosis","Bag of Preparation","Membership Card","Bronze Scales","Bird Faced Urn"],"campfire_rested":5,"item_purchase_floors":[14,20,38,38,38],"current_hp_per_floor":[70,70,70,70,70,70,69,63,63,53,53,53,51,51,51,51,72,72,67,67,57,60,59,63,50,50,50,74,73,73,78,87,68,91,95,95,88,88,98,100,102,102,102,102,94,11,44,58,91,33],"gold":174,"neow_bonus":"","is_daily":false,"chose_seed":false,"campfire_upgraded":2,"win_rate":0.0,"timestamp":1611678053,"path_taken":["M","?","?","M","M","R","M","E","T","?","?","E","?","$","R","BOSS","M","?","$","M","?","E","M","?","T","?","R","E","M","M","R","BOSS","M","?","?","$","M","E","M","R","T","?","E","?","R","M","R","BOSS"],"items_purchased_type":["Card","Relic","Relic","Relic","Relic"],"build_version":"2020-12-22","purchased_purges":2,"victory":true,"max_hp_per_floor":[72,72,72,72,72,72,72,72,72,72,72,72,72,72,72,72,72,72,72,72,75,79,79,83,83,83,83,83,87,87,87,87,91,91,95,95,95,95,98,100,102,102,102,102,106,110,110,112,112,112],"relic_stats":{"Singing Bowl":6,"Happy Flower":[12],"counters":[29,133],"Bag of Preparation":[36],"Orichalcum":[186],"GoldenEye":[20],"Mercury Hourglass":[347],"Bronze Scales":[182],"Bird Faced Urn":[0],"Prayer Wheel":13,"Pandora\u0027s Box":["Worship","Pummel","DeceiveReality","Double Tap","FlurryOfBlows"],"obtain_stats":[{"Singing Bowl":40,"Happy Flower":43,"Oddly Smooth Stone":45,"Incense Burner":8,"Bag of Preparation":20,"Orichalcum":13,"GoldenEye":23,"Mercury Hourglass":26,"Bronze Scales":38,"Bird Faced Urn":38,"Prayer Wheel":9,"Pandora\u0027s Box":34,"Fusion Hammer":17,"Red Mask":22,"Membership Card":38,"PureWater":0,"Toxic Egg 2":46,"TungstenRod":12},{"Singing Bowl":24,"Happy Flower":25,"Oddly Smooth Stone":26,"Incense Burner":5,"Bag of Preparation":11,"Orichalcum":9,"GoldenEye":14,"Mercury Hourglass":16,"Bronze Scales":22,"Bird Faced Urn":22,"Prayer Wheel":5,"Pandora\u0027s Box":20,"Fusion Hammer":10,"Red Mask":13,"Membership Card":22,"PureWater":0,"Toxic Egg 2":27,"TungstenRod":8},{"Singing Bowl":91,"Happy Flower":96,"Oddly Smooth Stone":101,"Incense Burner":13,"Bag of Preparation":32,"Orichalcum":24,"GoldenEye":42,"Mercury Hourglass":50,"Bronze Scales":80,"Bird Faced Urn":80,"Prayer Wheel":13,"Pandora\u0027s Box":70,"Fusion Hammer":30,"Red Mask":38,"Membership Card":80,"PureWater":0,"Toxic Egg 2":113,"TungstenRod":21}],"TungstenRod":51},"card_choices":[{"not_picked":["Clothesline","Sever Soul"],"picked":"Thunderclap","floor":1},{"not_picked":["Clash","Crescendo"],"picked":"EmptyFist","floor":4},{"not_picked":["InnerPeace","Headbutt"],"picked":"Meditate","floor":5},{"not_picked":["Warcry","Exhume"],"picked":"Cleave","floor":7},{"not_picked":["Twin Strike","Shrug It Off"],"picked":"CrushJoints","floor":8},{"not_picked":["CrushJoints","SashWhip"],"picked":"Uppercut","floor":10},{"not_picked":["Prostrate","Dark Embrace"],"picked":"FollowUp","floor":10},{"not_picked":["Clash","WheelKick"],"picked":"Evaluate","floor":11},{"not_picked":["Evolve","Warcry"],"picked":"Protect","floor":11},{"not_picked":["Sentinel","Reckless Charge"],"picked":"Indignation","floor":12},{"not_picked":["Bloodletting","Hemokinesis","Exhume"],"picked":"SKIP","floor":13},{"not_picked":["Devotion","Barricade"],"picked":"Feed","floor":16},{"not_picked":["Consecrate","Twin Strike"],"picked":"Pommel Strike","floor":18},{"not_picked":["CrushJoints","Perfected Strike","PathToVictory"],"picked":"SKIP","floor":18},{"not_picked":["FlyingSleeves","Warcry","JustLucky"],"picked":"SKIP","floor":21},{"not_picked":["Evaluate","Entrench","EmptyBody"],"picked":"SKIP","floor":21},{"not_picked":["Carnage","Conclude","Vengeance"],"picked":"SKIP","floor":23},{"not_picked":["Armaments","Uppercut","Fasting2"],"picked":"SKIP","floor":24},{"not_picked":["Weave","Immolate","Clothesline"],"picked":"SKIP","floor":24},{"not_picked":["EmptyBody+1","Sword Boomerang"],"picked":"ClearTheMind","floor":25},{"not_picked":["Fire Breathing","Pray+1","SashWhip"],"picked":"SKIP","floor":25},{"not_picked":["Heavy Blade","Clash"],"picked":"EmptyFist","floor":29},{"not_picked":["Havoc+1","BattleHymn"],"picked":"Headbutt","floor":30},{"not_picked":["CutThroughFate","Adaptation"],"picked":"Reaper","floor":30},{"not_picked":["Conclude","BowlingBash+1"],"picked":"Worship","floor":31},{"not_picked":["EmptyFist","Indignation","Iron Wave+1"],"picked":"SKIP","floor":31},{"not_picked":["Alpha","Brutality"],"picked":"Reaper","floor":33},{"not_picked":["WindmillStrike","Perfected Strike"],"picked":"DeceiveReality","floor":35},{"not_picked":["Cleave+1","FollowUp+1","SashWhip"],"picked":"SKIP","floor":35},{"not_picked":["Anger+1","Immolate"],"picked":"Evaluate+1","floor":37},{"not_picked":["Heavy Blade+1","Halt+1","EmptyFist+1"],"picked":"SKIP","floor":37},{"not_picked":["ForeignInfluence","CutThroughFate"],"picked":"ThirdEye","floor":39},{"not_picked":["Thunderclap","Searing Blow","Clash+1"],"picked":"SKIP","floor":39},{"not_picked":["Brilliance","ThirdEye","Dropkick+1"],"picked":"Singing Bowl","floor":40},{"not_picked":["Halt+1","Rupture","Indignation"],"picked":"Singing Bowl","floor":41},{"not_picked":["Combust","Headbutt"],"picked":"Protect","floor":41},{"not_picked":["Wild Strike","PathToVictory+1"],"picked":"Shrug It Off+1","floor":45},{"not_picked":["Twin Strike+1","DeceiveReality+1"],"picked":"ThirdEye+1","floor":46},{"not_picked":["Juggernaut","Clash","Halt+1"],"picked":"Singing Bowl","floor":48},{"not_picked":["Body Slam+1","Inflame"],"picked":"FearNoEvil+1","floor":48}],"player_experience":985035,"relics_obtained":[{"floor":8,"key":"Incense Burner"},{"floor":9,"key":"Prayer Wheel"},{"floor":12,"key":"TungstenRod"},{"floor":13,"key":"Orichalcum"},{"floor":22,"key":"Red Mask"},{"floor":23,"key":"GoldenEye"},{"floor":26,"key":"Mercury Hourglass"},{"floor":40,"key":"Singing Bowl"},{"floor":43,"key":"Happy Flower"},{"floor":45,"key":"Oddly Smooth Stone"},{"floor":46,"key":"Toxic Egg 2"}],"event_choices":[{"damage_healed":0,"gold_gain":0,"player_choice":"Leave","damage_taken":0,"max_hp_gain":0,"max_hp_loss":0,"event_name":"The Cleric","floor":2,"gold_loss":0},{"damage_healed":0,"gold_gain":0,"player_choice":"Grow","damage_taken":0,"max_hp_gain":0,"max_hp_loss":0,"event_name":"Living Wall","floor":3,"gold_loss":0,"cards_upgraded":["Bash"]},{"damage_healed":0,"gold_gain":0,"player_choice":"Joined the Cult","damage_taken":6,"max_hp_gain":0,"max_hp_loss":0,"event_name":"Nest","floor":19,"gold_loss":0,"cards_obtained":["RitualDagger"]},{"damage_healed":0,"gold_gain":0,"player_choice":"Fought Bandits","damage_taken":0,"max_hp_gain":0,"max_hp_loss":0,"event_name":"Masked Bandits","floor":22,"gold_loss":0},{"damage_healed":0,"gold_gain":222,"player_choice":"Wore Mask","damage_taken":0,"max_hp_gain":0,"max_hp_loss":0,"event_name":"Tomb of Lord Red Mask","floor":36,"gold_loss":0},{"damage_healed":0,"gold_gain":0,"player_choice":"Upgrade","damage_taken":0,"max_hp_gain":0,"max_hp_loss":0,"event_name":"Designer","floor":44,"gold_loss":40,"cards_upgraded":["Worship"]}],"is_beta":false,"boss_relics":[{"not_picked":["Busted Crown","Velvet Choker"],"picked":"Fusion Hammer"},{"not_picked":["Runic Dome","Philosopher\u0027s Stone"],"picked":"Pandora\u0027s Box"}],"items_purged_floors":[14,27],"is_endless":false,"potions_floor_spawned":[5,7,11,12,16,21,24,25,29,30,31,37,39,40,45],"ascension_level":0}}