{"host":"86exz9sc3zcspcml","time":1611694191,"event":{"mods":["AchievementEnabler","BaseMod","Better Third Choice","Colored Map","Colored Powertips","Gold Saver","Minty Spire (QoL Compilation)","Quick Restart","Rare Cards Sparkle","Spire Birthday Party","StSLib"],"gold_per_floor":[377,396,8,28,28,28,42,66,66,31,67,83,107,36,36,165,165,185,185,199,210,210,210,210,210,210,25,59,59,75,75,75,175,175,190,170,187,201,213,213,227,227,254,273,273,273],"floor_reached":45,"language":"ENG","playtime":2339,"items_purged":[],"score":454,"play_id":"37ba37d2-2006-4131-8f02-43b82f93dac5","local_time":"20210126144951","is_ascension_mode":false,"campfire_choices":[{"floor":6,"key":"REST"},{"floor":15,"key":"REST"},{"floor":23,"key":"REST"},{"floor":25,"key":"REST"},{"data":"Apotheosis","floor":29,"key":"SMITH"},{"floor":32,"key":"REST"},{"floor":40,"key":"REST"},{"floor":42,"key":"REST"}],"circlet_count":0,"master_deck":["Zap","Dualcast","FTL","Beam Cell","Loop","Loop","FTL","Fusion","FTL","Genetic Algorithm","Tempest","Ball Lightning","Rebound","Static Discharge","Storm","Amplify","Sunder","Hologram","Heatsinks","Buffer","Reprogram","Go for the Eyes","Lockon","Barrage","Steam+1","Storm","Sweeping Beam","Gash","Static Discharge","Apotheosis+1","Genetic Algorithm+1","Electrodynamics","Beam Cell","Hyperbeam","BootSequence+1","Double Energy","Ball Lightning+1","Hello World","Gash+1","Beam Cell+1","Lockon+1","Stack+1"],"relics":["Cracked Core","Vajra","Dream Catcher","DollysMirror","Bloody Idol","Odd Mushroom","Pandora\u0027s Box","Enchiridion","Tiny Chest","Pantograph","Gremlin Horn","Inserter","Bag of Marbles"],"acts_visited":["Exordium","TheCity","TheBeyond"],"potions_floor_usage":[13,16,16,28,32,34,38,38,39,45],"damage_taken":[{"damage":0,"enemies":"Small Slimes","floor":1,"turns":3},{"damage":0,"enemies":"2 Louse","floor":2,"turns":2},{"damage":8,"enemies":"Jaw Worm","floor":4,"turns":3},{"damage":11,"enemies":"Exordium Wildlife","floor":7,"turns":3},{"damage":3,"enemies":"2 Fungi Beasts","floor":8,"turns":3},{"damage":35,"enemies":"The Mushroom Lair","floor":11,"turns":4},{"damage":10,"enemies":"Looter","floor":12,"turns":3},{"damage":3,"enemies":"Red Slaver","floor":13,"turns":2},{"damage":39,"enemies":"The Guardian","floor":16,"turns":7},{"damage":29,"enemies":"Shell Parasite","floor":18,"turns":4},{"damage":16,"enemies":"Spheric Guardian","floor":20,"turns":4},{"damage":24,"enemies":"Snake Plant","floor":21,"turns":4},{"damage":32,"enemies":"Slavers","floor":28,"turns":3},{"damage":22,"enemies":"Chosen and Byrds","floor":30,"turns":5},{"damage":19,"enemies":"Champ","floor":33,"turns":6},{"damage":21,"enemies":"3 Darklings","floor":35,"turns":2},{"damage":40,"enemies":"3 Shapes","floor":37,"turns":4},{"damage":0,"enemies":"3 Darklings","floor":38,"turns":2},{"damage":15,"enemies":"Transient","floor":39,"turns":5},{"damage":11,"enemies":"Jaw Worm Horde","floor":41,"turns":2},{"damage":31,"enemies":"3 Darklings","floor":44,"turns":3},{"damage":59,"enemies":"Reptomancer","floor":45,"turns":2}],"seed_played":"6267857636917175434","potions_obtained":[{"floor":1,"key":"Swift Potion"},{"floor":12,"key":"Energy Potion"},{"floor":13,"key":"SpeedPotion"},{"floor":16,"key":"SteroidPotion"},{"floor":18,"key":"FairyPotion"},{"floor":30,"key":"Fruit Juice"},{"floor":33,"key":"EntropicBrew"},{"floor":36,"key":"Swift Potion"},{"floor":37,"key":"PowerPotion"},{"floor":44,"key":"Energy Potion"}],"is_trial":false,"path_per_floor":["M","M","$","M","?","R","M","M","T","?","?","M","M","$","R","B",null,"M","?","M","M","?","R","?","R","T","$","E","R","M","T","R","B",null,"M","?","M","M","M","R","M","R","T","M","E"],"character_chosen":"DEFECT","items_purchased":["Loop","Dream Catcher","DollysMirror","Static Discharge","Apotheosis"],"campfire_rested":7,"item_purchase_floors":[3,3,3,14,27],"current_hp_per_floor":[75,75,75,67,49,71,60,57,57,75,40,30,27,27,49,10,75,46,46,35,16,22,44,44,66,66,66,39,39,22,22,49,60,80,64,64,29,34,24,48,42,66,71,45,0,0],"gold":273,"neow_bonus":"RANDOM_COMMON_RELIC","is_daily":false,"chose_seed":false,"campfire_upgraded":1,"win_rate":0.0,"timestamp":1611694191,"path_taken":["M","M","$","M","?","R","M","M","T","?","?","?","M","$","R","BOSS","M","?","M","M","?","R","?","R","T","$","E","R","M","?","R","BOSS","M","?","M","M","M","R","M","R","T","M","E"],"items_purchased_type":["Card","Relic","Relic","Card","Card"],"build_version":"2020-12-22","purchased_purges":0,"victory":false,"max_hp_per_floor":[75,75,75,75,75,75,75,75,75,75,75,75,75,75,75,75,75,75,75,75,75,75,75,75,75,75,75,75,75,75,75,80,80,80,80,80,80,80,80,80,80,80,80,80,80,80],"card_choices":[{"not_picked":["Heatsinks","Hologram"],"picked":"FTL","floor":1},{"not_picked":["Scrape","Sweeping Beam"],"picked":"Beam Cell","floor":2},{"not_picked":["Gash","Coolheaded"],"picked":"FTL","floor":4},{"not_picked":["Steam Power","Hologram"],"picked":"Fusion","floor":6},{"not_picked":["Compile Driver","Chaos"],"picked":"FTL","floor":7},{"not_picked":["Go for the Eyes","Beam Cell"],"picked":"Genetic Algorithm","floor":8},{"not_picked":["Beam Cell","FTL"],"picked":"Tempest","floor":11},{"not_picked":["Self Repair","Doom and Gloom"],"picked":"Ball Lightning","floor":12},{"not_picked":["All For One","Leap"],"picked":"Rebound","floor":13},{"not_picked":["Hologram","White Noise"],"picked":"Storm","floor":15},{"not_picked":["Thunder Strike","Core Surge"],"picked":"Amplify","floor":16},{"not_picked":["Compile Driver","Skim+1"],"picked":"Steam+1","floor":18},{"not_picked":["White Noise","Scrape"],"picked":"Storm","floor":20},{"not_picked":["Steam+1","Sunder"],"picked":"Sweeping Beam","floor":21},{"not_picked":["Cold Snap","Rebound"],"picked":"Gash","floor":23},{"not_picked":["Sunder","Sweeping Beam"],"picked":"Static Discharge","floor":25},{"not_picked":["White Noise","Glacier+1"],"picked":"Genetic Algorithm+1","floor":28},{"not_picked":["Rip and Tear","Blizzard+1"],"picked":"Electrodynamics","floor":30},{"not_picked":["Streamline","Conserve Battery"],"picked":"Beam Cell","floor":32},{"not_picked":["Fission","Buffer"],"picked":"Hyperbeam","floor":33},{"not_picked":["Glacier+1","Genetic Algorithm"],"picked":"BootSequence+1","floor":35},{"not_picked":["Sunder","Rebound+1"],"picked":"Double Energy","floor":37},{"not_picked":["Coolheaded+1","Consume"],"picked":"Ball Lightning+1","floor":38},{"not_picked":["Skim","Rebound+1"],"picked":"Hello World","floor":39},{"not_picked":["Rebound+1","Leap+1"],"picked":"Gash+1","floor":40},{"not_picked":["Doom and Gloom+1","Hologram+1"],"picked":"Beam Cell+1","floor":41},{"not_picked":["Stack","Compile Driver"],"picked":"Lockon+1","floor":42},{"not_picked":["Static Discharge","Beam Cell+1"],"picked":"Stack+1","floor":44}],"player_experience":91238,"relics_obtained":[{"floor":11,"key":"Odd Mushroom"},{"floor":22,"key":"Enchiridion"},{"floor":26,"key":"Tiny Chest"},{"floor":28,"key":"Pantograph"},{"floor":31,"key":"Gremlin Horn"},{"floor":43,"key":"Bag of Marbles"}],"event_choices":[{"damage_healed":0,"gold_gain":0,"player_choice":"Take Damage","damage_taken":18,"relics_obtained":["Golden Idol"],"max_hp_gain":0,"max_hp_loss":0,"event_name":"Golden Idol","floor":5,"gold_loss":0},{"damage_healed":18,"gold_gain":0,"player_choice":"Healed","damage_taken":0,"max_hp_gain":0,"max_hp_loss":0,"event_name":"The Cleric","floor":10,"gold_loss":35},{"damage_healed":0,"gold_gain":0,"player_choice":"Fought Mushrooms","damage_taken":0,"max_hp_gain":0,"max_hp_loss":0,"event_name":"Mushrooms","floor":11,"gold_loss":0},{"damage_healed":0,"gold_gain":0,"player_choice":"Gave Idol","damage_taken":0,"relics_obtained":["Bloody Idol"],"max_hp_gain":0,"max_hp_loss":0,"event_name":"Forgotten Altar","floor":19,"relics_lost":["Golden Idol"],"gold_loss":0},{"damage_healed":0,"gold_gain":0,"player_choice":"Obtained Book","damage_taken":16,"max_hp_gain":0,"max_hp_loss":0,"event_name":"Cursed Tome","floor":22,"gold_loss":0},{"damage_healed":0,"gold_gain":0,"player_choice":"Ignored","damage_taken":0,"max_hp_gain":0,"max_hp_loss":0,"event_name":"Vampires","floor":24,"gold_loss":0},{"damage_healed":0,"gold_gain":0,"player_choice":"Bought 1 Potion","damage_taken":0,"max_hp_gain":0,"max_hp_loss":0,"event_name":"The Woman in Blue","floor":36,"gold_loss":0}],"is_beta":false,"boss_relics":[{"not_picked":["Philosopher\u0027s Stone","Fusion Hammer"],"picked":"Pandora\u0027s Box"},{"not_picked":["Empty Cage","Velvet Choker"],"picked":"Inserter"}],"items_purged_floors":[],"is_endless":false,"potions_floor_spawned":[1,12,13,16,18,30,33,37,44],"killed_by":"Reptomancer","ascension_level":0}}