{"host":"vumwfieg2b2mnrfl","time":1611624843,"event":{"mods":["AchievementEnabler","BaseMod","Minty Spire (QoL Compilation)","Rare Cards Sparkle","Relic Stats"],"gold_per_floor":[367,367,108,127,151,194,194,225,225,64,98,98,137,152,152,245,245,270,103,103,18,18,38,71,71,71,71,115,138,163,179,179,272,272,297,297,128,141,164,197,197,233,233,566,566,566],"floor_reached":45,"language":"ENG","playtime":1526,"items_purged":["Pain"],"score":1099,"play_id":"2cc25805-745b-4b81-8612-60f4846a8347","local_time":"20210125193403","is_ascension_mode":true,"campfire_choices":[{"floor":7.0,"key":"REST"},{"floor":12.0,"key":"REST"},{"data":"Inflame","floor":15.0,"key":"SMITH"},{"data":"Armaments","floor":25,"key":"SMITH"},{"floor":32,"key":"REST"},{"floor":41,"key":"REST"}],"circlet_count":0,"master_deck":["AscendersBane","Strike_R","Strike_R","Strike_R","Strike_R","Defend_R","Defend_R+1","Defend_R","Defend_R","Bash","Inflame+1","Injury","The Bomb","Evolve","Shrug It Off+1","Shrug It Off","The Bomb","Shrug It Off","Fiend Fire","Armaments+1","Impervious","Impervious","Spot Weakness","Impervious"],"relics":["Burning Blood","War Paint","Singing Bowl","Omamori","DollysMirror","Bronze Scales","Bag of Preparation","Philosopher\u0027s Stone","Strawberry","Pear","Meat on the Bone","Nloth\u0027s Gift","Blue Candle","Snecko Eye","Lee\u0027s Waffle","The Courier","Potion Belt","Bottled Lightning"],"acts_visited":["Exordium","TheCity","TheBeyond"],"potions_floor_usage":[24,28,29,33,40,45,45],"damage_taken":[{"damage":13.0,"enemies":"Cultist","floor":1.0,"turns":4.0},{"damage":14.0,"enemies":"2 Louse","floor":4.0,"turns":4.0},{"damage":14.0,"enemies":"Small Slimes","floor":5.0,"turns":3.0},{"damage":32.0,"enemies":"3 Sentries","floor":6.0,"turns":5.0},{"damage":13.0,"enemies":"Lagavulin","floor":8.0,"turns":7.0},{"damage":5.0,"enemies":"3 Sentries","floor":11.0,"turns":3.0},{"damage":11.0,"enemies":"Lagavulin","floor":13.0,"turns":6.0},{"damage":8.0,"enemies":"Blue Slaver","floor":14.0,"turns":4.0},{"damage":26.0,"enemies":"Hexaghost","floor":16.0,"turns":9.0},{"damage":34.0,"enemies":"Shell Parasite","floor":18.0,"turns":5.0},{"damage":1,"enemies":"Spheric Guardian","floor":23,"turns":4},{"damage":13,"enemies":"Gremlin Leader","floor":24,"turns":5},{"damage":59,"enemies":"Slavers","floor":28,"turns":5},{"damage":9,"enemies":"Snake Plant","floor":29,"turns":3},{"damage":29,"enemies":"Snecko","floor":30,"turns":7},{"damage":0,"enemies":"3 Cultists","floor":31,"turns":3},{"damage":98,"enemies":"Champ","floor":33,"turns":13},{"damage":12,"enemies":"Orb Walker","floor":35,"turns":2},{"damage":0,"enemies":"3 Shapes","floor":38,"turns":4},{"damage":28,"enemies":"Maw","floor":39,"turns":8},{"damage":49,"enemies":"Nemesis","floor":40,"turns":7},{"damage":83,"enemies":"Reptomancer","floor":42,"turns":8},{"damage":44,"enemies":"Giant Head","floor":45,"turns":6}],"seed_played":"6919584013861061838","potions_obtained":[{"floor":5.0,"key":"PowerPotion"},{"floor":8.0,"key":"PowerPotion"},{"floor":16.0,"key":"Regen Potion"},{"floor":28,"key":"Weak Potion"},{"floor":29,"key":"AttackPotion"},{"floor":33,"key":"Fire Potion"},{"floor":35,"key":"GamblersBrew"},{"floor":40,"key":"SteroidPotion"},{"floor":42,"key":"GamblersBrew"}],"is_trial":false,"path_per_floor":["M","?","$","M","M","E","R","E","T","$","E","R","E","M","R","B",null,"M","$","?","?","T","M","E","R","T","?","E","M","M","M","R","B",null,"M","?","$","M","M","E","R","E","T","?","E"],"character_chosen":"IRONCLAD","items_purchased":["The Bomb","DollysMirror","Impervious","Lee\u0027s Waffle"],"campfire_rested":4,"item_purchase_floors":[3,10,19,37],"current_hp_per_floor":[61,61,61,53,45,19,41,36,36,36,37,60,57,57,57,37,70,42,42,58,65,75,82,75,75,75,75,48,59,50,68,99,19,84,80,80,115,117,97,68,104,41,41,41,0,0],"gold":566,"neow_bonus":"TWO_FIFTY_GOLD","is_daily":false,"chose_seed":false,"campfire_upgraded":2,"win_rate":0.0,"timestamp":1611624843,"path_taken":["M","?","$","M","M","E","R","E","T","$","E","R","E","M","R","BOSS","M","$","?","?","?","?","E","R","T","?","E","M","M","?","R","BOSS","M","?","$","M","M","E","R","E","T","?","E"],"items_purchased_type":["Card","Relic","Card","Relic"],"build_version":"2020-12-22","purchased_purges":1,"victory":false,"max_hp_per_floor":[75,75,75,75,75,75,75,77,77,77,77,77,79,81,81,81,81,81,81,81,88,98,100,100,100,100,100,102,104,106,106,106,106,106,108,108,115,117,119,121,121,123,123,123,123,123],"relic_stats":{"Lee\u0027s Waffle":35,"Singing Bowl":24,"counters":[23,125],"Bronze Scales":[282],"Blue Candle":[1],"Snecko Eye":[59,61,69,56],"Bag of Preparation":[32],"Nloth\u0027s Gift":4,"War Paint":["Defend_R","Shrug It Off"],"obtain_stats":[{"Potion Belt":42,"Lee\u0027s Waffle":37,"Pear":22,"Singing Bowl":8,"Golden Idol":2,"Blue Candle":28,"The Courier":40,"Omamori":9,"Bag of Preparation":13,"War Paint":6,"Ancient Tea Set":24,"Burning Blood":0,"DollysMirror":10,"Bronze Scales":11,"Strawberry":21,"Snecko Eye":34,"Philosopher\u0027s Stone":17,"Nloth\u0027s Gift":27,"Bottled Lightning":43,"Meat on the Bone":26},{"Potion Belt":22,"Lee\u0027s Waffle":18,"Pear":10,"Singing Bowl":5,"Golden Idol":1,"Blue Candle":13,"The Courier":21,"Omamori":5,"Bag of Preparation":7,"War Paint":4,"Ancient Tea Set":12,"Burning Blood":0,"DollysMirror":5,"Bronze Scales":6,"Strawberry":10,"Snecko Eye":17,"Philosopher\u0027s Stone":9,"Nloth\u0027s Gift":12,"Bottled Lightning":22,"Meat on the Bone":12},{"Potion Belt":119,"Lee\u0027s Waffle":92,"Pear":50,"Singing Bowl":23,"Golden Idol":4,"Blue Candle":64,"The Courier":111,"Omamori":23,"Bag of Preparation":32,"War Paint":16,"Ancient Tea Set":59,"Burning Blood":0,"DollysMirror":23,"Bronze Scales":26,"Strawberry":50,"Snecko Eye":90,"Philosopher\u0027s Stone":45,"Nloth\u0027s Gift":59,"Bottled Lightning":119,"Meat on the Bone":59}],"Burning Blood":126,"Meat on the Bone":84},"card_choices":[{"not_picked":["Pommel Strike","Bloodletting"],"picked":"Inflame","floor":1.0},{"not_picked":["Seeing Red","Body Slam"],"picked":"Evolve","floor":4.0},{"not_picked":["Heavy Blade","Cleave"],"picked":"Shrug It Off","floor":5.0},{"not_picked":["Cleave","Warcry"],"picked":"Shrug It Off","floor":6.0},{"not_picked":["Body Slam","Sever Soul","Warcry"],"picked":"Singing Bowl","floor":8.0},{"not_picked":["Bludgeon","Feel No Pain"],"picked":"Shrug It Off","floor":11.0},{"not_picked":["Inflame","Iron Wave","Anger"],"picked":"Singing Bowl","floor":13.0},{"not_picked":["Havoc","Clash","Berserk"],"picked":"Singing Bowl","floor":14.0},{"not_picked":["Corruption","Immolate"],"picked":"Fiend Fire","floor":16.0},{"not_picked":["True Grit","Pommel Strike"],"picked":"Armaments","floor":18.0},{"not_picked":["Perfected Strike","Heavy Blade","Iron Wave"],"picked":"Singing Bowl","floor":23},{"not_picked":["Warcry","Shrug It Off"],"picked":"Impervious","floor":24},{"not_picked":["Thunderclap","Havoc+1","Immolate"],"picked":"Singing Bowl","floor":28},{"not_picked":["Sword Boomerang","Searing Blow","Wild Strike"],"picked":"Singing Bowl","floor":29},{"not_picked":["Searing Blow","Body Slam","Sentinel"],"picked":"Singing Bowl","floor":30},{"not_picked":["Clothesline","Twin Strike"],"picked":"Spot Weakness","floor":31},{"not_picked":["Exhume","Offering"],"picked":"Impervious","floor":33},{"not_picked":["Perfected Strike","Clothesline","Sentinel"],"picked":"Singing Bowl","floor":35},{"not_picked":["Bloodletting+1","Pummel+1","Iron Wave"],"picked":"Singing Bowl","floor":38},{"not_picked":["Evolve","Blood for Blood","Anger"],"picked":"Singing Bowl","floor":39},{"not_picked":["Berserk","Exhume","Feel No Pain"],"picked":"Singing Bowl","floor":40},{"not_picked":["Offering","Rupture","Inflame"],"picked":"Singing Bowl","floor":42}],"player_experience":463947,"relics_obtained":[{"floor":6.0,"key":"War Paint"},{"floor":8.0,"key":"Singing Bowl"},{"floor":9.0,"key":"Omamori"},{"floor":11.0,"key":"Bronze Scales"},{"floor":13.0,"key":"Bag of Preparation"},{"floor":22,"key":"Pear"},{"floor":24,"key":"Ancient Tea Set"},{"floor":26,"key":"Meat on the Bone"},{"floor":28,"key":"Blue Candle"},{"floor":40,"key":"The Courier"},{"floor":42,"key":"Potion Belt"},{"floor":43,"key":"Bottled Lightning"}],"event_choices":[{"damage_healed":0.0,"max_hp_gain":0.0,"max_hp_loss":0.0,"gold_gain":0.0,"event_name":"Golden Idol","player_choice":"Take Wound","floor":2.0,"gold_loss":0.0,"damage_taken":0.0,"relics_obtained":["Golden Idol"],"cards_obtained":["Injury"]},{"damage_healed":16,"gold_gain":0,"player_choice":"Heal","damage_taken":0,"max_hp_gain":0,"max_hp_loss":0,"event_name":"The Library","floor":20,"gold_loss":0},{"damage_healed":0,"gold_gain":0,"player_choice":"Obtained Relic","damage_taken":0,"relics_obtained":["Strawberry"],"max_hp_gain":0,"max_hp_loss":0,"event_name":"Addict","floor":21,"gold_loss":85},{"damage_healed":0,"gold_gain":0,"player_choice":"Traded Relic","damage_taken":0,"relics_obtained":["Nloth\u0027s Gift"],"max_hp_gain":0,"max_hp_loss":0,"event_name":"N\u0027loth","floor":27,"relics_lost":["Ancient Tea Set"],"gold_loss":0},{"cards_removed":["Strike_R"],"damage_healed":0,"gold_gain":0,"player_choice":"Removed Attack","damage_taken":0,"max_hp_gain":0,"max_hp_loss":0,"event_name":"Falling","floor":36,"gold_loss":0},{"damage_healed":0,"gold_gain":333,"player_choice":"Gave Idol","damage_taken":0,"max_hp_gain":0,"max_hp_loss":0,"event_name":"The Moai Head","floor":44,"relics_lost":["Golden Idol"],"gold_loss":0}],"is_beta":false,"boss_relics":[{"not_picked":["Runic Pyramid","Busted Crown"],"picked":"Philosopher\u0027s Stone"},{"not_picked":["Velvet Choker","Tiny House"],"picked":"Snecko Eye"}],"items_purged_floors":[3],"is_endless":false,"potions_floor_spawned":[5,8,13,16,23,28,29,33,35,40,42],"killed_by":"Giant Head","ascension_level":18}}