{"host":"xmrw7jl1ir2912vf","time":1611636947,"event":{"mods":["BaseMod","Minty Spire (QoL Compilation)","Relic Stats"],"gold_per_floor":[116,116,135,60,71,71,98,98,98,98,116,116,145,162,162,162,162],"floor_reached":16,"language":"ENG","playtime":615,"items_purged":["Defend_R"],"score":215,"play_id":"9fa76ff5-3622-40f2-a637-95d3616e23d8","local_time":"20210125235547","is_ascension_mode":true,"campfire_choices":[{"data":"Hemokinesis","floor":6,"key":"SMITH"},{"data":"Inflame","floor":8,"key":"SMITH"},{"data":"Iron Wave","floor":12,"key":"SMITH"},{"data":"Cleave","floor":15,"key":"SMITH"}],"circlet_count":0,"master_deck":["AscendersBane","Strike_R","Strike_R","Strike_R","Strike_R","Defend_R","Defend_R","Defend_R","Bash","Inflame+1","Hemokinesis+1","Ghostly Armor","Iron Wave+1","Pain","Cleave+1","Twin Strike","Pommel Strike"],"relics":["Burning Blood","Du-Vu Doll","Darkstone Periapt","Ornamental Fan","WarpedTongs","Blood Vial"],"acts_visited":["Exordium"],"potions_floor_usage":[],"damage_taken":[{"damage":3,"enemies":"2 Louse","floor":1,"turns":3},{"damage":1,"enemies":"Cultist","floor":3,"turns":3},{"damage":2,"enemies":"Small Slimes","floor":5,"turns":2},{"damage":9,"enemies":"3 Sentries","floor":7,"turns":8},{"damage":16,"enemies":"Exordium Thugs","floor":11,"turns":5},{"damage":9,"enemies":"Gremlin Nob","floor":13,"turns":3},{"damage":9,"enemies":"Red Slaver","floor":14,"turns":3},{"damage":56,"enemies":"Slime Boss","floor":16,"turns":6}],"seed_played":"8925894446310720305","potions_obtained":[{"floor":1,"key":"CultistPotion"},{"floor":3,"key":"Strength Potion"}],"is_trial":false,"path_per_floor":["M","?","M","$","M","R","E","R","T","?","M","R","E","M","R","B"],"character_chosen":"IRONCLAD","items_purchased":[],"campfire_rested":0,"item_purchase_floors":[],"current_hp_per_floor":[53,53,58,58,62,62,59,59,59,65,55,55,52,51,51,0,0],"gold":162,"neow_bonus":"ONE_RARE_RELIC","is_daily":false,"chose_seed":false,"campfire_upgraded":4,"win_rate":0.0,"timestamp":1611636947,"path_taken":["M","?","?","?","M","R","E","R","T","?","M","R","E","M","R","BOSS"],"items_purchased_type":[],"build_version":"2020-12-22","purchased_purges":1,"victory":false,"max_hp_per_floor":[75,75,75,75,75,75,75,75,75,81,81,81,81,81,81,81,81],"relic_stats":{"Darkstone Periapt":6,"Blood Vial":4,"counters":[8,33],"Ornamental Fan":[24],"obtain_stats":[{"Du-Vu Doll":0,"Darkstone Periapt":7,"Blood Vial":13,"Ornamental Fan":9,"Burning Blood":0,"WarpedTongs":10},{"Du-Vu Doll":0,"Darkstone Periapt":4,"Blood Vial":6,"Ornamental Fan":4,"Burning Blood":0,"WarpedTongs":4},{"Du-Vu Doll":0,"Darkstone Periapt":16,"Blood Vial":24,"Ornamental Fan":16,"Burning Blood":0,"WarpedTongs":16}],"Burning Blood":42,"WarpedTongs":[16]},"card_choices":[{"not_picked":["Body Slam","Metallicize"],"picked":"Inflame","floor":1},{"not_picked":["Headbutt","Carnage"],"picked":"Hemokinesis","floor":3},{"not_picked":["Warcry","Clash"],"picked":"Ghostly Armor","floor":5},{"not_picked":["Combust","Perfected Strike"],"picked":"Iron Wave","floor":7},{"not_picked":["Flex","Wild Strike"],"picked":"Cleave","floor":11},{"not_picked":["Iron Wave","True Grit"],"picked":"Twin Strike","floor":13},{"not_picked":["Ghostly Armor","Headbutt"],"picked":"Pommel Strike","floor":14}],"player_experience":472511,"relics_obtained":[{"floor":7,"key":"Darkstone Periapt"},{"floor":9,"key":"Ornamental Fan"},{"floor":13,"key":"Blood Vial"}],"event_choices":[{"cards_removed":["Strike_R"],"damage_healed":0,"gold_gain":0,"player_choice":"Purged","damage_taken":0,"max_hp_gain":0,"max_hp_loss":0,"event_name":"Purifier","floor":2,"gold_loss":0},{"damage_healed":0,"gold_gain":0,"player_choice":"Rummage","damage_taken":0,"relics_obtained":["WarpedTongs"],"max_hp_gain":0,"max_hp_loss":0,"event_name":"Accursed Blacksmith","floor":10,"gold_loss":0,"cards_obtained":["Pain"]}],"is_beta":false,"boss_relics":[],"items_purged_floors":[4],"is_endless":false,"potions_floor_spawned":[1,3,7],"killed_by":"Slime Boss","ascension_level":19}}