{"host":"hszimsrtxxc2k25w","time":1611700996,"event":{"mods":["AchievementEnabler","BaseMod","Colored Map","DeckTracker","Minty Spire (QoL Compilation)","Rare Cards Sparkle","SuperFastMode"],"gold_per_floor":[366,366,366,122,122,122,102,118,118,118,141,141,141],"floor_reached":12,"language":"KOR","playtime":207,"items_purged":["Strike_G"],"score":129,"play_id":"1d210815-43e2-4c68-942d-1dc9e95eae39","local_time":"20210127074316","is_ascension_mode":true,"campfire_choices":[{"data":"Tactician","floor":6,"key":"SMITH"},{"data":"Deadly Poison","floor":10,"key":"SMITH"}],"circlet_count":0,"master_deck":["AscendersBane","Strike_G","Strike_G","Strike_G","Strike_G","Defend_G","Defend_G","Defend_G","Defend_G","Defend_G","Survivor","Neutralize","Dagger Spray","Reflex","Tactician+1","Deadly Poison+1","Footwork"],"relics":["Ring of the Snake","Happy Flower","Orrery","Golden Idol","HornCleat"],"acts_visited":["Exordium"],"potions_floor_usage":[12,12,12],"damage_taken":[{"damage":7,"enemies":"2 Louse","floor":1,"turns":4},{"damage":0,"enemies":"Jaw Worm","floor":8,"turns":5},{"damage":4,"enemies":"Cultist","floor":11,"turns":4},{"damage":23,"enemies":"Gremlin Nob","floor":12,"turns":3}],"seed_played":"-2513398388371567836","potions_obtained":[{"floor":1,"key":"EntropicBrew"},{"floor":7,"key":"LiquidMemories"}],"is_trial":false,"path_per_floor":["M","?","?","$","?","R","?","M","T","R","M","E"],"character_chosen":"THE_SILENT","items_purchased":["Orrery"],"campfire_rested":0,"item_purchase_floors":[4],"current_hp_per_floor":[52,57,22,22,22,22,22,22,22,22,18,0,0],"gold":141,"neow_bonus":"TWO_FIFTY_GOLD","is_daily":false,"chose_seed":false,"campfire_upgraded":2,"win_rate":0.0,"timestamp":1611700996,"path_taken":["M","?","?","$","?","R","?","M","T","R","M","E"],"items_purchased_type":["Relic"],"build_version":"2020-12-22","purchased_purges":1,"victory":false,"max_hp_per_floor":[60,65,65,65,59,59,59,59,59,59,59,59,59],"card_choices":[{"not_picked":["Concentrate","Predator"],"picked":"Dagger Spray","floor":1},{"not_picked":["Heel Hook","Setup"],"picked":"Reflex","floor":4},{"not_picked":["Underhanded Strike","PiercingWail"],"picked":"Tactician","floor":4},{"not_picked":["Blade Dance","Quick Slash"],"picked":"Deadly Poison","floor":4},{"not_picked":["Dodge and Roll","Blade Dance"],"picked":"Footwork","floor":8},{"not_picked":["Deadly Poison","Outmaneuver","Setup"],"picked":"SKIP","floor":11}],"player_experience":649521,"relics_obtained":[{"floor":9,"key":"HornCleat"}],"event_choices":[{"damage_healed":0,"gold_gain":0,"player_choice":"Donut","damage_taken":0,"max_hp_gain":5,"max_hp_loss":0,"event_name":"Big Fish","floor":2,"gold_loss":0},{"damage_healed":0,"gold_gain":0,"player_choice":"Success","damage_taken":35,"relics_obtained":["Happy Flower"],"max_hp_gain":0,"max_hp_loss":0,"event_name":"Scrap Ooze","floor":3,"gold_loss":0},{"damage_healed":0,"gold_gain":0,"player_choice":"Lose Max HP","damage_taken":0,"relics_obtained":["Golden Idol"],"max_hp_gain":0,"max_hp_loss":6,"event_name":"Golden Idol","floor":5,"gold_loss":0},{"damage_healed":0,"gold_gain":0,"player_choice":"Bought 1 Potion","damage_taken":0,"max_hp_gain":0,"max_hp_loss":0,"event_name":"The Woman in Blue","floor":7,"gold_loss":0}],"is_beta":false,"boss_relics":[],"items_purged_floors":[4],"is_endless":false,"potions_floor_spawned":[1,8,11],"killed_by":"Gremlin Nob","ascension_level":19}}