{"host":"ydg0vn0pu4pubmdt","time":1611657469,"event":{"mods":["AchievementEnabler","BaseMod","Colored Map","Gold Saver","Minty Spire (QoL Compilation)","Quick Restart","SuperFastMode"],"gold_per_floor":[793,793,564,574,317,344,360,310,392,405,405,405,416,427,427,524,524,542,542,556,431,431,431,431,466,466,485,500,515,549,566,566,666,666,679,529,544,274,290,322,334,373,457,482,494,521,533,545,557,569],"floor_reached":51,"language":"KOR","playtime":1605,"items_purged":["Strike_P","Defend_P","Defend_P","Strike_P","Defend_P"],"score":849,"play_id":"c8e9398c-16ff-41a5-bb72-aaa98b44f305","local_time":"20210126193749","is_ascension_mode":false,"campfire_choices":[{"data":"Eruption","floor":11.0,"key":"SMITH"},{"data":"CrushJoints","floor":15.0,"key":"SMITH"},{"data":"FlurryOfBlows","floor":23.0,"key":"SMITH"},{"data":"FollowUp","floor":32.0,"key":"SMITH"},{"floor":45.0,"key":"REST"},{"floor":49.0,"key":"REST"}],"circlet_count":0,"master_deck":["Strike_P","Eruption+1","Vigilance","FlurryOfBlows+1","FollowUp+1","CrushJoints+1","EmptyBody","Evaluate","Protect","Halt+1","EmptyFist+1","Evaluate","Prostrate+1","FlurryOfBlows+1"],"relics":["Sozu","Orrery","Sling","Art of War","Pear","Runic Pyramid","MutagenicStrength","Oddly Smooth Stone","Turnip","Molten Egg 2","SlaversCollar","Membership Card","MawBank","Omamori","Shuriken"],"acts_visited":["Exordium","TheCity","TheBeyond"],"potions_floor_usage":[],"damage_taken":[{"damage":0.0,"enemies":"2 Louse","floor":1.0,"turns":2.0},{"damage":0.0,"enemies":"Cultist","floor":4.0,"turns":2.0},{"damage":0.0,"enemies":"Gremlin Nob","floor":6.0,"turns":2.0},{"damage":0.0,"enemies":"Small Slimes","floor":7.0,"turns":2.0},{"damage":0.0,"enemies":"3 Louse","floor":10.0,"turns":4.0},{"damage":0.0,"enemies":"Exordium Thugs","floor":13.0,"turns":4.0},{"damage":0.0,"enemies":"Looter","floor":14.0,"turns":2.0},{"damage":32.0,"enemies":"Slime Boss","floor":16.0,"turns":12.0},{"damage":11.0,"enemies":"3 Byrds","floor":18.0,"turns":5.0},{"damage":11.0,"enemies":"Spheric Guardian","floor":20.0,"turns":4.0},{"damage":0.0,"enemies":"Gremlin Leader","floor":25.0,"turns":3.0},{"damage":0.0,"enemies":"Centurion and Healer","floor":27.0,"turns":6.0},{"damage":0.0,"enemies":"Cultist and Chosen","floor":28.0,"turns":6.0},{"damage":1.0,"enemies":"Snake Plant","floor":29.0,"turns":4.0},{"damage":9.0,"enemies":"Slavers","floor":30.0,"turns":5.0},{"damage":0.0,"enemies":"Snecko","floor":31.0,"turns":3.0},{"damage":10.0,"enemies":"Automaton","floor":33.0,"turns":9.0},{"damage":0.0,"enemies":"3 Darklings","floor":35.0,"turns":6.0},{"damage":0.0,"enemies":"3 Shapes","floor":37.0,"turns":4.0},{"damage":6.0,"enemies":"Sphere and 2 Shapes","floor":39.0,"turns":6.0},{"damage":18.0,"enemies":"Reptomancer","floor":40.0,"turns":7.0},{"damage":25.0,"enemies":"Nemesis","floor":42.0,"turns":5.0},{"damage":0.0,"enemies":"Jaw Worm Horde","floor":44.0,"turns":4.0},{"damage":29.0,"enemies":"Writhing Mass","floor":46.0,"turns":3.0},{"damage":46,"enemies":"Donu and Deca","floor":50,"turns":8}],"seed_played":"-3296021987186288248","potions_obtained":[],"is_trial":false,"path_per_floor":["M","?","$","M","$","E","M","?","T","M","R","?","M","M","R","B",null,"M","?","M","$","?","R","?","E","T","M","M","M","E","M","R","B",null,"M","$","M","$","M","E","?","E","T","M","R","M","?","?","R","B",null],"character_chosen":"WATCHER","items_purchased":["Orrery","Sling","Membership Card","Prostrate"],"campfire_rested":2,"item_purchase_floors":[3,5,38,38],"current_hp_per_floor":[72,72,72,72,72,72,72,72,82,82,82,82,82,82,82,50,82,71,71,60,60,60,60,60,60,60,60,60,59,50,50,50,40,82,82,82,82,82,76,58,58,33,33,33,57,28,28,28,51,5],"gold":581,"neow_bonus":"BOSS_RELIC","is_daily":false,"chose_seed":false,"campfire_upgraded":4,"win_rate":0.0,"timestamp":1611657469,"path_taken":["M","?","?","M","$","E","M","?","T","M","R","?","M","M","R","BOSS","M","?","M","$","?","R","?","E","T","M","M","M","E","M","R","BOSS","M","$","M","$","M","E","?","E","T","?","R","M","?","?","R","BOSS"],"items_purchased_type":["Relic","Relic","Relic","Card"],"build_version":"2020-12-22","purchased_purges":5,"victory":true,"max_hp_per_floor":[72,72,72,72,72,72,72,72,82,82,82,82,82,82,82,82,82,82,82,82,82,82,82,82,82,82,82,82,82,82,82,82,82,82,82,82,82,82,82,82,82,82,82,82,82,82,82,78,78,78],"card_choices":[{"not_picked":["ClearTheMind","BowlingBash"],"picked":"FlurryOfBlows","floor":1.0},{"not_picked":["ReachHeaven","ThirdEye"],"picked":"FollowUp","floor":3.0},{"not_picked":["Consecrate","Crescendo"],"picked":"CrushJoints","floor":3.0},{"not_picked":["Adaptation","CutThroughFate"],"picked":"EmptyBody","floor":3.0},{"not_picked":["Alpha","Swivel"],"picked":"Evaluate","floor":3.0},{"not_picked":["JustLucky","EmptyBody","Adaptation"],"picked":"SKIP","floor":4.0},{"not_picked":["TalkToTheHand","SpiritShield","CutThroughFate"],"picked":"SKIP","floor":6.0},{"not_picked":["SashWhip","Crescendo","ThirdEye"],"picked":"SKIP","floor":7.0},{"not_picked":["Conclude","ThirdEye"],"picked":"Protect","floor":10.0},{"not_picked":["Perseverance","BowlingBash","WreathOfFlame"],"picked":"SKIP","floor":13.0},{"not_picked":["Adaptation","InnerPeace","FollowUp"],"picked":"SKIP","floor":14.0},{"not_picked":["Wallop+1","Wireheading","Worship"],"picked":"SKIP","floor":18.0},{"not_picked":["MentalFortress","Consecrate+1"],"picked":"Halt+1","floor":20.0},{"not_picked":["JustLucky","Indignation","FlyingSleeves+1"],"picked":"SKIP","floor":25.0},{"not_picked":["Meditate","PathToVictory","Wish"],"picked":"SKIP","floor":27.0},{"not_picked":["Wireheading","Conclude+1"],"picked":"EmptyFist+1","floor":28.0},{"not_picked":["TalkToTheHand","Study","FollowUp"],"picked":"SKIP","floor":29.0},{"not_picked":["DeceiveReality+1","Crescendo","PathToVictory+1"],"picked":"SKIP","floor":30.0},{"not_picked":["Nirvana+1","Halt","CarveReality+1"],"picked":"SKIP","floor":31.0},{"not_picked":["Consecrate+1","WheelKick+1"],"picked":"Evaluate","floor":35.0},{"not_picked":["Protect","EmptyBody+1","Pray"],"picked":"SKIP","floor":37.0},{"not_picked":["Protect","SignatureMove+1","PathToVictory"],"picked":"SKIP","floor":39.0},{"not_picked":["Meditate+1","FlurryOfBlows+1","PathToVictory+1"],"picked":"SKIP","floor":40.0},{"not_picked":["Meditate+1","PathToVictory+1"],"picked":"FlurryOfBlows+1","floor":40.0},{"not_picked":["Protect","SpiritShield","TalkToTheHand+1"],"picked":"SKIP","floor":42.0},{"not_picked":["SashWhip+1","Nirvana+1","Halt"],"picked":"SKIP","floor":44.0},{"not_picked":["Meditate","JustLucky+1","CrushJoints+1"],"picked":"SKIP","floor":46.0}],"player_experience":595206,"relics_obtained":[{"floor":6.0,"key":"Art of War"},{"floor":9.0,"key":"Pear"},{"floor":25.0,"key":"Oddly Smooth Stone"},{"floor":26.0,"key":"Turnip"},{"floor":30.0,"key":"Molten Egg 2"},{"floor":40.0,"key":"MawBank"},{"floor":42.0,"key":"Omamori"},{"floor":43.0,"key":"Shuriken"}],"event_choices":[{"damage_healed":0.0,"max_hp_gain":0.0,"max_hp_loss":0.0,"gold_gain":0.0,"event_name":"The Woman in Blue","player_choice":"Bought 0 Potions","floor":2.0,"gold_loss":0.0,"damage_taken":0.0},{"cards_removed":["Strike_P"],"damage_healed":0.0,"max_hp_gain":0.0,"max_hp_loss":0.0,"gold_gain":0.0,"event_name":"The Cleric","player_choice":"Card Removal","floor":8.0,"gold_loss":50.0,"damage_taken":0.0},{"damage_healed":0.0,"max_hp_gain":0.0,"max_hp_loss":0.0,"gold_gain":0.0,"event_name":"Liars Game","player_choice":"Ignored","floor":12.0,"gold_loss":0.0,"damage_taken":0.0},{"damage_healed":0.0,"max_hp_gain":0.0,"max_hp_loss":0.0,"gold_gain":0.0,"event_name":"Cursed Tome","player_choice":"Ignored","floor":19.0,"gold_loss":0.0,"damage_taken":0.0},{"damage_healed":0.0,"max_hp_gain":0.0,"max_hp_loss":0.0,"gold_gain":0.0,"event_name":"Drug Dealer","player_choice":"Inject Mutagens","floor":22.0,"gold_loss":0.0,"damage_taken":0.0,"relics_obtained":["MutagenicStrength"]},{"damage_healed":0.0,"max_hp_gain":0.0,"max_hp_loss":0.0,"gold_gain":0.0,"event_name":"Ghosts","player_choice":"Ignored","floor":24.0,"gold_loss":0.0,"damage_taken":0.0},{"damage_healed":0.0,"max_hp_gain":0.0,"max_hp_loss":0.0,"gold_gain":0.0,"event_name":"Upgrade Shrine","player_choice":"Upgraded","floor":41.0,"gold_loss":0.0,"damage_taken":0.0,"cards_upgraded":["Prostrate"]},{"cards_removed":["Defend_P"],"damage_healed":0.0,"max_hp_gain":0.0,"max_hp_loss":0.0,"gold_gain":0.0,"event_name":"Falling","player_choice":"Removed Skill","floor":47.0,"gold_loss":0.0,"damage_taken":0.0},{"damage_healed":0.0,"max_hp_gain":0.0,"max_hp_loss":4.0,"gold_gain":0.0,"event_name":"Winding Halls","player_choice":"Max HP","floor":48.0,"gold_loss":0.0,"damage_taken":0.0}],"is_beta":false,"boss_relics":[{"not_picked":["Busted Crown","SacredBark"],"picked":"Runic Pyramid"},{"not_picked":["Snecko Eye","Runic Dome"],"picked":"SlaversCollar"}],"items_purged_floors":[3,5,21,36,38],"is_endless":false,"potions_floor_spawned":[4,6,14,18,28,30,31,33,35,37,39,46],"ascension_level":0}}