{"host":"kexkhla8w40hzbr7","time":1611625489,"event":{"mods":["BaseMod","Colored Map","Highlight Path","Minty Spire (QoL Compilation)","Remove Card Discount Mod"],"gold_per_floor":[119,394,408,424,58,58,78,112,112,112,142,162,176,190,190,288,288,305,305,305,139,139,139,70,82,128,128,140,160,180,192,192,293,293,303,303,353,372,225,225,68,80,153,153,153,173,173,198,198,198],"floor_reached":51,"language":"ENG","playtime":1970,"items_purged":["Regret","Strike_R","Defend_R","Strike_R","Strike_R","Strike_R","Strike_R","Defend_R","Defend_R","Defend_R","Bash","Headbutt","Writhe"],"score":764,"play_id":"f618d7b7-eed9-4ceb-a35a-771ca3ba41a0","local_time":"20210125194449","is_ascension_mode":false,"campfire_choices":[{"data":"Anger","floor":6,"key":"SMITH"},{"floor":10,"key":"REST"},{"floor":15,"key":"REST"},{"data":"Iron Wave","floor":23,"key":"SMITH"},{"floor":32,"key":"REST"},{"data":"Limit Break","floor":40,"key":"SMITH"},{"data":"Iron Wave","floor":45,"key":"SMITH"},{"floor":47,"key":"REST"},{"floor":49,"key":"REST"}],"circlet_count":0,"master_deck":["Anger+1","Spot Weakness","Iron Wave+1","Limit Break+1","Demon Form","Intimidate","Iron Wave+1","Iron Wave","Spot Weakness","Inflame+1","Demon Form+1","Intimidate+1","Anger+1"],"relics":["Burning Blood","NeowsBlessing","Prayer Wheel","Toy Ornithopter","Strawberry","Pantograph","Sozu","Frozen Egg 2","Oddly Smooth Stone","PreservedInsect","Runic Cube","Bird Faced Urn","ClockworkSouvenir","Dream Catcher","Ornamental Fan","StoneCalendar"],"acts_visited":["Exordium","TheCity","TheBeyond"],"potions_floor_usage":[8,16,16,16,33],"damage_taken":[{"damage":0,"enemies":"Small Slimes","floor":1,"turns":1},{"damage":0,"enemies":"Cultist","floor":3,"turns":1},{"damage":0,"enemies":"2 Louse","floor":4,"turns":1},{"damage":13,"enemies":"2 Fungi Beasts","floor":7,"turns":3},{"damage":30,"enemies":"Lagavulin","floor":8,"turns":6},{"damage":25,"enemies":"Gremlin Nob","floor":11,"turns":4},{"damage":19,"enemies":"Blue Slaver","floor":12,"turns":3},{"damage":26,"enemies":"Lots of Slimes","floor":13,"turns":4},{"damage":11,"enemies":"Exordium Thugs","floor":14,"turns":5},{"damage":31,"enemies":"Hexaghost","floor":16,"turns":7},{"damage":10,"enemies":"Chosen","floor":18,"turns":4},{"damage":22,"enemies":"2 Thieves","floor":25,"turns":3},{"damage":11,"enemies":"Snake Plant","floor":28,"turns":4},{"damage":6,"enemies":"Cultist and Chosen","floor":29,"turns":4},{"damage":9,"enemies":"Shelled Parasite and Fungi","floor":30,"turns":4},{"damage":7,"enemies":"3 Cultists","floor":31,"turns":4},{"damage":41,"enemies":"Collector","floor":33,"turns":5},{"damage":72,"enemies":"3 Shapes","floor":35,"turns":4},{"damage":44,"enemies":"Mind Bloom Boss Battle","floor":37,"turns":6},{"damage":25,"enemies":"3 Darklings","floor":38,"turns":4},{"damage":11,"enemies":"4 Shapes","floor":42,"turns":5},{"damage":13,"enemies":"Transient","floor":46,"turns":5},{"damage":0,"enemies":"Giant Head","floor":48,"turns":5},{"damage":88,"enemies":"Donu and Deca","floor":50,"turns":6}],"seed_played":"-1367285661136817589","potions_obtained":[{"floor":1,"key":"LiquidBronze"},{"floor":3,"key":"Dexterity Potion"},{"floor":12,"key":"SneckoOil"},{"floor":14,"key":"Energy Potion"},{"floor":16,"key":"EntropicBrew"}],"is_trial":false,"path_per_floor":["M","?","M","M","$","R","M","E","T","R","E","M","M","M","R","B",null,"M","?","?","$","?","R","$","M","T","$","M","M","M","M","R","B",null,"M","?","?","M","$","R","$","M","T","$","R","M","R","E","R","B",null],"character_chosen":"IRONCLAD","items_purchased":["Prayer Wheel","Spot Weakness","Oddly Smooth Stone","Inflame+1","ClockworkSouvenir","Dream Catcher"],"campfire_rested":5,"item_purchase_floors":[5,5,21,24,39,41],"current_hp_per_floor":[80,80,80,80,80,80,73,49,56,82,63,50,30,25,51,62,87,83,83,66,66,66,66,66,50,50,50,45,45,42,41,68,57,92,26,49,36,21,21,21,21,20,20,20,20,15,42,52,79,14],"gold":198,"neow_bonus":"THREE_ENEMY_KILL","is_daily":false,"chose_seed":false,"campfire_upgraded":4,"win_rate":0.0,"timestamp":1611625489,"path_taken":["M","?","?","M","$","R","M","E","T","R","E","?","?","M","R","BOSS","M","?","?","$","?","R","?","?","T","$","M","M","M","M","R","BOSS","M","?","?","M","$","R","$","M","T","?","R","?","R","E","R","BOSS"],"items_purchased_type":["Relic","Card","Relic","Card","Relic","Relic"],"build_version":"2020-12-22","purchased_purges":13,"victory":true,"max_hp_per_floor":[80,80,80,80,80,80,80,80,87,87,87,87,87,87,87,87,87,87,87,92,92,92,92,92,92,92,92,92,92,92,92,92,92,92,92,92,92,92,92,92,92,92,92,92,92,92,92,92,92,92],"card_choices":[{"not_picked":["Feel No Pain","Warcry","Rupture"],"picked":"SKIP","floor":1},{"not_picked":["Perfected Strike","Burning Pact","Clothesline"],"picked":"SKIP","floor":3},{"not_picked":["Twin Strike","Clothesline"],"picked":"Anger","floor":4},{"not_picked":["Warcry","Reckless Charge"],"picked":"Iron Wave","floor":7},{"not_picked":["Battle Trance","Blood for Blood","Cleave"],"picked":"SKIP","floor":7},{"not_picked":["Shrug It Off","Combust"],"picked":"Limit Break","floor":8},{"not_picked":["Pommel Strike","Cleave"],"picked":"Demon Form","floor":11},{"not_picked":["Carnage","Dark Embrace"],"picked":"Intimidate","floor":12},{"not_picked":["Uppercut","Wild Strike","Thunderclap"],"picked":"SKIP","floor":12},{"not_picked":["Body Slam","Shockwave"],"picked":"Iron Wave","floor":13},{"not_picked":["Warcry","Armaments","Thunderclap"],"picked":"SKIP","floor":13},{"not_picked":["Heavy Blade","Twin Strike"],"picked":"Headbutt","floor":14},{"not_picked":["Shrug It Off","Sword Boomerang"],"picked":"Iron Wave","floor":14},{"not_picked":["Shockwave","Burning Pact+1","Bloodletting"],"picked":"SKIP","floor":18},{"not_picked":["Disarm","Flex","Body Slam"],"picked":"SKIP","floor":18},{"not_picked":["Warcry","Reckless Charge","Dropkick"],"picked":"SKIP","floor":25},{"not_picked":["Headbutt","Armaments","Burning Pact"],"picked":"SKIP","floor":25},{"not_picked":["Hemokinesis+1","Entrench","Flex"],"picked":"SKIP","floor":28},{"not_picked":["Cleave+1","Shrug It Off+1","Burning Pact"],"picked":"SKIP","floor":28},{"not_picked":["Sever Soul+1","Headbutt","True Grit"],"picked":"SKIP","floor":29},{"not_picked":["Sever Soul+1","Clothesline","Clash"],"picked":"SKIP","floor":29},{"not_picked":["Perfected Strike","Dual Wield","Dark Embrace+1"],"picked":"SKIP","floor":30},{"not_picked":["Sword Boomerang+1","Flex","Body Slam"],"picked":"SKIP","floor":30},{"not_picked":["Bloodletting+1","Brutality+1","Warcry+1"],"picked":"SKIP","floor":31},{"not_picked":["Metallicize+1","Twin Strike","Cleave"],"picked":"SKIP","floor":31},{"not_picked":["Barricade+1","Immolate"],"picked":"Demon Form+1","floor":33},{"not_picked":["Flame Barrier+1","Entrench+1"],"picked":"Intimidate+1","floor":35},{"not_picked":["Clash","Flex","Headbutt"],"picked":"SKIP","floor":35},{"not_picked":["Metallicize+1","Twin Strike","Dual Wield"],"picked":"SKIP","floor":38},{"not_picked":["Evolve+1","Body Slam","Clothesline+1"],"picked":"SKIP","floor":38},{"not_picked":["Flex+1","Twin Strike+1","Clash"],"picked":"SKIP","floor":42},{"not_picked":["Pommel Strike+1","Blood for Blood","Iron Wave+1"],"picked":"SKIP","floor":42},{"not_picked":["Carnage","Rupture+1","Dropkick"],"picked":"SKIP","floor":46},{"not_picked":["Rupture+1","Warcry","Flex+1"],"picked":"SKIP","floor":46},{"not_picked":["Bludgeon","True Grit"],"picked":"Anger+1","floor":48}],"player_experience":28221,"relics_obtained":[{"floor":8,"key":"Toy Ornithopter"},{"floor":9,"key":"Strawberry"},{"floor":11,"key":"Pantograph"},{"floor":26,"key":"PreservedInsect"},{"floor":37,"key":"Bird Faced Urn"},{"floor":43,"key":"Ornamental Fan"},{"floor":48,"key":"StoneCalendar"}],"event_choices":[{"damage_healed":0,"gold_gain":275,"player_choice":"Desecrate","damage_taken":0,"max_hp_gain":0,"max_hp_loss":0,"event_name":"Golden Shrine","floor":2,"gold_loss":0,"cards_obtained":["Regret"]},{"damage_healed":0,"gold_gain":0,"player_choice":"Opened","damage_taken":0,"relics_obtained":["Frozen Egg 2"],"max_hp_gain":0,"max_hp_loss":0,"event_name":"The Mausoleum","floor":19,"gold_loss":0},{"damage_healed":0,"gold_gain":0,"player_choice":"Shed Blood","damage_taken":22,"max_hp_gain":5,"max_hp_loss":0,"event_name":"Forgotten Altar","floor":20,"gold_loss":0},{"damage_healed":0,"gold_gain":0,"player_choice":"Read","damage_taken":0,"max_hp_gain":0,"max_hp_loss":0,"event_name":"The Library","floor":22,"gold_loss":0,"cards_obtained":["Spot Weakness"]},{"damage_healed":23,"gold_gain":0,"player_choice":"Writhe","damage_taken":0,"max_hp_gain":0,"max_hp_loss":0,"event_name":"Winding Halls","floor":36,"gold_loss":0,"cards_obtained":["Writhe"]},{"damage_healed":0,"gold_gain":0,"player_choice":"Fight","damage_taken":0,"max_hp_gain":0,"max_hp_loss":0,"event_name":"MindBloom","floor":37,"gold_loss":0}],"is_beta":false,"boss_relics":[{"not_picked":["Coffee Dripper","Busted Crown"],"picked":"Sozu"},{"not_picked":["Cursed Key","Empty Cage"],"picked":"Runic Cube"}],"items_purged_floors":[5,5,5,21,21,21,21,21,21,21,21,21,39],"is_endless":false,"potions_floor_spawned":[1,3,12,14,16,25,29,33,42,46,48],"ascension_level":0}}