{"host":"rl3s470f8onwqc1s","time":1611675702,"event":{"mods":["BaseMod","Gold Saver","Minty Spire (QoL Compilation)","MostiFishMod","Shop Mod","Spicy Shops","StSLib","TestMod"],"gold_per_floor":[2284,2244,2261,2277,2277,2302,2302,2335,2359,2375,2385,2419,834,834,834,910,910,928,943,954,1004,1019,1049,32,81,152,185,185,71,105,154,154,227,227,297,346,794,843,759,869,869,896,920,973,1022,1022,1039,1116,1116,1117,1141,1141,1141,1141,1258,1379],"floor_reached":57,"language":"ZHS","playtime":1912,"items_purged":["Regret","Defend_P","Defend_P","Pain","Defend_P"],"score":3949,"play_id":"7bc8e669-c12b-4591-b126-6128478e8de7","local_time":"20210126234142","is_ascension_mode":true,"campfire_choices":[{"data":"MostiFishMod:SephirahHod","floor":7.0,"key":"SMITH"},{"floor":15.0,"key":"RECALL"},{"data":"TalkToTheHand","floor":28,"key":"SMITH"},{"data":"TalkToTheHand","floor":32,"key":"SMITH"},{"data":"Omniscience","floor":41,"key":"SMITH"},{"data":"Wish","floor":46,"key":"SMITH"},{"data":"HandOfGreed","floor":49,"key":"SMITH"},{"data":"Defend_P","floor":53,"key":"SMITH"}],"circlet_count":0,"master_deck":["AscendersBane","Strike_P","Strike_P+1","Strike_P","Defend_P+1","Eruption+1","Vigilance+1","MostiFishMod:SephirahHod+1","Prostrate","Halt+1","Prostrate+1","BattleHymn","MostiFishMod:Unraveling","CutThroughFate","testmod-BackupPower","Tantrum","Adaptation","MostiFishMod:Disappear","Wallop+1","WheelKick","MostiFishMod:StarLaLaLa","Necronomicurse","TalkToTheHand+1","TalkToTheHand+1","Wish+1","Consecrate+1","HandOfGreed+1","MostiFishMod:KingOfFree","Omniscience+1","MostiFishMod:Moonprays","Pain","ClearTheMind","Prostrate","MostiFishMod:Speedup","Consecrate","Weave","Halt","ThirdEye","testmod-SelfRegulatingSystem","Madness","MostiFishMod:Dust"],"relics":["DaveBox","testmod-HarvestTotem","FeatherPendant","MostiFishMod:Hod","SynthV:TestCard","MealTicket","Juzu Bracelet","testmod-Motorcycle","Happy Flower","ClockworkSouvenir","Sundial","Blood Vial","StrikeDummy","SsserpentHead","PatriotShield","Necronomicon","Yang","testmod-Charity","testmod-HeartOfStrike","War Paint","TungstenRod","Darkstone Periapt","Gambling Chip","testmod-DeterminationOfClimber","DiscerningMonocle","Civilization","Shuriken","InkBottle","Whetstone","Bottled Flame","testmod-Antiphasic","testmod-Fortitude","Orichalcum","testmod-ConstraintPeriapt","WarpedTongs","testmod-CasingShield","Lantern","Boot","Bronze Scales","testmod-TurbochargingSystem","BirthdayGift-Tetrahedron","Cauldron","Unceasing Top"],"acts_visited":["Exordium","TheCity","TheBeyond","TheEnding"],"potions_floor_usage":[16,24,25,30,30,54,56,56],"damage_taken":[{"damage":0.0,"enemies":"2 Louse","floor":1.0,"turns":2.0},{"damage":0.0,"enemies":"Cultist","floor":3.0,"turns":1.0},{"damage":0.0,"enemies":"Jaw Worm","floor":4.0,"turns":1.0},{"damage":0.0,"enemies":"Gremlin Nob","floor":6.0,"turns":2.0},{"damage":0.0,"enemies":"3 Sentries","floor":8.0,"turns":4.0},{"damage":0.0,"enemies":"Gremlin Gang","floor":10.0,"turns":3.0},{"damage":0.0,"enemies":"3 Louse","floor":11.0,"turns":2.0},{"damage":0.0,"enemies":"Gremlin Nob","floor":12.0,"turns":2.0},{"damage":46,"enemies":"Hexaghost","floor":16,"turns":4},{"damage":0,"enemies":"Shell Parasite","floor":18,"turns":1},{"damage":0,"enemies":"Spheric Guardian","floor":19,"turns":1},{"damage":0,"enemies":"3 Cultists","floor":20,"turns":3},{"damage":0,"enemies":"Cultist and Chosen","floor":22,"turns":1},{"damage":0,"enemies":"Book of Stabbing","floor":23,"turns":1},{"damage":0,"enemies":"Gremlin Leader","floor":27,"turns":1},{"damage":0,"enemies":"Slavers","floor":30,"turns":1},{"damage":0,"enemies":"Automaton","floor":33,"turns":2},{"damage":0,"enemies":"3 Shapes","floor":35,"turns":2},{"damage":0,"enemies":"Giant Head","floor":40,"turns":1},{"damage":0,"enemies":"Reptomancer","floor":42,"turns":1},{"damage":0,"enemies":"Giant Head","floor":44,"turns":1},{"damage":0,"enemies":"Orb Walker","floor":47,"turns":1},{"damage":0,"enemies":"Mind Bloom Boss Battle","floor":48,"turns":2},{"damage":0,"enemies":"Time Eater","floor":50,"turns":2},{"damage":0,"enemies":"Donu and Deca","floor":51,"turns":1},{"damage":0,"enemies":"Shield and Spear","floor":55,"turns":1},{"damage":19,"enemies":"The Heart","floor":56,"turns":6}],"seed_played":"3346088684525465272","potions_obtained":[{"floor":2.0,"key":"DuplicationPotion"},{"floor":2.0,"key":"Swift Potion"},{"floor":11.0,"key":"SneckoOil"},{"floor":12.0,"key":"Swift Potion"},{"floor":16,"key":"Block Potion"},{"floor":22,"key":"DistilledChaos"},{"floor":25,"key":"Fruit Juice"},{"floor":25,"key":"BlessingOfTheForge"},{"floor":27,"key":"Swift Potion"},{"floor":30,"key":"Fire Potion"},{"floor":35,"key":"EssenceOfSteel"},{"floor":47,"key":"Regen Potion"}],"is_trial":false,"path_per_floor":["M","?","M","M","?","E","R","E","T","M","M","E","$","?","R","B",null,"M","M","M","?","M","E","$","?","T","E","R","$","E","?","R","B",null,"M","?","?","?","$","E","R","E","T","E","?","R","M","?","R","B","B",null,"R","$","E","B",null],"character_chosen":"WATCHER","items_purchased":["Happy Flower","testmod-SpacePotion","Weak Potion","BlessingOfTheForge","ClockworkSouvenir","testmod-BackupPower","Tantrum","Sundial","Blood Vial","StrikeDummy","Adaptation","testmod-Charity","Fruit Juice","testmod-HeartOfStrike","War Paint","TungstenRod","testmod-SpacePotion","DiscerningMonocle","Civilization","Shuriken","InkBottle","Whetstone","Bottled Flame","FairyPotion","MostiFishMod:KingOfFree","Lantern","Fruit Juice","CultistPotion","Boot","Bronze Scales","testmod-TurbochargingSystem","BirthdayGift-Tetrahedron","Cauldron","MostiFishMod:Speedup","Consecrate","Weave","Halt","ThirdEye","testmod-SelfRegulatingSystem","Madness"],"campfire_rested":0,"item_purchase_floors":[13,13,13,13,13,13,13,13,13,13,13,24,24,24,24,24,29,39,39,39,39,39,39,39,39,54,54,54,54,54,54,54,54,54,54,54,54,54,54,54],"current_hp_per_floor":[129,129,129,129,129,129,129,129,129,129,129,129,136,136,136,90,136,136,136,136,115,119,123,146,158,160,162,162,164,166,168,168,170,170,182,184,188,181,202,218,218,230,232,252,266,266,278,302,302,322,350,350,350,360,386,430],"gold":1379,"neow_bonus":"BOSS_RELIC","is_daily":false,"chose_seed":false,"campfire_upgraded":7,"win_rate":0.0,"timestamp":1611675702,"path_taken":["M","?","?","?","?","E","R","E","T","M","M","E","$","?","R","BOSS","M","M","M","?","M","E","$","?","T","E","R","?","E","?","R","BOSS","M","?","?","?","$","E","R","E","T","E","?","R","M","?","R","BOSS","BOSS","R","$","E","BOSS"],"items_purchased_type":["Relic","Potion","Potion","Potion","Relic","Card","Card","Relic","Relic","Relic","Card","Relic","Potion","Relic","Relic","Relic","Potion","Relic","Relic","Relic","Relic","Relic","Relic","Potion","Card","Relic","Potion","Potion","Relic","Relic","Relic","Relic","Relic","Card","Card","Card","Card","Card","Card","Card"],"build_version":"2020-12-22","purchased_purges":5,"victory":true,"max_hp_per_floor":[136,136,136,136,136,136,136,136,136,136,136,136,136,136,136,136,136,136,136,136,136,136,136,146,158,160,162,162,164,166,168,168,170,170,182,184,188,190,202,218,218,230,232,252,266,266,278,302,302,322,350,350,350,360,386,430],"card_choices":[{"not_picked":["CrushJoints","Sanctity"],"picked":"Prostrate","floor":1.0},{"not_picked":["JustLucky","ThirdEye","SashWhip","WindmillStrike"],"picked":"Halt","floor":3.0},{"not_picked":["ThirdEye","PathToVictory","JustLucky","Protect"],"picked":"Prostrate","floor":4.0},{"not_picked":["ClearTheMind","Pray","Crescendo","JustLucky","Evaluate"],"picked":"SKIP","floor":6.0},{"not_picked":["ThirdEye","SashWhip","Crescendo","InnerPeace"],"picked":"BattleHymn","floor":8.0},{"not_picked":["Swivel","CarveReality","Prostrate","Collect"],"picked":"MostiFishMod:Unraveling","floor":10.0},{"not_picked":["Prostrate","EmptyBody","Protect","Evaluate"],"picked":"CutThroughFate","floor":11.0},{"not_picked":["WindmillStrike","BattleHymn","Fasting2","Meditate","SashWhip"],"picked":"SKIP","floor":12.0},{"not_picked":["MostiFishMod:DisColor","DeusExMachina","Judgement","MostiFishMod:ScryFuture"],"picked":"MostiFishMod:Disappear","floor":16},{"not_picked":["ClearTheMind","WaveOfTheHand","MostiFishMod:LegendTransform","Weave"],"picked":"Wallop+1","floor":18},{"not_picked":["SashWhip","FlyingSleeves","ClearTheMind","Crescendo+1"],"picked":"WheelKick","floor":19},{"not_picked":["JustLucky","ThirdEye","MentalFortress+1","MostiFishMod:FlowState"],"picked":"MostiFishMod:StarLaLaLa","floor":20},{"not_picked":["Worship","Nirvana","MostiFishMod:Clarity","ThirdEye","Pray"],"picked":"SKIP","floor":22},{"not_picked":["FollowUp","ForeignInfluence+1","Protect","PathToVictory","Perseverance"],"picked":"SKIP","floor":23},{"not_picked":["BattleHymn","FollowUp","MostiFishMod:PathToVictory","SandsOfTime+1"],"picked":"TalkToTheHand","floor":27},{"not_picked":["BowlingBash","MasterReality","JustLucky","PathToVictory"],"picked":"TalkToTheHand","floor":30},{"not_picked":["MostiFishMod:DisColor","Blasphemy","MostiFishMod:Unraveling","MostiFishMod:Moonprays"],"picked":"Wish","floor":33},{"not_picked":["Adaptation","SashWhip","MostiFishMod:Nomercy","EmptyMind+1"],"picked":"Consecrate+1","floor":35},{"not_picked":["testmod-Illusory","Mayhem","MostiFishMod:ElfcollectionBox","testmod-CardIndex"],"picked":"HandOfGreed","floor":38},{"not_picked":["CrushJoints+1","MostiFishMod:FlowState","FollowUp+1","BowlingBash"],"picked":"Omniscience","floor":40},{"not_picked":["EmptyFist","WaveOfTheHand","FearNoEvil","MostiFishMod:Adaptation"],"picked":"MostiFishMod:Moonprays","floor":42},{"not_picked":["EmptyFist+1","Protect","Conclude","MostiFishMod:FlowState","Sanctity"],"picked":"SKIP","floor":44},{"not_picked":["EmptyFist","SashWhip+1","ThirdEye","Crescendo","ClearTheMind"],"picked":"SKIP","floor":47},{"not_picked":["EmptyFist","SashWhip+1","ThirdEye","Crescendo"],"picked":"ClearTheMind","floor":47},{"not_picked":["Consecrate","CutThroughFate+1","ClearTheMind+1","Swivel"],"picked":"Prostrate","floor":48},{"not_picked":["MostiFishMod:PathToVictory","BowlingBash","InnerPeace","SashWhip"],"picked":"MostiFishMod:Dust","floor":55}],"player_experience":1337763,"relics_obtained":[{"floor":1.0,"key":"SynthV:TestCard"},{"floor":6.0,"key":"MealTicket"},{"floor":8.0,"key":"Juzu Bracelet"},{"floor":12.0,"key":"testmod-Motorcycle"},{"floor":21,"key":"Necronomicon"},{"floor":23,"key":"Yang"},{"floor":26,"key":"Darkstone Periapt"},{"floor":30,"key":"Gambling Chip"},{"floor":40,"key":"testmod-Antiphasic"},{"floor":42,"key":"testmod-Fortitude"},{"floor":43,"key":"Orichalcum"},{"floor":44,"key":"testmod-ConstraintPeriapt"},{"floor":48,"key":"testmod-CasingShield"},{"floor":55,"key":"Unceasing Top"}],"event_choices":[{"damage_healed":0.0,"max_hp_gain":0.0,"max_hp_loss":0.0,"gold_gain":0.0,"event_name":"The Woman in Blue","player_choice":"Bought 3 Potions","floor":2.0,"gold_loss":0.0,"damage_taken":0.0},{"damage_healed":0.0,"max_hp_gain":0.0,"max_hp_loss":0.0,"gold_gain":0.0,"event_name":"Upgrade Shrine","player_choice":"Upgraded","floor":5.0,"gold_loss":0.0,"damage_taken":0.0,"cards_upgraded":["Prostrate"]},{"damage_healed":0.0,"max_hp_gain":0.0,"max_hp_loss":0.0,"gold_gain":0.0,"event_name":"FaceTrader","player_choice":"Trade","floor":14.0,"gold_loss":0.0,"damage_taken":0.0,"relics_obtained":["SsserpentHead"]},{"damage_healed":0,"gold_gain":0,"player_choice":"Obtained Book","damage_taken":21,"max_hp_gain":0,"max_hp_loss":0,"event_name":"Cursed Tome","floor":21,"gold_loss":0},{"damage_healed":0,"gold_gain":0,"player_choice":"Got Potions","damage_taken":0,"max_hp_gain":0,"max_hp_loss":0,"event_name":"Lab","floor":25,"gold_loss":0},{"damage_healed":0,"gold_gain":0,"player_choice":"Ignored","damage_taken":0,"max_hp_gain":0,"max_hp_loss":0,"event_name":"Ghosts","floor":31,"gold_loss":0},{"cards_removed":["Strike_P"],"damage_healed":0,"gold_gain":0,"player_choice":"Purged","damage_taken":0,"max_hp_gain":0,"max_hp_loss":0,"event_name":"Purifier","floor":36,"gold_loss":0},{"damage_healed":0,"gold_gain":400,"player_choice":"Sell","damage_taken":0,"max_hp_gain":0,"max_hp_loss":0,"event_name":"¶÷ÂåË¹µÄÅÌ×Ó","floor":37,"relics_lost":["testmod-TestBox"],"gold_loss":0},{"damage_healed":0,"gold_gain":0,"player_choice":"Memory 3","damage_taken":10,"max_hp_gain":0,"max_hp_loss":0,"event_name":"SensoryStone","floor":38,"gold_loss":0},{"damage_healed":0,"gold_gain":0,"player_choice":"Rummage","damage_taken":0,"relics_obtained":["WarpedTongs"],"max_hp_gain":0,"max_hp_loss":0,"event_name":"Accursed Blacksmith","floor":45,"gold_loss":0,"cards_obtained":["Pain"]},{"damage_healed":0,"gold_gain":0,"player_choice":"Fight","damage_taken":0,"max_hp_gain":0,"max_hp_loss":0,"event_name":"MindBloom","floor":48,"gold_loss":0}],"is_beta":false,"boss_relics":[{"not_picked":["GreenFoldingFan","FrostBlade"],"picked":"PatriotShield"},{"not_picked":["HaiYi:Twilight","TimeKeys"],"picked":"testmod-DeterminationOfClimber"}],"items_purged_floors":[13,13,24,39,54],"is_endless":false,"potions_floor_spawned":[4,11,12,16,22,23,27,30,35,40,44,47],"ascension_level":20}}