{"host":"kth2ngi076kd734g","time":1611641312,"event":{"mods":["BaseMod","Colored Map","Filter the Spire","Minty Spire (QoL Compilation)","Relic Stats"],"gold_per_floor":[119,136,86,99,118,118,133,164,164,164,164],"floor_reached":10,"language":"ENG","playtime":429,"items_purged":[],"score":88,"play_id":"be487858-e42d-42b9-bb15-be690f12b901","local_time":"20210126070832","is_ascension_mode":true,"campfire_choices":[{"data":"Berserk","floor":6,"key":"SMITH"}],"circlet_count":0,"master_deck":["Strike_R","Strike_R","Strike_R","Strike_R","Strike_R","Defend_R","Defend_R","Defend_R","Bash","CurseOfTheBell","Shockwave","Cleave","Berserk+1","Fire Breathing","True Grit","Battle Trance"],"relics":["Calling Bell","Toy Ornithopter","Ornamental Fan","Turnip","Bag of Marbles","Pocketwatch"],"acts_visited":["Exordium"],"potions_floor_usage":[5],"damage_taken":[{"damage":10,"enemies":"Small Slimes","floor":1,"turns":4},{"damage":20,"enemies":"Jaw Worm","floor":2,"turns":8},{"damage":0,"enemies":"Cultist","floor":4,"turns":3},{"damage":0,"enemies":"2 Fungi Beasts","floor":5,"turns":3},{"damage":9,"enemies":"Looter","floor":7,"turns":3},{"damage":38,"enemies":"Lagavulin","floor":8,"turns":8},{"damage":24,"enemies":"Gremlin Nob","floor":10,"turns":2}],"seed_played":"8514743856483453776","potions_obtained":[{"floor":2,"key":"Energy Potion"}],"is_trial":false,"path_per_floor":["M","M","?","M","M","R","M","E","T","E"],"character_chosen":"IRONCLAD","items_purchased":[],"campfire_rested":0,"item_purchase_floors":[],"current_hp_per_floor":[70,50,50,50,55,55,46,8,8,0,0],"gold":164,"neow_bonus":"BOSS_RELIC","is_daily":false,"chose_seed":false,"campfire_upgraded":1,"win_rate":0.0,"timestamp":1611641312,"path_taken":["M","M","?","M","M","R","M","E","T","E"],"items_purchased_type":[],"build_version":"2020-12-22","purchased_purges":0,"victory":false,"max_hp_per_floor":[80,80,80,80,80,80,80,80,80,80,80],"relic_stats":{"counters":[7,31],"Ornamental Fan":[20],"Turnip":[0],"obtain_stats":[{"Calling Bell":0,"Ornamental Fan":0,"Turnip":0,"Bag of Marbles":8,"Burning Blood":0,"Toy Ornithopter":0,"Pocketwatch":9},{"Calling Bell":0,"Ornamental Fan":0,"Turnip":0,"Bag of Marbles":6,"Burning Blood":0,"Toy Ornithopter":0,"Pocketwatch":6},{"Calling Bell":0,"Ornamental Fan":0,"Turnip":0,"Bag of Marbles":29,"Burning Blood":0,"Toy Ornithopter":0,"Pocketwatch":29}],"Toy Ornithopter":5,"Pocketwatch":[3]},"card_choices":[{"not_picked":["Ghostly Armor","Clash"],"picked":"Shockwave","floor":1},{"not_picked":["Flex","Clothesline"],"picked":"Cleave","floor":2},{"not_picked":["Rage","Shrug It Off"],"picked":"Berserk","floor":4},{"not_picked":["Metallicize","Clash"],"picked":"Fire Breathing","floor":5},{"not_picked":["Heavy Blade","Intimidate"],"picked":"True Grit","floor":7},{"not_picked":["Pommel Strike","Rampage"],"picked":"Battle Trance","floor":8}],"player_experience":682175,"relics_obtained":[{"floor":0,"key":"Toy Ornithopter"},{"floor":0,"key":"Ornamental Fan"},{"floor":0,"key":"Turnip"},{"floor":8,"key":"Bag of Marbles"},{"floor":9,"key":"Pocketwatch"}],"event_choices":[{"cards_removed":["Defend_R"],"damage_healed":0,"gold_gain":0,"player_choice":"Card Removal","damage_taken":0,"max_hp_gain":0,"max_hp_loss":0,"event_name":"The Cleric","floor":3,"gold_loss":50}],"is_beta":false,"boss_relics":[],"items_purged_floors":[],"is_endless":false,"potions_floor_spawned":[2],"killed_by":"Gremlin Nob","ascension_level":5}}