{"host":"qz00uj7zienj97zj","time":1611656802,"event":{"mods":["BaseMod","Downfall","Hubris","Marisa????????","Minty Spire (QoL Compilation)","READ ME - Guardian Mod","READ ME - Snecko Mod","Remilia??????","Replay The Spire","Shop Mod","StSLib","The Animator","The Bug Knight","The Cursed","The Disciple","The Jungle","The Mystic","The Necromancer","The Servant 0.9.4"],"gold_per_floor":[99,110,129,27,27,27,27,45,45,64,76,151,161,161,173,271,271,271,285,295,495,495,495,495,495,495,495,495,495,495],"floor_reached":28,"language":"ENG","playtime":4924,"items_purged":[],"score":208,"play_id":"4f1c64f9-5c53-4329-a6d1-b5a46668c2db","local_time":"20210126022642","is_ascension_mode":false,"campfire_choices":[{"floor":1,"key":"DIG"},{"data":"Slimebound:Split","floor":6,"key":"SMITH"},{"data":"Slimebound:Gluttony","floor":18,"key":"SMITH"},{"data":"Slimebound:ForwardTackle","floor":23,"key":"SMITH"}],"circlet_count":0,"master_deck":["Slimebound:Tackle","Slimebound:Split+1","Slimebound:CorrosiveSpit","Slimebound:Gluttony+1","Slimebound:Schlurp","Slimebound:FlameTackle+1","Slimebound:LeechEnergy+1","Slimebound:LeechEnergy","Slimebound:GoopSpray","Slimebound:RollThrough","Slimebound:SplitBruiser","Slimebound:FinishingTackle","Slimebound:Repurpose","Slimebound:LeechLife","Slimebound:OozeBath","Slimebound:LeechLife","Slimebound:SlimeBarrage","Slimebound:ForwardTackle+1","Slimebound:MegaLick","Slimebound:ItLooksTasty","Slimebound:SlimeTap","Slimebound:SelfFormingGoo","Slimebound:GoopTackle+1","Slimebound:SlimeTap+1","Replay:Sluggish"],"relics":["Slimebound:AbsorbEndCombat","Blue Candle","Replay:Wax Seal","Replay:PocketPolymizer","Pandora\u0027s Box","hubris:BottledRain"],"acts_visited":["Exordium","TheCity"],"potions_floor_usage":[4,16,16,19],"damage_taken":[{"damage":7,"enemies":"Jaw Worm","floor":2,"turns":5},{"damage":1,"enemies":"Cultist","floor":3,"turns":4},{"damage":10,"enemies":"downfall:FleeingMerchant","floor":4,"turns":4},{"damage":3,"enemies":"2 Louse","floor":8,"turns":2},{"damage":16,"enemies":"Exordium Wildlife","floor":10,"turns":3},{"damage":0,"enemies":"Large Slime","floor":11,"turns":3},{"damage":8,"enemies":"2 Fungi Beasts","floor":13,"turns":3},{"damage":9,"enemies":"Blue Slaver","floor":15,"turns":3},{"damage":52,"enemies":"DF_ARCHETYPE_STREAMLINE","floor":16,"turns":9},{"damage":9,"enemies":"Chosen","floor":19,"turns":3},{"damage":16,"enemies":"Spheric Guardian","floor":20,"turns":3},{"damage":25,"enemies":"Replay:Snechameleon","floor":28,"turns":3}],"seed_played":"-1821866015244835977","potions_obtained":[{"floor":2,"key":"Block Potion"},{"floor":3,"key":"Venom Potion"},{"floor":13,"key":"Adrenaline Potion"},{"floor":15,"key":"ColorlessPotion"}],"is_trial":false,"path_per_floor":["R","M","M","$","?","R","T","M","?","M","M","?","M","T","M","B",null,"R","M","M","?","?","R","T","?","PTL","PTL","E"],"character_chosen":"SLIMEBOUND","items_purchased":["Slimebound:LeechEnergy","Slimebound:GoopSpray"],"campfire_rested":0,"item_purchase_floors":[4,4],"current_hp_per_floor":[71,67,71,65,65,65,65,64,64,52,58,58,54,54,49,19,71,71,68,52,52,52,52,52,13,13,13,0,0,0],"gold":495,"neow_bonus":"TEN_PERCENT_HP_BONUS","is_daily":false,"chose_seed":false,"campfire_upgraded":3,"win_rate":0.0,"timestamp":1611656802,"path_taken":["R","M","M","$","?","R","T","M","?","?","M","?","M","?","M","BOSS","R","M","M","?","?","R","T","?","PTL","PTL","E"],"items_purchased_type":["Card","Card"],"build_version":"2020-12-22","purchased_purges":0,"victory":false,"max_hp_per_floor":[71,71,71,71,71,71,71,71,71,71,71,71,71,71,71,71,71,71,71,71,71,71,71,71,71,71,71,71,71,71],"card_choices":[{"not_picked":["Slimebound:Replication","Slimebound:ProtectTheBoss"],"picked":"Slimebound:Gluttony","floor":2},{"not_picked":["Slimebound:SplitAcid","Slimebound:SplitBruiser"],"picked":"Slimebound:Schlurp","floor":3},{"not_picked":["Slimebound:SplitAcid","Slimebound:LivingWall"],"picked":"Slimebound:FlameTackle","floor":4},{"not_picked":["Slimebound:Prepare","Slimebound:SplitAcid"],"picked":"Slimebound:RollThrough","floor":8},{"not_picked":["Slimebound:FinishingTackle","Slimebound:RollThrough"],"picked":"Slimebound:SplitBruiser","floor":10},{"not_picked":["Slimebound:Grow","Slimebound:RollThrough"],"picked":"Slimebound:FinishingTackle","floor":11},{"not_picked":["Slimebound:ProtectTheBoss","Slimebound:RejuvenatingLick"],"picked":"Slimebound:Repurpose","floor":13},{"not_picked":["Slimebound:ItLooksTasty","Slimebound:Dissolve"],"picked":"Slimebound:LeechLife","floor":15},{"not_picked":["Slimebound:RallyTheTroops","Slimebound:PrepareCrush"],"picked":"Slimebound:OozeBath","floor":16},{"not_picked":["Slimebound:PressTheAttack","Slimebound:SplitMire"],"picked":"Slimebound:GoopTackle+1","floor":19},{"not_picked":["Slimebound:ItLooksTasty+1","Slimebound:ViciousTackle"],"picked":"Slimebound:SlimeTap+1","floor":20}],"player_experience":293903,"relics_obtained":[{"floor":1,"key":"Blue Candle"},{"floor":7,"key":"Replay:Wax Seal"},{"floor":14,"key":"Replay:PocketPolymizer"},{"floor":24,"key":"hubris:BottledRain"}],"event_choices":[],"is_beta":false,"boss_relics":[{"not_picked":["hubris:BlackHole","Painkiller Herb"],"picked":"Pandora\u0027s Box"}],"items_purged_floors":[],"is_endless":false,"potions_floor_spawned":[2,3,13,15],"killed_by":"Replay:Snechameleon","ascension_level":0}}