{"host":"i0avyit1s6jb1siw","time":1611667613,"event":{"mods":["BaseMod","DeckTracker","Dota2Spire","Highlight Path","Minty Spire (QoL Compilation)","Quick Restart","StSLib","SuperFastMode"],"gold_per_floor":[112,132,17,92,107,107,126,126,208,208,241,241,274,6,21,47,62,62,134,134,152,77,94,94,108,135,135,154,203,213,224,72,92,127,127,127,127],"floor_reached":36,"language":"ENG","playtime":914,"items_purged":["Strike_G","Defend_G"],"score":802,"play_id":"9c66cc60-506f-48d4-8828-1e647934b001","local_time":"20210126142653","is_ascension_mode":true,"campfire_choices":[{"data":"Dagger Spray","floor":6,"key":"SMITH"},{"floor":8,"key":"REST"},{"data":"After Image","floor":12,"key":"SMITH"},{"data":"Choke","floor":18,"key":"SMITH"},{"data":"Noxious Fumes","floor":27,"key":"SMITH"},{"data":"Footwork","floor":35,"key":"SMITH"}],"circlet_count":0,"master_deck":["AscendersBane","Defend_G","Defend_G","Defend_G","Survivor","Neutralize","After Image+1","Dagger Spray+1","Poisoned Stab","Footwork+1","Dagger Throw","Dash","Blur","Caltrops","Heel Hook","Choke+1","After Image","All Out Attack","Night Terror","Noxious Fumes+1","Blade Dance","Backflip","Acrobatics","Terror+1"],"relics":["Ring of the Snake","Paper Crane","Dota2Spire:MonkeyKingBar","Oddly Smooth Stone","Dota2Spire:OctarineCore","Mummified Hand","CaptainsWheel","Empty Cage","Meat on the Bone","Potion Belt"],"acts_visited":["Exordium","TheCity"],"potions_floor_usage":[11,13,34],"damage_taken":[{"damage":3,"enemies":"Cultist","floor":1,"turns":5},{"damage":0,"enemies":"Jaw Worm","floor":2,"turns":6},{"damage":10,"enemies":"Small Slimes","floor":5,"turns":4},{"damage":11,"enemies":"Exordium Wildlife","floor":7,"turns":5},{"damage":4,"enemies":"Lagavulin","floor":11,"turns":6},{"damage":0,"enemies":"3 Sentries","floor":13,"turns":8},{"damage":0,"enemies":"2 Fungi Beasts","floor":15,"turns":1},{"damage":0,"enemies":"Lagavulin","floor":16,"turns":8},{"damage":0,"enemies":"Large Slime","floor":17,"turns":4},{"damage":7,"enemies":"Hexaghost","floor":19,"turns":9},{"damage":0,"enemies":"Shell Parasite","floor":21,"turns":4},{"damage":0,"enemies":"Chosen","floor":23,"turns":5},{"damage":0,"enemies":"Centurion and Healer","floor":25,"turns":6},{"damage":30,"enemies":"Gremlin Leader","floor":26,"turns":9},{"damage":0,"enemies":"Chosen and Byrds","floor":28,"turns":5},{"damage":4,"enemies":"Snecko","floor":30,"turns":5},{"damage":0,"enemies":"3 Cultists","floor":31,"turns":4},{"damage":0,"enemies":"Cultist and Chosen","floor":33,"turns":3},{"damage":0,"enemies":"Slavers","floor":34,"turns":3},{"damage":60,"enemies":"Champ","floor":36,"turns":11}],"seed_played":"8357211262081466836","potions_obtained":[{"floor":5,"key":"FearPotion"},{"floor":11,"key":"ColorlessPotion"},{"floor":16,"key":"Energy Potion"},{"floor":17,"key":"Block Potion"},{"floor":19,"key":"Strength Potion"}],"is_trial":false,"path_per_floor":["M","M","$","?","M","R","M","R","T","T","E","R","E","$","M","E","M","R","B",null,"M","?","M","?","M","E","R","M","T","M","M","$","M","E","R","B"],"character_chosen":"THE_SILENT","items_purchased":["Footwork","Mummified Hand","Acrobatics"],"campfire_rested":1,"item_purchase_floors":[3,14,32],"current_hp_per_floor":[41,41,41,30,20,20,9,28,28,28,24,24,24,24,24,24,24,24,17,54,54,54,54,54,54,24,24,36,36,44,44,44,44,44,44,0,0],"gold":127,"neow_bonus":"THREE_RARE_CARDS","is_daily":false,"chose_seed":false,"campfire_upgraded":5,"win_rate":0.0,"timestamp":1611667613,"path_taken":["M","M","$","?","M","R","M","R","T","T","E","R","E","$","M","E","M","R","BOSS","M","?","M","?","M","E","R","M","T","M","M","?","?","E","R","BOSS"],"items_purchased_type":["Card","Relic","Card"],"build_version":"2020-12-22","purchased_purges":2,"victory":false,"max_hp_per_floor":[66,66,66,66,66,66,66,66,66,66,66,66,66,66,66,66,66,66,66,66,66,66,66,66,66,66,66,66,66,66,66,66,66,66,66,66,66],"card_choices":[{"not_picked":["Bullet Time","Burst"],"picked":"After Image","floor":0},{"not_picked":["PiercingWail","Dodge and Roll"],"picked":"Dagger Spray","floor":1},{"not_picked":["Quick Slash","Slice"],"picked":"Poisoned Stab","floor":2},{"not_picked":["PiercingWail","Slice"],"picked":"Dagger Throw","floor":5},{"not_picked":["Well Laid Plans","Deadly Poison"],"picked":"Dash","floor":7},{"not_picked":["Footwork","Storm of Steel"],"picked":"Blur","floor":11},{"not_picked":["Underhanded Strike","Outmaneuver"],"picked":"Caltrops","floor":13},{"not_picked":["Underhanded Strike","Acrobatics","Distraction"],"picked":"SKIP","floor":15},{"not_picked":["Caltrops","Heel Hook","Dagger Spray"],"picked":"SKIP","floor":16},{"not_picked":["Caltrops","Dagger Spray"],"picked":"Heel Hook","floor":16},{"not_picked":["PiercingWail","Quick Slash"],"picked":"Choke","floor":17},{"not_picked":["Storm of Steel","Malaise"],"picked":"After Image","floor":19},{"not_picked":["Cloak And Dagger","All Out Attack","Quick Slash"],"picked":"SKIP","floor":21},{"not_picked":["Cloak And Dagger","Acrobatics","Eviscerate"],"picked":"SKIP","floor":23},{"not_picked":["Accuracy","Underhanded Strike","Acrobatics"],"picked":"SKIP","floor":25},{"not_picked":["Slice","Backflip"],"picked":"Noxious Fumes","floor":26},{"not_picked":["Deadly Poison","Deflect"],"picked":"Blade Dance","floor":28},{"not_picked":["Endless Agony","Bane"],"picked":"Backflip","floor":30},{"not_picked":["Night Terror","Cloak And Dagger","Outmaneuver"],"picked":"SKIP","floor":31},{"not_picked":["Calculated Gamble","Heel Hook"],"picked":"Terror+1","floor":33},{"not_picked":["Infinite Blades","Outmaneuver","Bane"],"picked":"SKIP","floor":34}],"player_experience":2349555,"relics_obtained":[{"floor":9,"key":"Paper Crane"},{"floor":10,"key":"Dota2Spire:MonkeyKingBar"},{"floor":11,"key":"Oddly Smooth Stone"},{"floor":13,"key":"Dota2Spire:OctarineCore"},{"floor":16,"key":"CaptainsWheel"},{"floor":26,"key":"Meat on the Bone"},{"floor":34,"key":"Potion Belt"}],"event_choices":[{"damage_healed":0,"gold_gain":75,"player_choice":"Gather Gold","damage_taken":11,"max_hp_gain":0,"max_hp_loss":0,"event_name":"World of Goop","floor":4,"gold_loss":0},{"cards_removed":["Strike_G"],"damage_healed":0,"gold_gain":0,"player_choice":"Gave Gold","damage_taken":0,"max_hp_gain":0,"max_hp_loss":0,"event_name":"Beggar","floor":22,"gold_loss":75},{"damage_healed":0,"gold_gain":0,"cards_transformed":["Strike_G","Defend_G"],"player_choice":"Became Test Subject","damage_taken":0,"max_hp_gain":0,"max_hp_loss":0,"event_name":"Drug Dealer","floor":24,"gold_loss":0,"cards_obtained":["All Out Attack","Night Terror"]}],"is_beta":false,"boss_relics":[{"not_picked":["Fusion Hammer","Pandora\u0027s Box"],"picked":"Empty Cage"}],"items_purged_floors":[3,32],"is_endless":false,"potions_floor_spawned":[5,11,16,17,19,23,30,33],"killed_by":"Champ","ascension_level":20}}