{"host":"zke3fwiit0h580fo","time":1611678323,"event":{"mods":["AchievementEnabler","BaseMod","Colored Map","Colored Powertips","Hubris","Minty Spire (QoL Compilation)","Quick Restart","Relic Stats","Replay The Spire","StSLib","SuperFastMode"],"gold_per_floor":[11,11,11,24,24,57,57,91,91,101,126,126,145,94,94,193,193,210,222,222,76,92,121,137,171,171,111,123,66,66,98,98,196,196,215,315,333,258,268,268,268,268],"floor_reached":41,"language":"ENG","playtime":1062,"items_purged":["Strike_R"],"score":653,"play_id":"83622e9d-2675-41fb-9409-d3de69eefb4d","local_time":"20210126172523","is_ascension_mode":true,"campfire_choices":[{"data":"Hemogenesis","floor":7,"key":"SMITH"},{"data":"Immolate","floor":12,"key":"SMITH"},{"data":"Spot Weakness","floor":15,"key":"SMITH"},{"data":"Double Tap","floor":30,"key":"SMITH"},{"data":"Flex","floor":32,"key":"SMITH"},{"floor":40,"key":"REST"}],"circlet_count":0,"master_deck":["Strike_R","Strike_R","Strike_R","Defend_R","Defend_R","Defend_R","Defend_R","Bash","Immolate+1","Flex","Clash","Hemogenesis+1","Replay:Undeath\u0027s Touch","Spot Weakness+1","Iron Wave","Metallicize+1","Double Tap+1","Flex+1","Dropkick","Anger","Anger+1","ReplayTheSpireMod:Trickstab+1","Sword Boomerang+1","Anger+1"],"relics":["Black Blood","hubris:Towel","Iron Hammer","Nunchaku","Lantern","Bag of Marbles","Blue Doll","Sozu","Bag of Preparation","Tiny Chest","Mirror","Garlic","Replay:Accelerometer"],"acts_visited":["Exordium","TheCity","TheBeyond"],"potions_floor_usage":[11,41],"damage_taken":[{"damage":0,"enemies":"2 Louse","floor":1,"turns":1},{"damage":0,"enemies":"Jaw Worm","floor":4,"turns":3},{"damage":33,"enemies":"Gremlin Nob","floor":6,"turns":4},{"damage":12,"enemies":"3 Sentries","floor":8,"turns":4},{"damage":0,"enemies":"Cultist","floor":10,"turns":1},{"damage":0,"enemies":"Gremlin Nob","floor":11,"turns":2},{"damage":0,"enemies":"Looter","floor":13,"turns":1},{"damage":20,"enemies":"Slime Boss","floor":16,"turns":8},{"damage":6,"enemies":"Shell Parasite","floor":18,"turns":2},{"damage":1,"enemies":"Chosen","floor":19,"turns":3},{"damage":0,"enemies":"Snecko","floor":22,"turns":2},{"damage":3,"enemies":"Slavers","floor":23,"turns":2},{"damage":0,"enemies":"Cultist and Chosen","floor":24,"turns":2},{"damage":0,"enemies":"Gremlin Leader","floor":25,"turns":1},{"damage":10,"enemies":"Centurion and Healer","floor":28,"turns":3},{"damage":0,"enemies":"Slavers","floor":31,"turns":1},{"damage":34,"enemies":"Pondfish","floor":33,"turns":5},{"damage":0,"enemies":"Orb Walker","floor":35,"turns":2},{"damage":70,"enemies":"3 Shapes","floor":37,"turns":3},{"damage":16,"enemies":"Sphere and 2 Shapes","floor":39,"turns":4},{"damage":74,"enemies":"Giant Head","floor":41,"turns":7}],"seed_played":"-8286041682562739750","potions_obtained":[{"floor":4,"key":"Ancient Potion"},{"floor":6,"key":"Energy Potion"},{"floor":8,"key":"DistilledChaos"},{"floor":16,"key":"Weak Potion"}],"is_trial":false,"path_per_floor":["M","?","T","M","?","E","R","E","T","M","E","R","M","$","R","B",null,"M","M","?","$","M","E","M","E","T","?","M","$","R","E","R","B",null,"M","?","M","$","M","R","E"],"character_chosen":"IRONCLAD","items_purchased":["Metallicize+1","Bag of Preparation","ReplayTheSpireMod:Trickstab+1"],"campfire_rested":1,"item_purchase_floors":[14,21,29],"current_hp_per_floor":[80,80,80,80,80,53,53,47,47,53,67,67,73,73,73,66,80,80,80,80,80,80,80,80,80,80,80,76,76,76,80,80,52,80,80,80,22,22,26,50,0,0],"gold":268,"neow_bonus":"THREE_RARE_CARDS","is_daily":false,"chose_seed":false,"campfire_upgraded":5,"win_rate":0.0,"timestamp":1611678323,"path_taken":["M","?","?","?","?","E","R","E","T","M","E","R","M","$","R","BOSS","M","M","?","$","?","E","M","E","T","?","M","$","R","E","R","BOSS","M","?","M","$","M","R","E"],"items_purchased_type":["Card","Relic","Card"],"build_version":"2020-12-22","purchased_purges":1,"victory":false,"max_hp_per_floor":[80,80,80,80,80,80,80,80,80,80,80,80,80,80,80,80,80,80,80,80,80,80,80,80,80,80,80,80,80,80,80,80,80,80,80,80,80,80,80,80,80,80],"relic_stats":{"Sozu":5,"Nunchaku":[14],"counters":[21,61],"Black Blood":86,"Tiny Chest":0,"Bag of Preparation":[22],"obtain_stats":[{"Replay:Accelerometer":31,"Lantern":8,"Black Blood":34,"Blue Doll":11,"Bag of Preparation":21,"hubris:Towel":2,"Burning Blood":0,"Sozu":17,"Nunchaku":6,"Tiny Chest":23,"Iron Hammer":3,"Bag of Marbles":9,"Garlic":26,"Mirror":25},{"Replay:Accelerometer":16,"Lantern":4,"Black Blood":17,"Blue Doll":6,"Bag of Preparation":10,"hubris:Towel":1,"Burning Blood":0,"Sozu":8,"Nunchaku":3,"Tiny Chest":12,"Iron Hammer":1,"Bag of Marbles":4,"Garlic":14,"Mirror":14},{"Replay:Accelerometer":40,"Lantern":12,"Black Blood":45,"Blue Doll":15,"Bag of Preparation":29,"hubris:Towel":1,"Burning Blood":0,"Sozu":24,"Nunchaku":8,"Tiny Chest":33,"Iron Hammer":1,"Bag of Marbles":12,"Garlic":36,"Mirror":36}]},"card_choices":[{"not_picked":["Fiend Fire","Bludgeon"],"picked":"Immolate","floor":0},{"not_picked":["Pommel Strike","Iron Wave"],"picked":"Flex","floor":1},{"not_picked":["Run Through","Pommel Strike"],"picked":"Clash","floor":4},{"not_picked":["Sword Boomerang","Perfected Strike"],"picked":"Hemogenesis","floor":6},{"not_picked":["Run Through","Body Slam"],"picked":"Replay:Undeath\u0027s Touch","floor":8},{"not_picked":["hubris:SharpeningStone","Run Through","Thunderclap"],"picked":"SKIP","floor":10},{"not_picked":["Whirlwind","Berserk"],"picked":"Spot Weakness","floor":11},{"not_picked":["Body Slam","Entrench"],"picked":"Iron Wave","floor":13},{"not_picked":["Immolate","Brutality"],"picked":"Double Tap","floor":16},{"not_picked":["Iron Wave","Heavy Blade"],"picked":"Flex","floor":18},{"not_picked":["Infernal Blade","hubris:SharpeningStone"],"picked":"Dropkick","floor":19},{"not_picked":["Flex","Pommel Strike"],"picked":"Anger","floor":22},{"not_picked":["Pommel Strike","Intimidate+1","Abandon"],"picked":"SKIP","floor":23},{"not_picked":["Warcry","ReplayTheSpireMod:Strike From Hell"],"picked":"Anger+1","floor":24},{"not_picked":["Whirlwind","ReplayTheSpireMod:LeadingStrike","Brutality"],"picked":"SKIP","floor":25},{"not_picked":["Rupture","Perfected Strike","Run Through+1"],"picked":"SKIP","floor":28},{"not_picked":["Anger","True Grit"],"picked":"Sword Boomerang+1","floor":31},{"not_picked":["Wild Strike","Clothesline+1"],"picked":"Anger+1","floor":35},{"not_picked":["Sentinel+1","Havoc+1","Feel No Pain+1"],"picked":"SKIP","floor":37},{"not_picked":["Anger+1","Run Through","Heavy Blade"],"picked":"SKIP","floor":39}],"player_experience":55615,"relics_obtained":[{"floor":3,"key":"Iron Hammer"},{"floor":6,"key":"Nunchaku"},{"floor":8,"key":"Lantern"},{"floor":9,"key":"Bag of Marbles"},{"floor":11,"key":"Blue Doll"},{"floor":23,"key":"Tiny Chest"},{"floor":25,"key":"Mirror"},{"floor":26,"key":"Garlic"},{"floor":31,"key":"Replay:Accelerometer"}],"event_choices":[{"cards_removed":["Strike_R"],"damage_healed":0,"gold_gain":0,"player_choice":"Forget","damage_taken":0,"max_hp_gain":0,"max_hp_loss":0,"event_name":"Living Wall","floor":5,"gold_loss":0},{"damage_healed":0,"gold_gain":0,"player_choice":"Ignored","damage_taken":0,"max_hp_gain":0,"max_hp_loss":0,"event_name":"N\u0027loth","floor":20,"gold_loss":0},{"damage_healed":0,"gold_gain":100,"player_choice":"Pray","damage_taken":0,"max_hp_gain":0,"max_hp_loss":0,"event_name":"Golden Shrine","floor":36,"gold_loss":0}],"is_beta":false,"boss_relics":[{"not_picked":["Velvet Choker","hubris:GrandSneckoEye"],"picked":"Sozu"},{"not_picked":["Tiny House","Coffee Dripper"],"picked":"Black Blood"}],"items_purged_floors":[38],"is_endless":false,"potions_floor_spawned":[4,6,8,16,18,19,24,33,39],"killed_by":"Giant Head","ascension_level":4}}