{"host":"r4aerl4ckfvw1dw3","time":1611647814,"event":{"mods":["BaseMod","BetterRewards","Minty Spire (QoL Compilation)","Quick Restart","StSLib"],"gold_per_floor":[115,132,132,207,34,59,59,59,129,140,174,174,201,201,201,306,306,325,425,435,445,63,63,98,98,98,115,148,161,173,187,187,285,285,302,302,302,320,320,320,320,320],"floor_reached":41,"language":"ENG","playtime":1617,"items_purged":["Regret"],"score":498,"play_id":"9401c36c-324c-4ed8-ad61-5ecfc3c5b1e3","local_time":"20210125235654","is_ascension_mode":true,"campfire_choices":[{"floor":7,"key":"RECALL"},{"data":"Noxious Fumes","floor":12,"key":"SMITH"},{"floor":15,"key":"REST"},{"floor":23,"key":"REST"},{"floor":25,"key":"REST"},{"floor":32,"key":"REST"},{"data":"Distraction","floor":40,"key":"SMITH"}],"circlet_count":0,"master_deck":["Strike_G","Strike_G","Strike_G","Strike_G","Strike_G","Defend_G","Defend_G","Defend_G","Defend_G","Defend_G","Survivor","Neutralize","Footwork+1","Flying Knee","Poisoned Stab","Bouncing Flask","Distraction+1","Noxious Fumes+1","Cloak And Dagger","Corpse Explosion","PiercingWail+1","Finisher","Cloak And Dagger+1","Footwork","Dagger Spray+1","Poisoned Stab","Quick Slash+1","Accuracy","Catalyst","After Image","Bullet Time","Heel Hook+1","Tactician+1"],"relics":["Ring of the Serpent","NeowsBlessing","Orichalcum","Pen Nib","Sundial","Bird Faced Urn","HornCleat","WristBlade","PreservedInsect","Oddly Smooth Stone","Dream Catcher","Matryoshka"],"acts_visited":["Exordium","TheCity","TheBeyond"],"potions_floor_usage":[18,28,29,33],"damage_taken":[{"damage":0,"enemies":"Cultist","floor":1,"turns":1},{"damage":0,"enemies":"Jaw Worm","floor":2,"turns":1},{"damage":0,"enemies":"Lagavulin","floor":6,"turns":1},{"damage":4,"enemies":"Small Slimes","floor":10,"turns":4},{"damage":8,"enemies":"3 Sentries","floor":11,"turns":10},{"damage":18,"enemies":"Gremlin Nob","floor":13,"turns":5},{"damage":9,"enemies":"Hexaghost","floor":16,"turns":9},{"damage":11,"enemies":"2 Thieves","floor":18,"turns":2},{"damage":16,"enemies":"Spheric Guardian","floor":20,"turns":6},{"damage":12,"enemies":"Snecko","floor":21,"turns":5},{"damage":56,"enemies":"Gremlin Leader","floor":24,"turns":5},{"damage":15,"enemies":"Snake Plant","floor":27,"turns":4},{"damage":24,"enemies":"Slavers","floor":28,"turns":3},{"damage":23,"enemies":"Shelled Parasite and Fungi","floor":29,"turns":4},{"damage":7,"enemies":"3 Cultists","floor":30,"turns":5},{"damage":15,"enemies":"Centurion and Healer","floor":31,"turns":6},{"damage":40,"enemies":"Automaton","floor":33,"turns":11},{"damage":0,"enemies":"3 Shapes","floor":35,"turns":6},{"damage":38,"enemies":"3 Darklings","floor":38,"turns":4},{"damage":100,"enemies":"Giant Head","floor":41,"turns":9}],"seed_played":"7106162267632837091","potions_obtained":[{"floor":1,"key":"Poison Potion"},{"floor":6,"key":"Regen Potion"},{"floor":10,"key":"Swift Potion"},{"floor":11,"key":"Energy Potion"},{"floor":16,"key":"FairyPotion"},{"floor":24,"key":"Dexterity Potion"},{"floor":28,"key":"Fire Potion"},{"floor":30,"key":"Strength Potion"},{"floor":31,"key":"DistilledChaos"}],"is_trial":false,"path_per_floor":["M","M","?","?","$","E","R","?","T","M","E","R","E","?","R","B",null,"M","?","M","M","$","R","E","R","T","M","E","M","M","M","R","B",null,"M","?","$","M","?","R","E"],"character_chosen":"THE_SILENT","items_purchased":["Poisoned Stab","Bouncing Flask","PreservedInsect","Footwork","Oddly Smooth Stone"],"campfire_rested":4,"item_purchase_floors":[5,5,22,22,22],"current_hp_per_floor":[70,70,70,59,59,59,59,59,59,55,47,47,33,33,54,49,70,59,59,47,37,37,58,8,29,29,18,10,23,22,15,36,6,70,70,70,70,34,61,61,0,0],"gold":320,"neow_bonus":"THREE_ENEMY_KILL","is_daily":false,"chose_seed":false,"campfire_upgraded":2,"win_rate":0.0,"timestamp":1611647814,"path_taken":["M","M","?","?","$","E","R","?","T","M","E","R","E","?","R","BOSS","M","?","M","M","$","R","E","R","T","M","E","M","M","M","R","BOSS","M","?","$","M","?","R","E"],"items_purchased_type":["Card","Card","Relic","Card","Relic"],"build_version":"2020-12-22","purchased_purges":1,"victory":false,"max_hp_per_floor":[70,70,70,70,70,70,70,70,70,70,70,70,70,70,70,70,70,70,70,70,70,70,70,70,70,70,70,70,70,70,70,70,70,70,70,70,70,70,61,61,61,61],"card_choices":[{"not_picked":["Prepared","Catalyst"],"picked":"Footwork","floor":1},{"not_picked":["Underhanded Strike","Predator"],"picked":"Flying Knee","floor":2},{"not_picked":["Reflex","Unload","Acrobatics"],"picked":"SKIP","floor":6},{"not_picked":["Prepared","Dagger Throw"],"picked":"Distraction","floor":10},{"not_picked":["Underhanded Strike","Sucker Punch"],"picked":"Noxious Fumes","floor":11},{"not_picked":["Prepared","Blade Dance"],"picked":"Cloak And Dagger","floor":13},{"not_picked":["Burst","Storm of Steel"],"picked":"Corpse Explosion","floor":16},{"not_picked":["Acrobatics","Sucker Punch"],"picked":"PiercingWail+1","floor":18},{"not_picked":["Dagger Throw","Sucker Punch"],"picked":"Finisher","floor":20},{"not_picked":["Heel Hook","Prepared"],"picked":"Cloak And Dagger+1","floor":21},{"not_picked":["Night Terror","Sucker Punch"],"picked":"Dagger Spray+1","floor":24},{"not_picked":["Calculated Gamble+1","Footwork"],"picked":"Poisoned Stab","floor":25},{"not_picked":["Acrobatics","Prepared","Footwork"],"picked":"SKIP","floor":27},{"not_picked":["Outmaneuver","PiercingWail+1"],"picked":"Quick Slash+1","floor":28},{"not_picked":["Underhanded Strike+1","Deflect+1"],"picked":"Accuracy","floor":29},{"not_picked":["Accuracy","Riddle With Holes"],"picked":"Catalyst","floor":30},{"not_picked":["Predator+1","Poisoned Stab"],"picked":"After Image","floor":31},{"not_picked":["Glass Knife","Die Die Die"],"picked":"Bullet Time","floor":33},{"not_picked":["Flying Knee+1","Sucker Punch"],"picked":"Heel Hook+1","floor":35},{"not_picked":["Acrobatics+1","Footwork"],"picked":"Tactician+1","floor":38}],"player_experience":410251,"relics_obtained":[{"floor":6,"key":"Pen Nib"},{"floor":9,"key":"Sundial"},{"floor":11,"key":"Bird Faced Urn"},{"floor":13,"key":"HornCleat"},{"floor":24,"key":"Dream Catcher"},{"floor":28,"key":"Matryoshka"}],"event_choices":[{"damage_healed":0,"gold_gain":0,"player_choice":"Box","damage_taken":0,"relics_obtained":["Orichalcum"],"max_hp_gain":0,"max_hp_loss":0,"event_name":"Big Fish","floor":3,"gold_loss":0,"cards_obtained":["Regret"]},{"damage_healed":0,"gold_gain":75,"player_choice":"Gather Gold","damage_taken":11,"max_hp_gain":0,"max_hp_loss":0,"event_name":"World of Goop","floor":4,"gold_loss":0},{"damage_healed":0,"gold_gain":0,"player_choice":"Grow","damage_taken":0,"max_hp_gain":0,"max_hp_loss":0,"event_name":"Living Wall","floor":8,"gold_loss":0,"cards_upgraded":["Footwork"]},{"damage_healed":0,"gold_gain":0,"player_choice":"Ignored","damage_taken":0,"max_hp_gain":0,"max_hp_loss":0,"event_name":"Liars Game","floor":14,"gold_loss":0},{"damage_healed":0,"gold_gain":100,"player_choice":"Pray","damage_taken":0,"max_hp_gain":0,"max_hp_loss":0,"event_name":"Golden Shrine","floor":19,"gold_loss":0},{"damage_healed":0,"gold_gain":0,"player_choice":"Ignored","damage_taken":0,"max_hp_gain":0,"max_hp_loss":0,"event_name":"Tomb of Lord Red Mask","floor":36,"gold_loss":0},{"damage_healed":61,"gold_gain":0,"player_choice":"Heal","damage_taken":0,"max_hp_gain":0,"max_hp_loss":9,"event_name":"The Moai Head","floor":39,"gold_loss":0}],"is_beta":false,"boss_relics":[{"not_picked":["Cursed Key","Fusion Hammer"],"picked":"WristBlade"},{"not_picked":["Pandora\u0027s Box","Runic Pyramid"],"picked":"Ring of the Serpent"}],"items_purged_floors":[5],"is_endless":false,"potions_floor_spawned":[1,6,10,11,16,24,28,30,31],"killed_by":"Giant Head","ascension_level":1}}