{"host":"z16h96csw6gsetxl","time":1611667525,"event":{"mods":["BaseMod","Minty Spire (QoL Compilation)"],"gold_per_floor":[114,114,39,57,76,76,76,101,127,139,182,212,256,283,295,402,414,440,465,115,135,60,60,60,60],"floor_reached":24,"language":"ZHS","playtime":980,"items_purged":["Defend_G","Defend_G"],"score":241,"play_id":"6ed562ad-a705-43c6-b6db-631bf1f5608c","local_time":"20210126212525","is_ascension_mode":false,"campfire_choices":[{"data":"Blade Dance","floor":6.0,"key":"SMITH"},{"floor":15.0,"key":"REST"},{"floor":23,"key":"DIG"}],"circlet_count":0,"master_deck":["Strike_G","Strike_G","Strike_G","Strike_G","Strike_G","Defend_G","Survivor","Neutralize","Finisher+1","Slice","Blade Dance+1","Blur","Unload","Blade Dance","Tactician","Terror","Eviscerate","Wraith Form v2","Backflip","Tactician","Acrobatics+1","Caltrops","Caltrops","Choke+1"],"relics":["Ring of the Snake","Mango","Smiling Mask","MawBank","Prayer Wheel","Nunchaku","HoveringKite","Shovel","Bag of Preparation"],"acts_visited":["Exordium","TheCity"],"potions_floor_usage":[16,21,24],"damage_taken":[{"damage":10.0,"enemies":"Jaw Worm","floor":1.0,"turns":4.0},{"damage":0.0,"enemies":"Cultist","floor":4.0,"turns":3.0},{"damage":0.0,"enemies":"Small Slimes","floor":5.0,"turns":2.0},{"damage":10.0,"enemies":"Lagavulin","floor":8.0,"turns":3.0},{"damage":26.0,"enemies":"3 Sentries","floor":11.0,"turns":6.0},{"damage":0.0,"enemies":"Red Slaver","floor":12.0,"turns":1.0},{"damage":0.0,"enemies":"Gremlin Nob","floor":13.0,"turns":3.0},{"damage":9.0,"enemies":"2 Fungi Beasts","floor":14.0,"turns":2.0},{"damage":20,"enemies":"Hexaghost","floor":16,"turns":4},{"damage":12,"enemies":"Shell Parasite","floor":18,"turns":2},{"damage":0,"enemies":"Spheric Guardian","floor":19,"turns":2},{"damage":7,"enemies":"Cultist and Chosen","floor":21,"turns":4},{"damage":14,"enemies":"3 Cultists","floor":24,"turns":4}],"seed_played":"7530480930242320300","potions_obtained":[{"floor":1.0,"key":"FearPotion"},{"floor":4.0,"key":"FairyPotion"},{"floor":5.0,"key":"GamblersBrew"},{"floor":13.0,"key":"Explosive Potion"},{"floor":14.0,"key":"Strength Potion"},{"floor":19,"key":"SteroidPotion"}],"is_trial":false,"path_per_floor":["M","?","$","M","M","R","$","E","T","?","E","M","E","M","R","B",null,"M","M","$","M","?","R","M"],"character_chosen":"THE_SILENT","items_purchased":["Shovel"],"campfire_rested":1,"item_purchase_floors":[20],"current_hp_per_floor":[67,67,67,67,67,67,67,57,57,57,31,31,31,22,45,25,77,65,65,65,58,58,58,44,44],"gold":60,"neow_bonus":"ONE_RARE_RELIC","is_daily":false,"chose_seed":false,"campfire_upgraded":1,"win_rate":0.0,"timestamp":1611667525,"path_taken":["M","?","$","M","?","R","$","E","T","?","E","M","E","?","R","BOSS","M","M","$","M","?","R","M"],"items_purchased_type":["Relic"],"build_version":"2020-12-22","purchased_purges":2,"victory":false,"max_hp_per_floor":[77,77,77,77,77,77,77,77,77,77,77,77,77,77,77,77,77,77,77,77,77,77,77,77,77],"card_choices":[{"not_picked":["Acrobatics","Riddle With Holes"],"picked":"Finisher","floor":1.0},{"not_picked":["Skewer","Heel Hook"],"picked":"Slice","floor":4.0},{"not_picked":["Underhanded Strike","Noxious Fumes"],"picked":"Blade Dance","floor":5.0},{"not_picked":["Reflex","Dodge and Roll"],"picked":"Blur","floor":8.0},{"not_picked":["Dagger Spray","Deadly Poison"],"picked":"Blade Dance","floor":11.0},{"not_picked":["Underhanded Strike","Flying Knee"],"picked":"Tactician","floor":12.0},{"not_picked":["Riddle With Holes","Deflect","Bane"],"picked":"SKIP","floor":12.0},{"not_picked":["Eviscerate","Heel Hook"],"picked":"Terror","floor":13.0},{"not_picked":["Outmaneuver","Terror"],"picked":"Eviscerate","floor":14.0},{"not_picked":["PiercingWail","Dagger Spray","All Out Attack"],"picked":"SKIP","floor":14.0},{"not_picked":["Malaise","Night Terror"],"picked":"Wraith Form v2","floor":16},{"not_picked":["Catalyst","Well Laid Plans+1"],"picked":"Backflip","floor":18},{"not_picked":["PiercingWail","Underhanded Strike"],"picked":"Tactician","floor":18},{"not_picked":["Outmaneuver","PiercingWail"],"picked":"Acrobatics+1","floor":19},{"not_picked":["Blade Dance","Bane+1"],"picked":"Caltrops","floor":19},{"not_picked":["Dagger Spray+1","Envenom"],"picked":"Caltrops","floor":21},{"not_picked":["Bane","Deflect+1"],"picked":"Choke+1","floor":21}],"player_experience":46441,"relics_obtained":[{"floor":8.0,"key":"Smiling Mask"},{"floor":9.0,"key":"MawBank"},{"floor":11.0,"key":"Prayer Wheel"},{"floor":13.0,"key":"Nunchaku"},{"floor":23,"key":"Bag of Preparation"}],"event_choices":[{"damage_healed":0.0,"max_hp_gain":0.0,"max_hp_loss":0.0,"gold_gain":0.0,"event_name":"Upgrade Shrine","player_choice":"Upgraded","floor":2.0,"gold_loss":0.0,"damage_taken":0.0,"cards_upgraded":["Finisher"]},{"damage_healed":0.0,"max_hp_gain":0.0,"max_hp_loss":0.0,"gold_gain":0.0,"cards_transformed":["Defend_G"],"event_name":"Transmorgrifier","player_choice":"Transformed","floor":10.0,"gold_loss":0.0,"damage_taken":0.0,"cards_obtained":["Unload"]},{"cards_removed":["Defend_G"],"damage_healed":0,"gold_gain":0,"player_choice":"Gave Gold","damage_taken":0,"max_hp_gain":0,"max_hp_loss":0,"event_name":"Beggar","floor":22,"gold_loss":75}],"is_beta":false,"boss_relics":[{"not_picked":["Velvet Choker","Cursed Key"],"picked":"HoveringKite"}],"items_purged_floors":[3,20],"is_endless":false,"potions_floor_spawned":[1,4,5,13,14,19],"killed_by":"3 Cultists","ascension_level":0}}