{"host":"58njlu7hme3ojrlz","time":1611673902,"event":{"mods":["BaseMod","Block Reminder","Colored Map","Colored Powertips","DeckTracker","Highlight Path","Minty Spire (QoL Compilation)","Relic Sorter"],"gold_per_floor":[114,114,129,129,144,144,174,189,189,210,68,68,68,68,68,168,168,183,183,183,83,98,128,3,3,3,103,202,202,217,246,246,346,346,361,583,583,633,389,419,94,94,94,94,44,44,91,106,106,106],"floor_reached":51,"language":"ENG","playtime":2819,"items_purged":["Armaments","Bloodletting","Warcry","Warcry","Cleave"],"score":758,"play_id":"325e70b3-20f5-4147-be22-2452a1bd5b5e","local_time":"20210126221142","daily_mods":["SealedDeck","Flight","Night Terrors"],"is_ascension_mode":false,"campfire_choices":[{"data":"Armaments","floor":6,"key":"SMITH"},{"data":"Shockwave","floor":15,"key":"SMITH"},{"data":"Offering","floor":25,"key":"SMITH"},{"data":"J.A.X.","floor":29,"key":"SMITH"},{"floor":32,"key":"REST"},{"data":"Flex","floor":42,"key":"SMITH"},{"data":"Madness","floor":44,"key":"SMITH"},{"data":"Seeing Red","floor":46,"key":"SMITH"},{"floor":49,"key":"REST"}],"circlet_count":0,"master_deck":["Intimidate","Disarm","Dual Wield","Armaments+1","Whirlwind+1","Flex+1","Cleave+1","Disarm+1","Seeing Red+1","Shockwave+1","Offering+1","Flex+1","J.A.X.+1","Seeing Red+1","Demon Form","Impervious","Madness+1","Heavy Blade+1","Trip","Flex+1"],"relics":["Black Blood","Mango","Ornamental Fan","Odd Mushroom","SlaversCollar","Nunchaku","Pen Nib","Incense Burner","Sundial","Red Mask","Ginger","Regal Pillow","Juzu Bracelet","Letter Opener","Torii"],"acts_visited":["Exordium","TheCity","TheBeyond"],"potions_floor_usage":[16,22,23,27,27,27,38,47,50,50],"damage_taken":[{"damage":5,"enemies":"Jaw Worm","floor":1,"turns":4},{"damage":4,"enemies":"Cultist","floor":3,"turns":3},{"damage":3,"enemies":"2 Louse","floor":5,"turns":2},{"damage":23,"enemies":"3 Sentries","floor":7,"turns":3},{"damage":14,"enemies":"Blue Slaver","floor":8,"turns":4},{"damage":3,"enemies":"The Mushroom Lair","floor":10,"turns":1},{"damage":21,"enemies":"Slime Boss","floor":16,"turns":6},{"damage":6,"enemies":"3 Byrds","floor":18,"turns":3},{"damage":24,"enemies":"Shell Parasite","floor":22,"turns":4},{"damage":21,"enemies":"Slavers","floor":23,"turns":2},{"damage":29,"enemies":"Colosseum Slavers","floor":27,"turns":2},{"damage":34,"enemies":"Colosseum Nobs","floor":27,"turns":4},{"damage":7,"enemies":"Centurion and Healer","floor":30,"turns":2},{"damage":9,"enemies":"Masked Bandits","floor":31,"turns":1},{"damage":9,"enemies":"Automaton","floor":33,"turns":2},{"damage":1,"enemies":"3 Shapes","floor":35,"turns":1},{"damage":21,"enemies":"Mind Bloom Boss Battle","floor":38,"turns":4},{"damage":21,"enemies":"Reptomancer","floor":40,"turns":4},{"damage":39,"enemies":"2 Orb Walkers","floor":47,"turns":5},{"damage":38,"enemies":"3 Darklings","floor":48,"turns":4},{"damage":61,"enemies":"Donu and Deca","floor":50,"turns":5}],"seed_played":"-4735054310349275430","potions_obtained":[{"floor":5,"key":"ColorlessPotion"},{"floor":8,"key":"SteroidPotion"},{"floor":16,"key":"EntropicBrew"},{"floor":18,"key":"ColorlessPotion"},{"floor":30,"key":"ColorlessPotion"},{"floor":31,"key":"ElixirPotion"},{"floor":33,"key":"DuplicationPotion"},{"floor":35,"key":"BlessingOfTheForge"},{"floor":38,"key":"LiquidBronze"},{"floor":48,"key":"SkillPotion"}],"is_trial":false,"path_per_floor":["M","?","M","?","M","R","E","M","T","?","$","?","?","?","R","B",null,"M","?","?","$","M","E","$","R","T","?","?","R","M","?","R","B",null,"M","?","?","?","$","E","$","R","T","R","$","R","?","M","R","B",null],"character_chosen":"IRONCLAD","items_purchased":["Shockwave","Trip","Juzu Bracelet","Strength Potion"],"campfire_rested":2,"item_purchase_floors":[11,39,41,45],"current_hp_per_floor":[80,80,80,80,80,80,77,69,69,72,72,77,77,57,57,42,99,99,99,99,99,81,66,66,66,66,15,15,15,14,11,94,91,94,94,94,94,85,85,76,76,76,76,76,76,76,49,23,89,40],"gold":106,"neow_bonus":"","is_daily":true,"chose_seed":false,"campfire_upgraded":7,"win_rate":0.0,"timestamp":1611673902,"path_taken":["M","?","?","?","M","R","E","?","T","?","$","?","?","?","R","BOSS","M","?","?","?","?","E","$","R","T","?","?","R","M","?","R","BOSS","M","?","?","?","$","E","$","R","T","R","?","R","?","M","R","BOSS"],"items_purchased_type":["Card","Card","Relic","Potion"],"build_version":"2020-12-22","purchased_purges":5,"victory":true,"max_hp_per_floor":[80,80,80,80,80,80,94,94,94,94,94,99,99,99,99,99,99,99,99,99,99,99,99,99,99,99,99,99,99,99,99,94,94,94,94,94,94,94,94,94,94,94,94,94,94,94,94,94,89,89],"card_choices":[{"not_picked":["Rupture","Anger"],"picked":"Cleave","floor":1},{"not_picked":["Rampage","Flame Barrier"],"picked":"Bloodletting","floor":3},{"not_picked":["Havoc","Warcry"],"picked":"Disarm","floor":5},{"not_picked":["Rupture","Heavy Blade"],"picked":"Seeing Red","floor":7},{"not_picked":["Flame Barrier","Twin Strike"],"picked":"Thunderclap","floor":8},{"not_picked":["Brutality","Fiend Fire"],"picked":"Offering","floor":16},{"not_picked":["Body Slam+1","Thunderclap"],"picked":"Flex+1","floor":18},{"not_picked":["Headbutt+1","Wild Strike","True Grit"],"picked":"SKIP","floor":22},{"not_picked":["Havoc","Blood for Blood","Thunderclap+1"],"picked":"SKIP","floor":23},{"not_picked":["Havoc","Blood for Blood","Thunderclap+1"],"picked":"SKIP","floor":23},{"not_picked":["Anger","Dual Wield"],"picked":"Cleave","floor":27},{"not_picked":["Armaments","Battle Trance"],"picked":"Seeing Red+1","floor":30},{"not_picked":["Thunderclap","Rampage"],"picked":"Demon Form","floor":31},{"not_picked":["Berserk","Juggernaut"],"picked":"Impervious","floor":33},{"not_picked":["True Grit","Perfected Strike","Thunderclap+1"],"picked":"SKIP","floor":35},{"not_picked":["Bandage Up","Magnetism"],"picked":"Madness","floor":37},{"not_picked":["Headbutt","Blood for Blood"],"picked":"Heavy Blade+1","floor":38},{"not_picked":["Iron Wave","Pommel Strike"],"picked":"Flex","floor":40},{"not_picked":["Dropkick","Shrug It Off","Wild Strike+1"],"picked":"SKIP","floor":48}],"player_experience":93675,"relics_obtained":[{"floor":7,"key":"Mango"},{"floor":9,"key":"Ornamental Fan"},{"floor":10,"key":"Odd Mushroom"},{"floor":23,"key":"Nunchaku"},{"floor":26,"key":"Pen Nib"},{"floor":27,"key":"Incense Burner"},{"floor":27,"key":"Sundial"},{"floor":31,"key":"Red Mask"},{"floor":38,"key":"Ginger"},{"floor":40,"key":"Regal Pillow"},{"floor":43,"key":"Letter Opener"},{"floor":47,"key":"Torii"}],"event_choices":[{"damage_healed":0,"gold_gain":0,"player_choice":"Forge","damage_taken":0,"max_hp_gain":0,"max_hp_loss":0,"event_name":"Accursed Blacksmith","floor":2,"gold_loss":0,"cards_upgraded":["Whirlwind"]},{"damage_healed":0,"gold_gain":0,"player_choice":"Upgraded","damage_taken":0,"max_hp_gain":0,"max_hp_loss":0,"event_name":"Upgrade Shrine","floor":4,"gold_loss":0,"cards_upgraded":["Flex"]},{"damage_healed":0,"gold_gain":0,"player_choice":"Fought Mushrooms","damage_taken":0,"max_hp_gain":0,"max_hp_loss":0,"event_name":"Mushrooms","floor":10,"gold_loss":0},{"damage_healed":0,"gold_gain":0,"player_choice":"Donut","damage_taken":0,"max_hp_gain":5,"max_hp_loss":0,"event_name":"Big Fish","floor":12,"gold_loss":0},{"cards_removed":["Thunderclap"],"damage_healed":0,"gold_gain":0,"player_choice":"Forget","damage_taken":0,"max_hp_gain":0,"max_hp_loss":0,"event_name":"Living Wall","floor":13,"gold_loss":0},{"damage_healed":0,"gold_gain":0,"player_choice":"Entered Light","damage_taken":20,"max_hp_gain":0,"max_hp_loss":0,"event_name":"Shining Light","floor":14,"gold_loss":0,"cards_upgraded":["Cleave","Disarm"]},{"damage_healed":0,"gold_gain":0,"player_choice":"Obtain J.A.X.","damage_taken":0,"max_hp_gain":0,"max_hp_loss":0,"event_name":"Drug Dealer","floor":19,"gold_loss":0,"cards_obtained":["J.A.X."]},{"cards_removed":["Warcry"],"damage_healed":0,"gold_gain":0,"player_choice":"Elegance","damage_taken":0,"max_hp_gain":0,"max_hp_loss":0,"event_name":"Back to Basics","floor":20,"gold_loss":0},{"damage_healed":0,"gold_gain":0,"player_choice":"Fight","damage_taken":0,"max_hp_gain":0,"max_hp_loss":0,"event_name":"Colosseum","floor":27,"gold_loss":0},{"damage_healed":0,"gold_gain":0,"player_choice":"Fought Nobs","damage_taken":0,"max_hp_gain":0,"max_hp_loss":0,"event_name":"Colosseum","floor":27,"gold_loss":0},{"damage_healed":0,"gold_gain":99,"player_choice":"Stole From Cult","damage_taken":0,"max_hp_gain":0,"max_hp_loss":0,"event_name":"Nest","floor":28,"gold_loss":0},{"damage_healed":0,"gold_gain":0,"player_choice":"Fought Bandits","damage_taken":0,"max_hp_gain":0,"max_hp_loss":0,"event_name":"Masked Bandits","floor":31,"gold_loss":0},{"damage_healed":0,"gold_gain":222,"player_choice":"Wore Mask","damage_taken":0,"max_hp_gain":0,"max_hp_loss":0,"event_name":"Tomb of Lord Red Mask","floor":36,"gold_loss":0},{"damage_healed":0,"gold_gain":0,"player_choice":"Memory 1","damage_taken":0,"max_hp_gain":0,"max_hp_loss":0,"event_name":"SensoryStone","floor":37,"gold_loss":0},{"damage_healed":0,"gold_gain":0,"player_choice":"Fight","damage_taken":0,"max_hp_gain":0,"max_hp_loss":0,"event_name":"MindBloom","floor":38,"gold_loss":0},{"damage_healed":0,"gold_gain":0,"player_choice":"Fight","damage_taken":0,"max_hp_gain":0,"max_hp_loss":0,"event_name":"Mysterious Sphere","floor":47,"gold_loss":0}],"is_beta":false,"boss_relics":[{"not_picked":["Fusion Hammer","Astrolabe"],"picked":"SlaversCollar"},{"not_picked":["Philosopher\u0027s Stone","SacredBark"],"picked":"Black Blood"}],"items_purged_floors":[11,21,24,39,41],"is_endless":false,"potions_floor_spawned":[5,8,16,18,30,31,33,35,38,48],"ascension_level":0}}