{"host":"8am31i0j9qpslrrv","time":1611631877,"event":{"mods":["BaseMod","Curses Come First","Minty Spire (QoL Compilation)","Quick Restart","Replay The Spire","StSLib"],"gold_per_floor":[111,130,130,55,55,55,74,110,110,134,147,47,47,77,77,208,208,233,233,233,233,254,297,297,322,322,355,370,370,391,414,414,414,414],"floor_reached":33,"language":"ENG","playtime":1558,"items_purged":["Strike_P","Defend_P"],"score":337,"play_id":"d1b77185-18df-4d27-bdad-be4f0e4e6cb6","local_time":"20210125223117","is_ascension_mode":false,"campfire_choices":[{"data":"Indignation","floor":6.0,"key":"SMITH"},{"data":"WheelKick","floor":15.0,"key":"SMITH"},{"data":"Tantrum","floor":24.0,"key":"SMITH"},{"data":"Replay:DivineShield","floor":32.0,"key":"SMITH"}],"circlet_count":0,"master_deck":["Strike_P","Strike_P","Defend_P","Eruption+1","Vigilance","Indignation+1","WheelKick+1","Scrawl","CurseOfTheBell","Tantrum+1","Replay:DivineShield+1"],"relics":["PureWater","Golden Idol","Replay:WaspNest","HornCleat","StrikeDummy","Oddly Smooth Stone","Gremlin Horn","Durian","Replay:Bottled Snecko","Nloth\u0027s Gift","Replay:Mystery Machine","Shuriken","Matryoshka"],"acts_visited":["Exordium","TheCity"],"potions_floor_usage":[],"damage_taken":[{"damage":0.0,"enemies":"Jaw Worm","floor":1.0,"turns":3.0},{"damage":0.0,"enemies":"Small Slimes","floor":2.0,"turns":2.0},{"damage":0.0,"enemies":"Cultist","floor":7.0,"turns":3.0},{"damage":9.0,"enemies":"3 Sentries","floor":8.0,"turns":7.0},{"damage":0.0,"enemies":"2 Fungi Beasts","floor":10.0,"turns":2.0},{"damage":6.0,"enemies":"3 Louse","floor":11.0,"turns":2.0},{"damage":0.0,"enemies":"Fading Forest","floor":16.0,"turns":11.0},{"damage":0.0,"enemies":"Spheric Guardian","floor":18.0,"turns":1.0},{"damage":1.0,"enemies":"Chosen","floor":22.0,"turns":3.0},{"damage":19.0,"enemies":"Book of Stabbing","floor":23.0,"turns":3.0},{"damage":0.0,"enemies":"Snecko","floor":25.0,"turns":2.0},{"damage":12.0,"enemies":"Replay:Snechameleon","floor":27.0,"turns":4.0},{"damage":0.0,"enemies":"3 Cultists","floor":28.0,"turns":3.0},{"damage":3.0,"enemies":"Centurion and Healer","floor":30.0,"turns":2.0},{"damage":15.0,"enemies":"Snecko","floor":31.0,"turns":4.0},{"damage":24,"enemies":"Pondfish","floor":33,"turns":1}],"seed_played":"-8808910339708768571","potions_obtained":[{"floor":1.0,"key":"Weak Potion"},{"floor":2.0,"key":"AttackPotion"},{"floor":7.0,"key":"PowerPotion"},{"floor":8.0,"key":"SteroidPotion"},{"floor":18.0,"key":"Weak Potion"},{"floor":27.0,"key":"Cursed Concoction"}],"is_trial":false,"path_per_floor":["M","M","?","$","?","R","M","E","T","M","M","$","?","?","R","B",null,"M","?","$","?","M","E","R","M","T","E","M","?","M","M","R","B"],"character_chosen":"WATCHER","items_purchased":[],"campfire_rested":0,"item_purchase_floors":[],"current_hp_per_floor":[65,65,49,49,49,49,49,40,40,40,34,34,34,34,34,44,70,70,70,70,70,69,50,50,50,50,38,38,38,35,20,20,0,0],"gold":414,"neow_bonus":"REMOVE_TWO","is_daily":false,"chose_seed":false,"campfire_upgraded":4,"win_rate":0.0,"timestamp":1611631877,"path_taken":["M","M","?","$","?","R","M","E","T","?","M","$","?","?","R","BOSS","M","?","$","?","M","E","R","?","T","E","M","?","M","M","R","BOSS"],"items_purchased_type":[],"build_version":"2020-12-22","purchased_purges":2,"victory":false,"max_hp_per_floor":[65,65,65,65,65,65,65,65,65,65,65,65,65,65,65,65,70,70,70,70,70,70,70,70,70,70,70,70,70,70,70,70,70,70],"card_choices":[{"not_picked":["Prostrate","Replay:Vibes"],"picked":"Indignation","floor":1.0},{"not_picked":["CrushJoints","Consecrate","Protect"],"picked":"SKIP","floor":2.0},{"not_picked":["Replay:BluntJabs","TalkToTheHand","JustLucky"],"picked":"SKIP","floor":7.0},{"not_picked":["Protect","SashWhip","CarveReality"],"picked":"SKIP","floor":8.0},{"not_picked":["Replay:AtTheReady","Consecrate"],"picked":"WheelKick","floor":10.0},{"not_picked":["CutThroughFate","Replay:AtTheReady","Crescendo"],"picked":"SKIP","floor":11.0},{"not_picked":["Alpha","Establishment"],"picked":"Scrawl","floor":16.0},{"not_picked":["ForeignInfluence","Swivel","Evaluate+1"],"picked":"SKIP","floor":18.0},{"not_picked":["SashWhip","SandsOfTime","Wireheading+1"],"picked":"SKIP","floor":22.0},{"not_picked":["ReachHeaven","Protect"],"picked":"Tantrum","floor":23.0},{"not_picked":["Sanctity","Halt","Consecrate"],"picked":"SKIP","floor":25.0},{"not_picked":["WindmillStrike","ReachHeaven"],"picked":"Replay:DivineShield","floor":27.0},{"not_picked":["SandsOfTime+1","Evaluate+1","Replay:Cycle"],"picked":"SKIP","floor":28.0},{"not_picked":["FlyingSleeves+1","ForeignInfluence","Wallop"],"picked":"SKIP","floor":30.0},{"not_picked":["EmptyMind","Protect","CrushJoints"],"picked":"SKIP","floor":31.0}],"player_experience":760812,"relics_obtained":[{"floor":8.0,"key":"Replay:WaspNest"},{"floor":9.0,"key":"HornCleat"},{"floor":17.0,"key":"Oddly Smooth Stone"},{"floor":17.0,"key":"Gremlin Horn"},{"floor":17.0,"key":"Durian"},{"floor":23.0,"key":"Replay:Mystery Machine"},{"floor":26.0,"key":"Shuriken"},{"floor":27.0,"key":"Matryoshka"}],"event_choices":[{"damage_healed":0.0,"max_hp_gain":0.0,"max_hp_loss":0.0,"gold_gain":0.0,"event_name":"Golden Idol","player_choice":"Take Damage","floor":3.0,"gold_loss":0.0,"damage_taken":16.0,"relics_obtained":["Golden Idol"]},{"damage_healed":0.0,"max_hp_gain":0.0,"max_hp_loss":0.0,"gold_gain":0.0,"event_name":"Upgrade Shrine","player_choice":"Upgraded","floor":5.0,"gold_loss":0.0,"damage_taken":0.0,"cards_upgraded":["Eruption"]},{"cards_removed":["Strike_P"],"damage_healed":0.0,"max_hp_gain":0.0,"max_hp_loss":0.0,"gold_gain":0.0,"event_name":"Living Wall","player_choice":"Forget","floor":13.0,"gold_loss":0.0,"damage_taken":0.0},{"damage_healed":0.0,"max_hp_gain":0.0,"max_hp_loss":0.0,"gold_gain":30.0,"event_name":"Dead Adventurer","player_choice":"Searched \u00272\u0027 times","floor":14.0,"gold_loss":0.0,"damage_taken":0.0,"relics_obtained":["StrikeDummy"]},{"damage_healed":0.0,"max_hp_gain":0.0,"max_hp_loss":0.0,"gold_gain":0.0,"event_name":"The Mausoleum","player_choice":"Opened","floor":19.0,"gold_loss":0.0,"damage_taken":0.0,"relics_obtained":["Replay:Bottled Snecko"]},{"damage_healed":0.0,"max_hp_gain":0.0,"max_hp_loss":0.0,"gold_gain":0.0,"event_name":"N\u0027loth","player_choice":"Traded Relic","floor":21.0,"relics_lost":["Calling Bell"],"gold_loss":0.0,"damage_taken":0.0,"relics_obtained":["Nloth\u0027s Gift"]},{"damage_healed":0.0,"max_hp_gain":0.0,"max_hp_loss":0.0,"gold_gain":0.0,"event_name":"Ghosts","player_choice":"Ignored","floor":29.0,"gold_loss":0.0,"damage_taken":0.0}],"is_beta":false,"boss_relics":[{"not_picked":["Cursed Key","Velvet Choker"],"picked":"Calling Bell"}],"items_purged_floors":[4,12],"is_endless":false,"potions_floor_spawned":[1,2,7,8,18,27],"killed_by":"Pondfish","ascension_level":0}}