{"host":"39i3emxub3h8uyq3","time":1611625863,"event":{"mods":["AchievementEnabler","BaseMod","Clockwork Mod","Colored Map","Downfall","Glutton Mod","Gold Saver","Minty Spire (QoL Compilation)","StSLib","TheHeartMod"],"gold_per_floor":[293,308,308,308,320,320,334,334,358,203,221,231,231,248,248,248,248],"floor_reached":16,"language":"ENG","playtime":738,"items_purged":[],"score":94,"play_id":"52f3b3e1-b1f7-46a1-8ca5-52762518dc24","local_time":"20210125205103","is_ascension_mode":false,"campfire_choices":[{"data":"Strike_R","floor":6,"key":"SMITH"},{"floor":8,"key":"REST"},{"floor":15,"key":"REST"}],"circlet_count":0,"master_deck":["Strike_R+1","Strike_R","Strike_R","Strike_R","Strike_R","Defend_R","Defend_R","Defend_R","Defend_R","Bash","Clothesline","Whirlwind","Headbutt","Shrug It Off","Iron Wave","Reckless Charge","Clothesline"],"relics":["Burning Blood","Ancient Tea Set","Potion Belt","Toolbox","Bag of Preparation"],"acts_visited":["Exordium"],"potions_floor_usage":[14],"damage_taken":[{"damage":1,"enemies":"Cultist","floor":1,"turns":3},{"damage":6,"enemies":"2 Louse","floor":2,"turns":3},{"damage":0,"enemies":"Small Slimes","floor":5,"turns":3},{"damage":21,"enemies":"Exordium Thugs","floor":7,"turns":4},{"damage":0,"enemies":"2 Fungi Beasts","floor":11,"turns":3},{"damage":16,"enemies":"Large Slime","floor":12,"turns":6},{"damage":8,"enemies":"Exordium Thugs","floor":14,"turns":4},{"damage":63,"enemies":"The Guardian","floor":16,"turns":9}],"seed_played":"-3984614722287141754","potions_obtained":[{"floor":7,"key":"SteroidPotion"},{"floor":12,"key":"Fire Potion"}],"is_trial":false,"path_per_floor":["M","M","?","?","M","R","M","R","T","$","M","M","?","M","R","B"],"character_chosen":"IRONCLAD","items_purchased":["Toolbox"],"campfire_rested":2,"item_purchase_floors":[10],"current_hp_per_floor":[80,80,80,80,80,80,65,80,80,80,80,70,37,35,59,0,0],"gold":248,"neow_bonus":"RANDOM_COMMON_RELIC","is_daily":false,"chose_seed":true,"campfire_upgraded":1,"win_rate":0.0,"timestamp":1611625863,"path_taken":["M","?","?","?","M","R","M","R","T","$","?","M","?","M","R","BOSS"],"items_purchased_type":["Relic"],"build_version":"2020-12-22","purchased_purges":0,"victory":false,"max_hp_per_floor":[80,80,80,80,80,80,80,80,80,80,80,80,80,80,80,80,80],"card_choices":[{"not_picked":["True Grit","Second Wind"],"picked":"Clothesline","floor":1},{"not_picked":["Perfected Strike","Twin Strike"],"picked":"Whirlwind","floor":2},{"not_picked":["Thunderclap","Armaments"],"picked":"Headbutt","floor":5},{"not_picked":["Iron Wave","Heavy Blade"],"picked":"Shrug It Off","floor":7},{"not_picked":["Dropkick","Burning Pact"],"picked":"Iron Wave","floor":11},{"not_picked":["Shrug It Off","Berserk"],"picked":"Reckless Charge","floor":12},{"not_picked":["Sentinel","Power Through"],"picked":"Clothesline","floor":14}],"player_experience":62934,"relics_obtained":[{"floor":9,"key":"Potion Belt"}],"event_choices":[{"damage_healed":0,"gold_gain":0,"player_choice":"Leave","damage_taken":0,"max_hp_gain":0,"max_hp_loss":0,"event_name":"The Cleric","floor":3,"gold_loss":0},{"damage_healed":0,"gold_gain":0,"player_choice":"Ignored","damage_taken":0,"max_hp_gain":0,"max_hp_loss":0,"event_name":"NoteForYourself","floor":4,"gold_loss":0},{"damage_healed":0,"gold_gain":0,"player_choice":"Success","damage_taken":33,"relics_obtained":["Bag of Preparation"],"max_hp_gain":0,"max_hp_loss":0,"event_name":"Scrap Ooze","floor":13,"gold_loss":0}],"is_beta":false,"boss_relics":[],"items_purged_floors":[],"is_endless":false,"potions_floor_spawned":[7,12],"killed_by":"The Guardian","ascension_level":0}}