{"host":"qekv59dthhdg54sz","time":1611683775,"event":{"mods":["AchievementEnabler","BaseMod","Colored Map","DeckTracker","KOR Keyword Fix","Minty Spire (QoL Compilation)","Rare Cards Sparkle","StSLib","SuperFastMode"],"gold_per_floor":[114,114,189,40,40,69,83,98,123,123,153,163,181,191,191,267,267,287,297,109,123,123,123,123,133,133,133,150,150,150],"floor_reached":29,"language":"KOR","playtime":803,"items_purged":["Strike_R","Defend_R"],"score":459,"play_id":"ebd11f80-5052-40d0-9f4b-9b4bb05a823f","local_time":"20210127025615","is_ascension_mode":true,"campfire_choices":[{"data":"Body Slam","floor":10.0,"key":"SMITH"},{"data":"Seeing Red","floor":15.0,"key":"SMITH"},{"data":"Barricade","floor":23.0,"key":"SMITH"},{"floor":27,"key":"REST"}],"circlet_count":0,"master_deck":["AscendersBane","Defend_R","Defend_R","Bash","Seeing Red+1","Inflame","Burning Pact","Power Through","Body Slam+1","Spot Weakness","Heavy Blade","Fiend Fire","Barricade+1","Shrug It Off+1","Flash of Steel","Dark Embrace","Uppercut","Intimidate"],"relics":["Burning Blood","NeowsBlessing","Bag of Marbles","Oddly Smooth Stone","Boot","Empty Cage","Red Skull"],"acts_visited":["Exordium","TheCity"],"potions_floor_usage":[25,29],"damage_taken":[{"damage":0.0,"enemies":"Small Slimes","floor":1.0,"turns":1.0},{"damage":0.0,"enemies":"Gremlin Nob","floor":6.0,"turns":1.0},{"damage":0.0,"enemies":"Jaw Worm","floor":7.0,"turns":1.0},{"damage":2.0,"enemies":"2 Louse","floor":8.0,"turns":3.0},{"damage":56.0,"enemies":"3 Sentries","floor":11.0,"turns":15.0},{"damage":0.0,"enemies":"Blue Slaver","floor":12.0,"turns":2.0},{"damage":0.0,"enemies":"2 Fungi Beasts","floor":13.0,"turns":4.0},{"damage":8.0,"enemies":"Gremlin Gang","floor":14.0,"turns":6.0},{"damage":32.0,"enemies":"The Guardian","floor":16.0,"turns":15.0},{"damage":30.0,"enemies":"Chosen","floor":18.0,"turns":5.0},{"damage":4.0,"enemies":"Shell Parasite","floor":19.0,"turns":5.0},{"damage":21.0,"enemies":"Centurion and Healer","floor":21.0,"turns":7.0},{"damage":18,"enemies":"Chosen and Byrds","floor":25,"turns":9},{"damage":18,"enemies":"Snecko","floor":28,"turns":6},{"damage":33,"enemies":"Shelled Parasite and Fungi","floor":29,"turns":4}],"seed_played":"-6617828969811250210","potions_obtained":[{"floor":8.0,"key":"Weak Potion"},{"floor":11.0,"key":"Strength Potion"},{"floor":18.0,"key":"DuplicationPotion"},{"floor":28,"key":"ElixirPotion"}],"is_trial":false,"path_per_floor":["M","?","?","$","?","E","M","M","T","R","E","M","M","M","R","B",null,"M","M","$","M","?","R","?","M","T","R","M","M"],"character_chosen":"IRONCLAD","items_purchased":["Inflame","Flash of Steel"],"campfire_rested":1,"item_purchase_floors":[4,20],"current_hp_per_floor":[74,79,68,68,61,67,73,77,77,77,27,33,39,37,37,11,63,39,41,41,26,26,26,26,14,14,38,26,0,0],"gold":150,"neow_bonus":"THREE_ENEMY_KILL","is_daily":false,"chose_seed":false,"campfire_upgraded":3,"win_rate":0.0,"timestamp":1611683775,"path_taken":["M","?","?","$","?","E","M","M","T","R","E","M","M","M","R","BOSS","M","M","$","M","?","R","?","M","T","R","M","M"],"items_purchased_type":["Card","Card"],"build_version":"2020-12-22","purchased_purges":2,"victory":false,"max_hp_per_floor":[75,80,80,80,80,80,80,80,80,80,80,80,80,80,80,80,80,80,80,80,80,80,80,80,80,80,80,80,80,80],"card_choices":[{"not_picked":["Clothesline","Pummel"],"picked":"Seeing Red","floor":1.0},{"not_picked":["Clothesline","Reckless Charge"],"picked":"Burning Pact","floor":6.0},{"not_picked":["Havoc","Cleave"],"picked":"Power Through","floor":7.0},{"not_picked":["Burning Pact","Disarm"],"picked":"Body Slam","floor":8.0},{"not_picked":["Clothesline","Armaments"],"picked":"Spot Weakness","floor":11.0},{"not_picked":["Clash","Cleave","Body Slam"],"picked":"SKIP","floor":12.0},{"not_picked":["Headbutt","Thunderclap"],"picked":"Heavy Blade","floor":13.0},{"not_picked":["Uppercut","Ghostly Armor"],"picked":"Fiend Fire","floor":14.0},{"not_picked":["Double Tap","Fiend Fire"],"picked":"Barricade","floor":16.0},{"not_picked":["Warcry","Perfected Strike"],"picked":"Shrug It Off+1","floor":18.0},{"not_picked":["Body Slam","Flex","True Grit"],"picked":"SKIP","floor":19.0},{"not_picked":["Perfected Strike+1","Anger"],"picked":"Dark Embrace","floor":21.0},{"not_picked":["Rupture","Bloodletting","Thunderclap"],"picked":"SKIP","floor":25},{"not_picked":["Twin Strike","Limit Break","Flex+1"],"picked":"SKIP","floor":28}],"player_experience":857210,"relics_obtained":[{"floor":6.0,"key":"Bag of Marbles"},{"floor":9.0,"key":"Oddly Smooth Stone"},{"floor":11.0,"key":"Boot"},{"floor":26,"key":"Red Skull"}],"event_choices":[{"damage_healed":0.0,"max_hp_gain":5.0,"max_hp_loss":0.0,"gold_gain":0.0,"event_name":"Big Fish","player_choice":"Donut","floor":2.0,"gold_loss":0.0,"damage_taken":0.0},{"damage_healed":0.0,"max_hp_gain":0.0,"max_hp_loss":0.0,"gold_gain":75.0,"event_name":"World of Goop","player_choice":"Gather Gold","floor":3.0,"gold_loss":0.0,"damage_taken":11.0},{"cards_removed":["Strike_R"],"damage_healed":0.0,"max_hp_gain":0.0,"max_hp_loss":0.0,"gold_gain":0.0,"event_name":"Golden Wing","player_choice":"Card Removal","floor":5.0,"gold_loss":0.0,"damage_taken":7.0},{"damage_healed":0.0,"max_hp_gain":0.0,"max_hp_loss":0.0,"gold_gain":0.0,"event_name":"The Mausoleum","player_choice":"Ignored","floor":22.0,"gold_loss":0.0,"damage_taken":0.0},{"damage_healed":0.0,"max_hp_gain":0.0,"max_hp_loss":0.0,"gold_gain":0.0,"cards_transformed":["Strike_R","Defend_R"],"event_name":"Drug Dealer","player_choice":"Became Test Subject","floor":24.0,"gold_loss":0.0,"damage_taken":0.0,"cards_obtained":["Uppercut","Intimidate"]}],"is_beta":false,"boss_relics":[{"not_picked":["Calling Bell","Busted Crown"],"picked":"Empty Cage"}],"items_purged_floors":[4,20],"is_endless":false,"potions_floor_spawned":[8,11,13,18,28],"killed_by":"Shelled Parasite and Fungi","ascension_level":15}}