{"host":"4evnc443c98ww2zl","time":1611703172,"event":{"mods":["BaseMod","Better Third Choice","Hermit","Koishi","Luminous","Minty Spire (QoL Compilation)","Remilia??????","Robot Space Explorer","StSLib","The Administrix","The Bug Knight","The Cursed","TheSwordswoman"],"gold_per_floor":[121,121,141,141,162,205,205,236,263,277,277,308,308,339,339,464,464,482,482,482,482,19,19,59,90,90,128,153,153,168,206,206,336,336,357,420,420,451,470,511,511,544,556,606,637,531,574,613,613,613,613,613,21,21],"floor_reached":55,"language":"ENG","playtime":5782,"items_purged":[],"score":1669,"play_id":"580b84b9-0f14-47d0-9fa2-2af6465eceb0","local_time":"20210126171932","daily_mods":["SealedDeck","Diverse","Colorless Cards","Heirloom","DeadlyEvents","Elite Swarm"],"is_ascension_mode":false,"campfire_choices":[{"floor":7.0,"key":"RECALL"},{"data":"TalkToTheHand","floor":11.0,"key":"SMITH"},{"data":"Iron Wave","floor":15.0,"key":"SMITH"},{"data":"1","floor":23,"key":"LIFT"},{"data":"2","floor":29,"key":"LIFT"},{"data":"3","floor":32,"key":"LIFT"},{"data":"BloodySeventeenLaser","floor":41,"key":"SMITH"},{"data":"Fusion","floor":49,"key":"SMITH"},{"data":"TheCursedMod:Obscuration","floor":52,"key":"SMITH"}],"circlet_count":0,"master_deck":["hermit:Misfire","Halt","HollowMod:SharpenedNail","Quick Slash","HollowMod:NewLittleFool","HollowMod:CycloneSlash","TalkToTheHand+1","TheCursedMod:Obscuration+1","Scrape","blazmod:MyEverything","RobotSpaceExplorer:ShovelStrike","AdministrixMod:ImmortalGrace","Iron Wave+1","BloodySeventeenLaser+1","FearNoEvil","ConjureBlade+1","RobotSpaceExplorer:TrailblazerForm","blazmod:AlmightyPassage","Dash","RitualDagger","AdministrixMod:ImmortalPurity","Blind","AdministrixMod:FaithfulFlames+1","Doom and Gloom+1","AdministrixMod:GuanyinBlessing+1","AdministrixMod:AmassedMasks","Koishi:BramblyRoseGarden+1","DevaForm+1","RobotSpaceExplorer:Blaster","Fusion+1","FollowUp+1","EmptyBody+1"],"relics":["AdministrixMod:ConductorRitualBaton","HollowMod:QueensCombRelic","Golden Idol","Spirit Poop","Shuriken","Ancient Tea Set","Strawberry","The Courier","Calipers","Black Star","Membership Card","Ornamental Fan","Girya","AntiCross","HollowMod:StagPassRelic","Question Card","Frozen Egg 2","HornCleat","AdministrixMod:KeyOfKings","Bottled Flame","Gremlin Horn","Du-Vu Doll","Thread and Needle","SacredBark","Bird Faced Urn","Mango","Blood Vial","AdministrixMod:CrackedTaijitu","Meat on the Bone","Prayer Wheel","MawBank","Happy Flower","Potion Belt","Singing Bowl","Bronze Scales","CeramicFish","Ice Cream","Dream Catcher","AdministrixMod:AbandonedRose","Centennial Puzzle","Nunchaku","Bottled Lightning","Bag of Marbles","TheAbacus","Toy Ornithopter","ScarletDevilRocket"],"acts_visited":["Exordium","TheCity","TheBeyond","TheEnding"],"potions_floor_usage":[18,27,38,38,40,44,47,54,54,54,54],"damage_taken":[{"damage":0.0,"enemies":"2 Louse","floor":1.0,"turns":2.0},{"damage":5.0,"enemies":"Small Slimes","floor":3.0,"turns":2.0},{"damage":2.0,"enemies":"Cultist","floor":5.0,"turns":3.0},{"damage":9.0,"enemies":"Gremlin Nob","floor":6.0,"turns":4.0},{"damage":0.0,"enemies":"HollowMod:MossKnight","floor":8.0,"turns":4.0},{"damage":3.0,"enemies":"Gremlin Gang","floor":10.0,"turns":3.0},{"damage":1.0,"enemies":"3 Sentries","floor":12.0,"turns":4.0},{"damage":14.0,"enemies":"Gremlin Nob","floor":14.0,"turns":4.0},{"damage":19.0,"enemies":"The Guardian","floor":16.0,"turns":7.0},{"damage":13,"enemies":"2 Thieves","floor":18,"turns":2},{"damage":6,"enemies":"Book of Stabbing","floor":24,"turns":4},{"damage":22,"enemies":"Gremlin Leader","floor":25,"turns":6},{"damage":5,"enemies":"HollowMod:Nosk","floor":27,"turns":5},{"damage":1,"enemies":"Snecko","floor":28,"turns":3},{"damage":0,"enemies":"3 Cultists","floor":30,"turns":2},{"damage":25,"enemies":"Slavers","floor":31,"turns":3},{"damage":0,"enemies":"Automaton","floor":33,"turns":5},{"damage":0,"enemies":"3 Shapes","floor":35,"turns":2},{"damage":0,"enemies":"Mind Bloom Boss Battle","floor":36,"turns":4},{"damage":14,"enemies":"Nemesis","floor":38,"turns":7},{"damage":2,"enemies":"3 Darklings","floor":39,"turns":3},{"damage":4,"enemies":"HollowMod:StalkingDevout","floor":40,"turns":4},{"damage":44,"enemies":"Nemesis","floor":42,"turns":5},{"damage":6,"enemies":"HollowMod:StalkingDevout","floor":44,"turns":4},{"damage":3,"enemies":"Transient","floor":45,"turns":5},{"damage":3,"enemies":"Reptomancer","floor":47,"turns":4},{"damage":0,"enemies":"HollowMod:StalkingDevout","floor":48,"turns":4},{"damage":15,"enemies":"Awakened One","floor":50,"turns":5},{"damage":5,"enemies":"The Heart","floor":54,"turns":6}],"seed_played":"-1469483092370524387","potions_obtained":[{"floor":3.0,"key":"SkillPotion"},{"floor":6.0,"key":"FearPotion"},{"floor":12.0,"key":"Explosive Potion"},{"floor":14.0,"key":"LiquidBronze"},{"floor":18,"key":"BlessingOfTheForge"},{"floor":27,"key":"Fruit Juice"},{"floor":30,"key":"GamblersBrew"},{"floor":33,"key":"FearPotion"},{"floor":35,"key":"Block Potion"},{"floor":36,"key":"SkillPotion"},{"floor":42,"key":"Swift Potion"},{"floor":47,"key":"SkillPotion"}],"is_trial":true,"path_per_floor":["M","?","M","?","M","E","R","E","T","M","R","E","?","E","R","B",null,"M","?","T","?","$","R","E","E","T","E","M","R","M","E","R","B",null,"M","?","?","E","M","E","R","E","T","E","M","$","E","E","R","B",null,"R","$","B",null],"character_chosen":"TheAdministrix","items_purchased":["Membership Card","Ornamental Fan","Girya","AntiCross","Blind","Bronze Scales","FairyPotion","SkillPotion","Centennial Puzzle","Nunchaku","Bottled Lightning","Bag of Marbles","EmptyBody","EssenceOfSteel","Block Potion","TheAbacus","Toy Ornithopter","ScarletDevilRocket","AdministrixMod:AttunementTonic","EssenceOfSteel"],"campfire_rested":0,"item_purchase_floors":[22,22,22,22,22,46,46,46,53,53,53,53,53,53,53,53,53,53,53,53],"current_hp_per_floor":[42,42,37,37,40,33,33,42,49,46,46,48,48,35,35,30,49,37,31,31,31,31,31,35,17,17,30,46,46,54,29,29,54,54,54,54,54,56,62,64,64,38,38,48,64,64,71,74,74,61,74,74,74,74],"gold":21,"neow_bonus":"","is_daily":false,"chose_seed":false,"campfire_upgraded":5,"win_rate":0.0,"timestamp":1611703172,"path_taken":["M","?","M","?","?","E","R","E","T","M","R","?","?","E","R","BOSS","M","?","?","?","$","R","?","E","T","E","M","R","?","E","R","BOSS","M","?","?","?","?","E","R","E","T","E","?","$","?","E","R","BOSS","R","$","BOSS"],"items_purchased_type":["Relic","Relic","Relic","Relic","Card","Relic","Potion","Potion","Relic","Relic","Relic","Relic","Card","Potion","Potion","Relic","Relic","Relic","Potion","Potion"],"build_version":"2020-12-22","purchased_purges":0,"victory":true,"max_hp_per_floor":[42,42,42,42,42,42,42,42,49,49,49,49,49,49,49,49,49,49,49,49,49,49,49,49,49,49,54,54,54,54,54,54,54,54,54,54,54,68,68,68,68,68,68,70,70,70,72,74,74,74,74,74,74,74],"card_choices":[{"not_picked":["Pommel Strike","hermit:TrackingShot"],"picked":"RobotSpaceExplorer:ShovelStrike","floor":1.0},{"not_picked":["hermit:Misfire","TheCursedMod:DoubleShield"],"picked":"AdministrixMod:ImmortalGrace","floor":3.0},{"not_picked":["Good Instincts","Flex"],"picked":"Iron Wave","floor":5.0},{"not_picked":["blazmod:ButterflyForm","HollowMod:PaleKingsBlessing","Impervious"],"picked":"SKIP","floor":6.0},{"not_picked":["Phantasmal Killer","hermit:RoundhouseKick"],"picked":"BloodySeventeenLaser","floor":8.0},{"not_picked":["Dual Wield","Reinforced Body"],"picked":"FearNoEvil","floor":10.0},{"not_picked":["hermit:DeadOrAlive","Corruption"],"picked":"ConjureBlade","floor":12.0},{"not_picked":["Grand Finale","HollowMod:HerrahsAnger"],"picked":"RobotSpaceExplorer:TrailblazerForm","floor":14.0},{"not_picked":["TheCursedMod:UltimatePain","AdministrixMod:LuminaryPath"],"picked":"blazmod:AlmightyPassage","floor":16.0},{"not_picked":["Flechettes","blazmod:MoonlightBlossoms"],"picked":"Dash","floor":18},{"not_picked":["Offering","Unload","Koishi:GrowingPain"],"picked":"SKIP","floor":24},{"not_picked":["HollowMod:RadiancesLament","ChaoticDestiny","hermit:HighNoon+1","BloodRain"],"picked":"SKIP","floor":25},{"not_picked":["Violence","LessonLearned","Unload"],"picked":"AdministrixMod:FaithfulFlames+1","floor":27},{"not_picked":["blazmod:MentalFocus","StarOfDavid","RobotSpaceExplorer:FranticSearch"],"picked":"Doom and Gloom+1","floor":28},{"not_picked":["RobotSpaceExplorer:Probe","Koishi:EmbersOfLove","AdministrixMod:Wuji+1"],"picked":"AdministrixMod:GuanyinBlessing+1","floor":30},{"not_picked":["Bullet Time","Fiend Fire","Fission","Luminous:Chaos_Field_Luminous"],"picked":"SKIP","floor":31},{"not_picked":["All For One","Koishi:ConfinedInnocent+1","Bludgeon"],"picked":"AdministrixMod:AmassedMasks","floor":33},{"not_picked":["Koishi:DNAsFlaw","RobotSpaceExplorer:BigMissile","Steam"],"picked":"Koishi:BramblyRoseGarden+1","floor":35},{"not_picked":["hermit:Roughhouse","HollowMod:WhiteLadysBlessing+1","TheCursedMod:DarkBarrier","Demon Form+1"],"picked":"SKIP","floor":38},{"not_picked":["Chill+1","Koishi:HeartfeltFancy","Koishi:PhantomStrike+1","VampireKiss"],"picked":"SKIP","floor":39},{"not_picked":["AdministrixMod:FearOfDeath+1","Feed","AdministrixMod:ImmortalClarity+1"],"picked":"DevaForm+1","floor":40},{"not_picked":["QueenOfMidnight+1","Koishi:Heartbroken+1","ScarletCoffin"],"picked":"RobotSpaceExplorer:Blaster","floor":42},{"not_picked":["HollowMod:LifebloodCore","RobotSpaceExplorer:Multitool+1","The Bomb","hermit:Purgatory"],"picked":"Singing Bowl","floor":44},{"not_picked":["Dagger Throw","UnstableMagic+1","VampireKiss"],"picked":"Fusion","floor":45},{"not_picked":["True Grit","Coolheaded","Slice"],"picked":"FollowUp+1","floor":45},{"not_picked":["Bullet Time","RobotSpaceExplorer:Exploration","RobotSpaceExplorer:HighVoltage","Storm of Steel"],"picked":"Singing Bowl","floor":47},{"not_picked":["blazmod:ForgeWays","Electrodynamics+1","HollowMod:HerrahsAnger","Transmutation"],"picked":"Singing Bowl","floor":48}],"player_experience":1111152,"relics_obtained":[{"floor":6.0,"key":"Shuriken"},{"floor":8.0,"key":"Ancient Tea Set"},{"floor":9.0,"key":"Strawberry"},{"floor":12.0,"key":"The Courier"},{"floor":14.0,"key":"Calipers"},{"floor":24,"key":"HollowMod:StagPassRelic"},{"floor":24,"key":"Question Card"},{"floor":25,"key":"Frozen Egg 2"},{"floor":25,"key":"HornCleat"},{"floor":26,"key":"AdministrixMod:KeyOfKings"},{"floor":27,"key":"Bottled Flame"},{"floor":27,"key":"Gremlin Horn"},{"floor":31,"key":"Du-Vu Doll"},{"floor":31,"key":"Thread and Needle"},{"floor":36,"key":"Bird Faced Urn"},{"floor":38,"key":"Mango"},{"floor":38,"key":"Blood Vial"},{"floor":40,"key":"AdministrixMod:CrackedTaijitu"},{"floor":40,"key":"Meat on the Bone"},{"floor":42,"key":"Prayer Wheel"},{"floor":42,"key":"MawBank"},{"floor":43,"key":"Happy Flower"},{"floor":44,"key":"Potion Belt"},{"floor":44,"key":"Singing Bowl"},{"floor":47,"key":"CeramicFish"},{"floor":47,"key":"Ice Cream"},{"floor":48,"key":"Dream Catcher"},{"floor":48,"key":"AdministrixMod:AbandonedRose"}],"event_choices":[{"damage_healed":0.0,"max_hp_gain":0.0,"max_hp_loss":0.0,"gold_gain":0.0,"event_name":"Golden Idol","player_choice":"Take Wound","floor":2.0,"gold_loss":0.0,"damage_taken":0.0,"relics_obtained":["Golden Idol"],"cards_obtained":["Injury"]},{"cards_removed":["Injury"],"damage_healed":0.0,"max_hp_gain":0.0,"max_hp_loss":0.0,"gold_gain":0.0,"event_name":"Bonfire Elementals","player_choice":"Offered Curse","floor":4.0,"gold_loss":0.0,"damage_taken":0.0,"relics_obtained":["Spirit Poop"]},{"damage_healed":0.0,"max_hp_gain":0.0,"max_hp_loss":0.0,"gold_gain":0.0,"event_name":"Living Wall","player_choice":"Grow","floor":13.0,"gold_loss":0.0,"damage_taken":0.0,"cards_upgraded":["ConjureBlade"]},{"damage_healed":0,"gold_gain":0,"player_choice":"Dagger","damage_taken":6,"max_hp_gain":0,"max_hp_loss":0,"event_name":"betterThird:BetterNest","floor":19,"gold_loss":0,"cards_obtained":["RitualDagger"]},{"damage_healed":0,"gold_gain":0,"player_choice":"Read","damage_taken":0,"max_hp_gain":0,"max_hp_loss":0,"event_name":"The Library","floor":21,"gold_loss":0,"cards_obtained":["AdministrixMod:ImmortalPurity"]},{"damage_healed":0,"gold_gain":0,"player_choice":"Fight","damage_taken":0,"max_hp_gain":0,"max_hp_loss":0,"event_name":"MindBloom","floor":36,"gold_loss":0},{"damage_healed":0,"gold_gain":0,"player_choice":"Ignored","damage_taken":0,"max_hp_gain":0,"max_hp_loss":0,"event_name":"NoteForYourself","floor":37,"gold_loss":0}],"is_beta":false,"boss_relics":[{"not_picked":["Snecko Eye","Runic Dome"],"picked":"Black Star"},{"not_picked":["Runic Pyramid","Philosopher\u0027s Stone"],"picked":"SacredBark"}],"items_purged_floors":[],"is_endless":false,"potions_floor_spawned":[3,6,12,14,18,27,30,33,35,36,42,47],"ascension_level":0}}