{"host":"8is2j71l4wmybkoi","time":1611650680,"event":{"mods":["AchievementEnabler","BaseMod","Colored Map","Minty Spire (QoL Compilation)","Rare Cards Sparkle","StSLib","SuperFastMode"],"gold_per_floor":[116,116,129,204,174,201,201,217,217,217,242,60,77,111,111,185,185,202,94,108,17,36,36,36,51,51,101,12,41,61,87,87,87,87],"floor_reached":33,"language":"KOR","playtime":973,"items_purged":["Strike_B","Strike_B","Strike_B","Strike_B"],"score":656,"play_id":"8fae7232-b0d7-4e91-a435-129309a080f5","local_time":"20210126174440","is_ascension_mode":true,"campfire_choices":[{"data":"Zap","floor":7,"key":"SMITH"},{"data":"Dualcast","floor":10,"key":"SMITH"},{"data":"Buffer","floor":15,"key":"SMITH"},{"floor":23,"key":"REST"},{"floor":32,"key":"REST"}],"circlet_count":0,"master_deck":["AscendersBane","Defend_B","Defend_B","Defend_B","Zap+1","Dualcast+1","Conserve Battery","BootSequence","Lockon+1","Sweeping Beam+1","Darkness","Gash+1","Compile Driver+1","Scrape+1","Buffer+1","Fission","CurseOfTheBell","Beam Cell+1","Stack","Doom and Gloom+1","Hologram+1","Self Repair","Gash+1","Loop"],"relics":["Cracked Core","NeowsBlessing","Molten Egg 2","Strawberry","Art of War","CaptainsWheel","Calling Bell","Smiling Mask","Eternal Feather","Pocketwatch","Matryoshka","Unceasing Top","Dream Catcher"],"acts_visited":["Exordium","TheCity"],"potions_floor_usage":[11,14,16,18,20,22,25,29],"damage_taken":[{"damage":0,"enemies":"Jaw Worm","floor":1,"turns":1},{"damage":0,"enemies":"2 Louse","floor":3,"turns":1},{"damage":0,"enemies":"3 Sentries","floor":6,"turns":2},{"damage":0,"enemies":"Cultist","floor":8,"turns":3},{"damage":8,"enemies":"Gremlin Nob","floor":11,"turns":3},{"damage":1,"enemies":"Looter","floor":13,"turns":2},{"damage":20,"enemies":"3 Sentries","floor":14,"turns":3},{"damage":29,"enemies":"The Guardian","floor":16,"turns":8},{"damage":20,"enemies":"3 Byrds","floor":18,"turns":4},{"damage":0,"enemies":"Chosen","floor":20,"turns":3},{"damage":27,"enemies":"Shelled Parasite and Fungi","floor":22,"turns":3},{"damage":11,"enemies":"Centurion and Healer","floor":25,"turns":6},{"damage":22,"enemies":"Slavers","floor":29,"turns":5},{"damage":1,"enemies":"Snake Plant","floor":30,"turns":4},{"damage":27,"enemies":"Book of Stabbing","floor":31,"turns":5},{"damage":50,"enemies":"Collector","floor":33,"turns":6}],"seed_played":"-8998511301392992991","potions_obtained":[{"floor":1,"key":"Explosive Potion"},{"floor":5,"key":"FocusPotion"},{"floor":11,"key":"ColorlessPotion"},{"floor":13,"key":"DuplicationPotion"},{"floor":14,"key":"Dexterity Potion"},{"floor":16,"key":"Explosive Potion"},{"floor":18,"key":"Ancient Potion"},{"floor":20,"key":"ColorlessPotion"},{"floor":22,"key":"Regen Potion"},{"floor":30,"key":"Ancient Potion"}],"is_trial":false,"path_per_floor":["M","?","M","?","?","E","R","M","T","R","E","$","M","E","R","B",null,"M","$","M","$","M","R","?","M","T","?","$","E","M","E","R","B"],"character_chosen":"DEFECT","items_purchased":["Gash+1","Compile Driver+1","Beam Cell+1","Doom and Gloom+1","Self Repair"],"campfire_rested":2,"item_purchase_floors":[12,12,19,21,28],"current_hp_per_floor":[64,64,64,53,53,53,53,53,60,60,52,52,51,31,31,2,59,39,39,39,39,12,47,47,51,51,51,51,36,35,15,50,0,0],"gold":87,"neow_bonus":"THREE_ENEMY_KILL","is_daily":false,"chose_seed":false,"campfire_upgraded":3,"win_rate":0.0,"timestamp":1611650680,"path_taken":["M","?","M","?","?","E","R","M","T","R","E","$","M","E","R","BOSS","M","?","M","$","M","R","?","M","T","?","$","E","M","E","R","BOSS"],"items_purchased_type":["Card","Card","Card","Card","Card"],"build_version":"2020-12-22","purchased_purges":4,"victory":false,"max_hp_per_floor":[71,71,71,71,71,71,71,71,78,78,78,78,78,78,78,78,78,78,78,78,78,78,78,78,78,78,78,78,78,78,78,78,78,78],"card_choices":[{"not_picked":["Fusion","Consume"],"picked":"Conserve Battery","floor":1},{"not_picked":["Capacitor","Gash"],"picked":"BootSequence","floor":3},{"not_picked":["Conserve Battery","Turbo"],"picked":"Lockon+1","floor":6},{"not_picked":["Hologram","Barrage+1"],"picked":"Sweeping Beam+1","floor":8},{"not_picked":["Rip and Tear+1","Stack"],"picked":"Darkness","floor":11},{"not_picked":["Doom and Gloom+1","Defragment"],"picked":"Scrape+1","floor":13},{"not_picked":["Multi-Cast","Turbo"],"picked":"Buffer","floor":14},{"not_picked":["Multi-Cast","Reboot"],"picked":"Fission","floor":16},{"not_picked":["Tempest","Steam Power","Redo"],"picked":"SKIP","floor":18},{"not_picked":["Compile Driver+1","Static Discharge"],"picked":"Stack","floor":20},{"not_picked":["Conserve Battery","Barrage+1","Doom and Gloom+1"],"picked":"SKIP","floor":22},{"not_picked":["Redo","Steam"],"picked":"Hologram+1","floor":25},{"not_picked":["Storm","Rip and Tear+1","Stack"],"picked":"SKIP","floor":29},{"not_picked":["Blizzard+1","Scrape+1"],"picked":"Gash+1","floor":30},{"not_picked":["Reprogram","Rebound+1"],"picked":"Loop","floor":31}],"player_experience":808040,"relics_obtained":[{"floor":6,"key":"Molten Egg 2"},{"floor":9,"key":"Strawberry"},{"floor":11,"key":"Art of War"},{"floor":14,"key":"CaptainsWheel"},{"floor":17,"key":"Smiling Mask"},{"floor":17,"key":"Eternal Feather"},{"floor":17,"key":"Pocketwatch"},{"floor":26,"key":"Matryoshka"},{"floor":29,"key":"Unceasing Top"},{"floor":31,"key":"Dream Catcher"}],"event_choices":[{"cards_removed":["Defend_B"],"damage_healed":0,"gold_gain":0,"player_choice":"Forget","damage_taken":0,"max_hp_gain":0,"max_hp_loss":0,"event_name":"Living Wall","floor":2,"gold_loss":0},{"damage_healed":0,"gold_gain":75,"player_choice":"Gather Gold","damage_taken":11,"max_hp_gain":0,"max_hp_loss":0,"event_name":"World of Goop","floor":4,"gold_loss":0},{"damage_healed":0,"gold_gain":0,"player_choice":"Bought 2 Potions","damage_taken":0,"max_hp_gain":0,"max_hp_loss":0,"event_name":"The Woman in Blue","floor":5,"gold_loss":0},{"damage_healed":0,"gold_gain":50,"player_choice":"Stole From Cult","damage_taken":0,"max_hp_gain":0,"max_hp_loss":0,"event_name":"Nest","floor":27,"gold_loss":0}],"is_beta":false,"boss_relics":[{"not_picked":["Busted Crown","Cursed Key"],"picked":"Calling Bell"}],"items_purged_floors":[12,19,21,28],"is_endless":false,"potions_floor_spawned":[1,11,13,14,16,18,20,22,30],"killed_by":"Collector","ascension_level":20}}