{"host":"b0hh64pqctf46s8m","time":1611686948,"event":{"mods":["100% Spire Juice","Act Like it!","Aspiration","BaseMod","Bestiary","Better Third Choice","CCEM2","CapriCore","ChefMod","Conspire","Curses Come First","Displayed Cursed Tome","Dota2Spire","Downfall","Ekko","Elementarium","Evolution","Fireblade Mod","Fox Events","Halation","Hallownest","Hermit","Hubris","Infinite Spire","Jess\u0027s Bottle","JesterMod","Jorbs\u0027s Wanderer Trilogy","Koishi","Kratos Character Expansion","Lobotomy","Luminous","Mari Mod (Legacy)","Mari\u0027s V1 Patch","Menagerie","Mimic Mod","Minty Spire (QoL Compilation)","Pale of the Ancients","Permanent Neow","Pikachu Mod","QueenMod","Random Character Button","Relic Sorter","Relic Stats","Reliquary","Replay The Spire","Robot Space Explorer","Shade Mod","Spire Arcade","StSLib","The Blue Laboratory","The Bug Knight","The Dragon Tamer","The Hayseed","The Immortal","TheSurvivalist","TheSwordswoman","TheVacant","TheWitcher","Treasure Hunter","UnlockEverythingMod","Wandering Minibosses","??????REMEMod"],"gold_per_floor":[117,137,137,152,167,194,194,194,234,159,170,190,190,224,224,321,421,441,441,292,309,309,309,323,323,360,360,376,401,401,401,401,401,401],"floor_reached":33,"language":"ENG","playtime":2280,"items_purged":["survmod:Strike","survmod:Strike"],"score":347,"play_id":"cf9e97ef-6dc2-4e41-836d-4591d39ddfd9","local_time":"20210126104908","is_ascension_mode":false,"campfire_choices":[{"data":"survmod:Sprint","floor":7,"key":"SMITH"},{"floor":15,"key":"REST"},{"floor":23,"key":"REST"},{"data":"survmod:FlashbangTrap","floor":25,"key":"SMITH"},{"data":"survmod:DuckAndFlare","floor":27,"key":"SMITH"},{"data":"survmod:MarkedShot","floor":32,"key":"SMITH"}],"circlet_count":0,"master_deck":["survmod:Strike","survmod:Strike","survmod:Defend","survmod:Defend","survmod:Defend","survmod:Defend","survmod:VersatileOffense","survmod:Sprint+1","jesterMod:BoilDown","UniverseFragment","survmod:GoForFace","survmod:TwinShot","survmod:MarkTrap","survmod:SkillfulManeuver","survmod:DuckAndFlare+1","survmod:SimpleMutation","survmod:BearTrap+1","survmod:PersonalMark","survmod:Detonation","survmod:FlashbangTrap+1","survmod:SurpriseTrap","survmod:MarkedShot+1","survmod:FlashbangShot"],"relics":["survmod:InnateMutation","Dota2Spire:MagicBottle","REME_ComplimentaryCards","EVO:Axolotl","CogitoBucket","hubris:Metronome","Replay:Rubber Ducky","SkinProphecy","Mercury Hourglass","Replay:Wanted Poster","Hallownest:DreamNailRelic","Theresia","Dota2Spire:OrchidMalevolence","reliquary:PartyBalloon","AtMidnight","TreeSap","infinitespire:Eraser"],"acts_visited":["Hallownest:Greenpath","TheCity"],"potions_floor_usage":[8,12,18,21,30,31,33],"damage_taken":[{"damage":0,"enemies":"2_ Uuma","floor":1,"turns":10},{"damage":0,"enemies":"Hallownest:monsterHuskWarrior","floor":2,"turns":3},{"damage":0,"enemies":"Hallownest:monsterHuskGuard","floor":4,"turns":4},{"damage":0,"enemies":"Hallownest:monsterFoolEater","floor":5,"turns":4},{"damage":22,"enemies":"Hallownest:eliteVengeflyKing","floor":6,"turns":10},{"damage":13,"enemies":"Hallownest:eliteMossKnight","floor":8,"turns":11},{"damage":2,"enemies":"Hallownest:monsterAspidMother","floor":9,"turns":6},{"damage":5,"enemies":"Hallownest:monsterAspidMother","floor":11,"turns":6},{"damage":0,"enemies":"Hallownest:Guard_and_Warrior","floor":12,"turns":7},{"damage":0,"enemies":"conspire:MimicChest","floor":14,"turns":7},{"damage":24,"enemies":"Hallownest:BossHornet","floor":16,"turns":14},{"damage":0,"enemies":"Shell Parasite","floor":18,"turns":5},{"damage":40,"enemies":"Spheric Guardian","floor":21,"turns":6},{"damage":0,"enemies":"Cultist and Chosen","floor":24,"turns":4},{"damage":0,"enemies":"Snake Plant","floor":26,"turns":8},{"damage":1,"enemies":"Snake Plant","floor":28,"turns":4},{"damage":5,"enemies":"Nightmare","floor":29,"turns":7},{"damage":15,"enemies":"Sentry and Sphere","floor":30,"turns":8},{"damage":0,"enemies":"Slavers","floor":31,"turns":3},{"damage":20,"enemies":"Champ","floor":33,"turns":10}],"seed_played":"3214484401032724458","potions_obtained":[{"floor":2,"key":"Slimebound:ThreeZeroPotion"},{"floor":5,"key":"Weak Potion"},{"floor":16,"key":"Adrenaline Potion"},{"floor":21,"key":"blueLaboratory:BubblePotion"},{"floor":28,"key":"blueLaboratory:FrostheartPotion"}],"is_trial":false,"path_per_floor":["M","M","?","M","M","E","R","E","MIM","$","M","M","?","?","R","B",null,"M","?","$","M","?","R","M","R","MIM","R","M","NM","M","E","R","B"],"character_chosen":"THE_SURVIVOR","items_purchased":["survmod:FlashbangTrap"],"campfire_rested":2,"item_purchase_floors":[20],"current_hp_per_floor":[50,50,50,50,50,28,28,15,28,28,23,19,19,15,31,3,56,52,52,52,4,4,22,27,27,41,41,36,45,22,18,18,0,0],"gold":401,"neow_bonus":"","is_daily":false,"chose_seed":false,"campfire_upgraded":4,"win_rate":0.0,"timestamp":1611686948,"path_taken":["M","M","?","M","M","E","R","E","MIM","$","M","M","?","?","R","BOSS","M","?","$","M","?","R","M","R","MIM","R","M","NM","M","E","R","BOSS"],"items_purchased_type":["Card"],"build_version":"2020-12-22","purchased_purges":2,"victory":false,"max_hp_per_floor":[50,50,50,50,50,50,50,50,50,50,50,52,52,54,54,56,56,58,58,58,62,62,62,64,64,66,66,68,70,74,76,76,78,78],"relic_stats":{"counters":[23,136],"obtain_stats":[{"hubris:Metronome":6,"reliquary:PartyBalloon":29,"Dota2Spire:OrchidMalevolence":26,"Hallownest:DreamNailRelic":19,"EVO:Axolotl":0,"SkinProphecy":11,"Replay:Rubber Ducky":9,"Mercury Hourglass":14,"Dota2Spire:MagicBottle":8,"Replay:Wanted Poster":17,"CogitoBucket":0,"TreeSap":30,"AtMidnight":30,"survmod:InnateMutation":0,"infinitespire:Eraser":31,"Theresia":21,"REME_ComplimentaryCards":0},{"hubris:Metronome":5,"reliquary:PartyBalloon":19,"Dota2Spire:OrchidMalevolence":17,"Hallownest:DreamNailRelic":13,"EVO:Axolotl":0,"SkinProphecy":9,"Replay:Rubber Ducky":7,"Mercury Hourglass":11,"Dota2Spire:MagicBottle":6,"Replay:Wanted Poster":12,"CogitoBucket":0,"TreeSap":21,"AtMidnight":21,"survmod:InnateMutation":0,"infinitespire:Eraser":22,"Theresia":15,"REME_ComplimentaryCards":0},{"hubris:Metronome":31,"reliquary:PartyBalloon":114,"Dota2Spire:OrchidMalevolence":105,"Hallownest:DreamNailRelic":87,"EVO:Axolotl":0,"SkinProphecy":54,"Replay:Rubber Ducky":47,"Mercury Hourglass":68,"Dota2Spire:MagicBottle":42,"Replay:Wanted Poster":82,"CogitoBucket":0,"TreeSap":123,"AtMidnight":123,"survmod:InnateMutation":0,"infinitespire:Eraser":126,"Theresia":94,"REME_ComplimentaryCards":0}],"Mercury Hourglass":[222]},"card_choices":[{"not_picked":["GalaxyChild","ShyLook"],"picked":"UniverseFragment","floor":1},{"not_picked":["survmod:TacticalManeuver","survmod:VersatileDefense"],"picked":"survmod:GoForFace","floor":1},{"not_picked":["survmod:AcidArrow","survmod:TakeAim"],"picked":"survmod:TwinShot","floor":2},{"not_picked":["survmod:Hawkeye","survmod:VersatileDefense","survmod:MarkedShot"],"picked":"SKIP","floor":4},{"not_picked":["survmod:UnleashTheTraps","survmod:TwinShot"],"picked":"survmod:MarkTrap","floor":5},{"not_picked":["survmod:TacticalManeuver","survmod:BearTrap"],"picked":"survmod:SkillfulManeuver","floor":6},{"not_picked":["TH:Mimic","TH:EnergyPotion"],"picked":"SKIP","floor":6},{"not_picked":["survmod:FenceTrap","survmod:LongShot"],"picked":"survmod:DuckAndFlare","floor":8},{"not_picked":["TH:BikiniMail","TH:CursedSword"],"picked":"SKIP","floor":8},{"not_picked":["survmod:VersatileDefense","survmod:DuckAndFlare"],"picked":"survmod:SimpleMutation","floor":9},{"not_picked":["survmod:PenetratingShot","survmod:FenceTrap","survmod:PinningSnipe"],"picked":"SKIP","floor":11},{"not_picked":["survmod:SimpleMutation","survmod:Hawkeye"],"picked":"survmod:BearTrap","floor":12},{"not_picked":["survmod:SwiftKick","survmod:PiercingShot"],"picked":"survmod:PersonalMark","floor":14},{"not_picked":["survmod:ExpertSniper","survmod:DesperateAmbush"],"picked":"survmod:Detonation","floor":16},{"not_picked":["survmod:ShrapnelTraps","survmod:QuickThinking","survmod:OverwhelmingAssault"],"picked":"SKIP","floor":18},{"not_picked":["survmod:FindCover","survmod:DuckAndFlare","survmod:SimpleMutation"],"picked":"SKIP","floor":21},{"not_picked":["survmod:Adaptability","survmod:MarkedShot"],"picked":"survmod:SurpriseTrap","floor":24},{"not_picked":["survmod:SwiftKick","survmod:Adaptability","survmod:HiddenTactic+1"],"picked":"SKIP","floor":28},{"not_picked":["survmod:QuickDash","survmod:Adaptability"],"picked":"survmod:MarkedShot","floor":29},{"not_picked":["TH:DeckOfManyThings","TH:CursedSword"],"picked":"SKIP","floor":29},{"not_picked":["survmod:KnowThyEnemy+1","survmod:MarkedFromAfar"],"picked":"survmod:FlashbangShot","floor":30},{"not_picked":["TH:EnergyPotion","TH:CopperCoins"],"picked":"SKIP","floor":31},{"not_picked":["survmod:AimForTheLiver","survmod:SwiftKick+1","survmod:DuckAndFlare"],"picked":"SKIP","floor":31}],"player_experience":1567596,"relics_obtained":[{"floor":6,"key":"hubris:Metronome"},{"floor":8,"key":"Dota2Spire:MagicBottle"},{"floor":9,"key":"Replay:Rubber Ducky"},{"floor":14,"key":"Mercury Hourglass"},{"floor":26,"key":"Dota2Spire:OrchidMalevolence"},{"floor":29,"key":"reliquary:PartyBalloon"},{"floor":30,"key":"AtMidnight"},{"floor":31,"key":"infinitespire:Eraser"}],"event_choices":[{"damage_healed":0,"gold_gain":0,"player_choice":"Leave","damage_taken":0,"max_hp_gain":0,"max_hp_loss":0,"event_name":"conspire:Investor","floor":3,"gold_loss":0}],"is_beta":false,"boss_relics":[{"not_picked":["halation:PlatinumPhoenix","halation:HeavySnake"],"picked":"Replay:Wanted Poster"}],"items_purged_floors":[10,20],"is_endless":false,"potions_floor_spawned":[2,4,5,16,21,28,29],"killed_by":"Champ","ascension_level":0}}