{"host":"97e98znyvgp3tx0i","time":1611625362,"event":{"mods":["AchievementEnabler","BaseMod","Colored Powertips","Googly Eyes","Highlight Path","Minty Spire (QoL Compilation)","Quick Restart"],"gold_per_floor":[116,116,12,31,31,31,56,56,81,122,149,4,23,40,40,136,136,146,146,146,146,245,271,271,302,302,302,334,345,48,60,60,161,161,174,184,105,119,135,135,166,166,166],"floor_reached":42,"language":"ENG","playtime":3822,"items_purged":["Parasite"],"score":568,"play_id":"d1e85731-152a-4ec1-a2dc-937f7df718d1","local_time":"20210125194242","is_ascension_mode":true,"campfire_choices":[{"data":"BattleHymn","floor":6,"key":"SMITH"},{"data":"Devotion","floor":8,"key":"SMITH"},{"data":"Devotion","floor":15,"key":"SMITH"},{"floor":24,"key":"REST"},{"data":"Eruption","floor":27,"key":"SMITH"},{"floor":32,"key":"REST"},{"floor":40,"key":"REST"}],"circlet_count":0,"master_deck":["Strike_P+1","Strike_P+1","Strike_P+1","Defend_P+1","Defend_P+1","Defend_P+1","Defend_P+1","Eruption+1","Vigilance","Devotion+1","Prostrate","BattleHymn+1","FlyingSleeves","CarveReality","ConjureBlade","Wallop","Perseverance","Devotion+1","Perseverance","EmptyBody","DeusExMachina","Collect","Halt+1","EmptyBody","InnerPeace+1","ReachHeaven+1","Tantrum+1","Fasting2","Brilliance","Consecrate+1","Indignation+1","BattleHymn","Pray+1","Protect","FearNoEvil+1","Omniscience"],"relics":["HolyWater","Art of War","MawBank","White Beast Statue","Cursed Key","MutagenicStrength","Dream Catcher","Question Card","Mummified Hand","GoldenEye","HandDrill","Molten Egg 2"],"acts_visited":["Exordium","TheCity","TheBeyond"],"potions_floor_usage":[11,14,16,18,23,23,25,25,28,31,33,35,36,39,41,41,42],"damage_taken":[{"damage":1,"enemies":"2 Louse","floor":1,"turns":4},{"damage":0,"enemies":"Jaw Worm","floor":4,"turns":5},{"damage":10,"enemies":"Lagavulin","floor":7,"turns":5},{"damage":5,"enemies":"3 Sentries","floor":10,"turns":4},{"damage":0,"enemies":"Small Slimes","floor":11,"turns":3},{"damage":6,"enemies":"Looter","floor":13,"turns":2},{"damage":0,"enemies":"Large Slime","floor":14,"turns":3},{"damage":26,"enemies":"Slime Boss","floor":16,"turns":5},{"damage":0,"enemies":"Chosen","floor":18,"turns":3},{"damage":18,"enemies":"Book of Stabbing","floor":23,"turns":3},{"damage":10,"enemies":"Gremlin Leader","floor":25,"turns":5},{"damage":32,"enemies":"Slavers","floor":28,"turns":6},{"damage":17,"enemies":"Spheric Guardian","floor":29,"turns":4},{"damage":6,"enemies":"Centurion and Healer","floor":31,"turns":2},{"damage":5,"enemies":"Automaton","floor":33,"turns":6},{"damage":2,"enemies":"Orb Walker","floor":35,"turns":3},{"damage":12,"enemies":"3 Darklings","floor":36,"turns":5},{"damage":0,"enemies":"Jaw Worm Horde","floor":38,"turns":3},{"damage":33,"enemies":"Sphere and 2 Shapes","floor":39,"turns":5},{"damage":46,"enemies":"Nemesis","floor":41,"turns":5},{"damage":9,"enemies":"3 Darklings","floor":42,"turns":1}],"seed_played":"-3879591474910024635","potions_obtained":[{"floor":4,"key":"GamblersBrew"},{"floor":10,"key":"BlessingOfTheForge"},{"floor":11,"key":"DuplicationPotion"},{"floor":13,"key":"CultistPotion"},{"floor":14,"key":"EssenceOfSteel"},{"floor":16,"key":"SteroidPotion"},{"floor":18,"key":"FearPotion"},{"floor":23,"key":"Energy Potion"},{"floor":25,"key":"Fire Potion"},{"floor":28,"key":"Explosive Potion"},{"floor":29,"key":"SkillPotion"},{"floor":31,"key":"DistilledChaos"},{"floor":33,"key":"SteroidPotion"},{"floor":35,"key":"FearPotion"},{"floor":36,"key":"Energy Potion"},{"floor":38,"key":"EssenceOfSteel"},{"floor":39,"key":"BlessingOfTheForge"},{"floor":41,"key":"SteroidPotion"}],"is_trial":false,"path_per_floor":["M","?","$","M","?","R","E","R","T","E","M","$","M","M","R","B",null,"M","?","?","?","?","E","R","E","T","R","E","M","$","M","R","B",null,"M","M","$","M","M","R","E","M"],"character_chosen":"WATCHER","items_purchased":["BattleHymn","FlyingSleeves","Devotion","HandDrill","Fasting2","BattleHymn"],"campfire_rested":3,"item_purchase_floors":[3,3,12,30,30,37],"current_hp_per_floor":[71,76,76,76,76,76,66,66,66,61,61,61,55,55,55,29,77,77,77,77,77,77,59,77,67,67,67,35,18,18,12,34,29,74,72,60,60,60,27,49,3,0,0],"gold":166,"neow_bonus":"TRANSFORM_CARD","is_daily":false,"chose_seed":false,"campfire_upgraded":4,"win_rate":0.0,"timestamp":1611625362,"path_taken":["M","?","$","M","?","R","E","R","T","E","M","$","?","M","R","BOSS","M","?","?","?","?","E","R","E","T","R","E","M","$","M","R","BOSS","M","M","$","M","M","R","E","M"],"items_purchased_type":["Card","Card","Card","Relic","Card","Card"],"build_version":"2020-12-22","purchased_purges":1,"victory":false,"max_hp_per_floor":[72,77,77,77,77,77,77,77,77,77,77,77,77,77,77,77,77,77,77,77,77,77,77,77,77,77,77,77,77,74,74,74,74,74,74,74,74,74,74,74,74,74,74],"card_choices":[{"not_picked":["Tantrum","EmptyBody"],"picked":"Prostrate","floor":1},{"not_picked":["FlyingSleeves","EmptyBody"],"picked":"CarveReality","floor":4},{"not_picked":["Swivel","BowlingBash"],"picked":"ConjureBlade","floor":7},{"not_picked":["FlyingSleeves","EmptyFist"],"picked":"Wallop","floor":10},{"not_picked":["Halt","Swivel"],"picked":"Perseverance","floor":11},{"not_picked":["SashWhip","CrushJoints"],"picked":"Perseverance","floor":13},{"not_picked":["PathToVictory","MentalFortress"],"picked":"EmptyBody","floor":14},{"not_picked":["Judgement","SpiritShield"],"picked":"DeusExMachina","floor":16},{"not_picked":["MentalFortress+1","ThirdEye"],"picked":"Collect","floor":18},{"not_picked":["Worship","LikeWater"],"picked":"Halt+1","floor":23},{"not_picked":["Prostrate","ThirdEye+1"],"picked":"EmptyBody","floor":24},{"not_picked":["SashWhip","Prostrate"],"picked":"InnerPeace+1","floor":25},{"not_picked":["SashWhip","FlyingSleeves","Prostrate"],"picked":"ReachHeaven+1","floor":28},{"not_picked":["EmptyBody","InnerPeace","EmptyMind"],"picked":"Tantrum+1","floor":29},{"not_picked":["WindmillStrike","PathToVictory+1","EmptyBody","Vengeance"],"picked":"SKIP","floor":31},{"not_picked":["Establishment","Scrawl","DevaForm"],"picked":"Brilliance","floor":33},{"not_picked":["Protect+1","SashWhip","JustLucky+1"],"picked":"Consecrate+1","floor":35},{"not_picked":["PathToVictory+1","ReachHeaven+1","ClearTheMind+1"],"picked":"Indignation+1","floor":36},{"not_picked":["FollowUp","Evaluate","Tantrum+1"],"picked":"Pray+1","floor":38},{"not_picked":["EmptyFist","ClearTheMind","CutThroughFate"],"picked":"Protect","floor":39},{"not_picked":["ClearTheMind+1","BowlingBash+1","Study"],"picked":"FearNoEvil+1","floor":40},{"not_picked":["Consecrate+1","BowlingBash+1","EmptyBody"],"picked":"Omniscience","floor":41}],"player_experience":185015,"relics_obtained":[{"floor":7,"key":"Art of War"},{"floor":9,"key":"MawBank"},{"floor":10,"key":"White Beast Statue"},{"floor":23,"key":"Dream Catcher"},{"floor":25,"key":"Question Card"},{"floor":26,"key":"Mummified Hand"},{"floor":28,"key":"GoldenEye"},{"floor":41,"key":"Molten Egg 2"}],"event_choices":[{"damage_healed":0,"gold_gain":0,"player_choice":"Donut","damage_taken":0,"max_hp_gain":5,"max_hp_loss":0,"event_name":"Big Fish","floor":2,"gold_loss":0},{"damage_healed":0,"gold_gain":0,"player_choice":"Ignored","damage_taken":0,"max_hp_gain":0,"max_hp_loss":0,"event_name":"Golden Wing","floor":5,"gold_loss":0},{"damage_healed":0,"gold_gain":0,"player_choice":"Ignored","damage_taken":0,"max_hp_gain":0,"max_hp_loss":0,"event_name":"Ghosts","floor":19,"gold_loss":0},{"damage_healed":0,"gold_gain":0,"player_choice":"Inject Mutagens","damage_taken":0,"relics_obtained":["MutagenicStrength"],"max_hp_gain":0,"max_hp_loss":0,"event_name":"Drug Dealer","floor":20,"gold_loss":0},{"damage_healed":0,"gold_gain":0,"player_choice":"Simplicity","damage_taken":0,"max_hp_gain":0,"max_hp_loss":0,"event_name":"Back to Basics","floor":21,"gold_loss":0,"cards_upgraded":["Strike_P","Strike_P","Strike_P","Defend_P","Defend_P","Defend_P","Defend_P"]},{"damage_healed":0,"gold_gain":99,"player_choice":"Stole From Cult","damage_taken":0,"max_hp_gain":0,"max_hp_loss":0,"event_name":"Nest","floor":22,"gold_loss":0}],"is_beta":false,"boss_relics":[{"not_picked":["Ectoplasm","Pandora\u0027s Box"],"picked":"Cursed Key"},{"not_picked":["Empty Cage","Philosopher\u0027s Stone"],"picked":"HolyWater"}],"items_purged_floors":[30],"is_endless":false,"potions_floor_spawned":[4,10,11,13,14,16,18,23,25,28,29,31,33,35,36,38,39,41],"killed_by":"3 Darklings","ascension_level":2}}