{"host":"hwrdjx5eod2cxh09","time":1611687749,"event":{"mods":["AchievementEnabler","BaseMod","Bestiary","Minty Spire (QoL Compilation)","Relic Stats"],"gold_per_floor":[216,64,64,79,79,108,108,137,164,180,197,230,230,282,282,384,384,395,395,412,412,204,235,235,285,309,323,323,336,336,356,356,356,356],"floor_reached":33,"language":"ENG","playtime":1072,"items_purged":[],"score":333,"play_id":"317fbc8d-09db-4ed5-86ce-b866e98cd696","local_time":"20210127040229","is_ascension_mode":false,"campfire_choices":[{"data":"Wild Strike","floor":7.0,"key":"SMITH"},{"data":"Dark Embrace","floor":13.0,"key":"SMITH"},{"data":"Shrug It Off","floor":15.0,"key":"SMITH"},{"data":"Inflame","floor":24,"key":"SMITH"},{"data":"Dual Wield","floor":28,"key":"SMITH"},{"data":"Double Tap","floor":30,"key":"SMITH"},{"floor":32,"key":"REST"}],"circlet_count":0,"master_deck":["Strike_R","Strike_R","Strike_R","Strike_R","Defend_R","Defend_R","Defend_R","Defend_R","Bash","Perfected Strike","Wild Strike+1","Shrug It Off+1","Double Tap+1","Shrug It Off","Dark Embrace+1","Brutality","Perfected Strike+1","Inflame+1","Dual Wield+1","Feel No Pain","Wild Strike+1","Pommel Strike"],"relics":["Burning Blood","Centennial Puzzle","Pen Nib","PreservedInsect","Happy Flower","Paper Frog","Black Star","Art of War","Membership Card","White Beast Statue","Smiling Mask","Anchor","Regal Pillow"],"acts_visited":["Exordium","TheCity"],"potions_floor_usage":[33,33],"damage_taken":[{"damage":2.0,"enemies":"Small Slimes","floor":1.0,"turns":4.0},{"damage":5.0,"enemies":"Jaw Worm","floor":4.0,"turns":4.0},{"damage":14.0,"enemies":"Gremlin Nob","floor":6.0,"turns":3.0},{"damage":19.0,"enemies":"3 Sentries","floor":8.0,"turns":7.0},{"damage":0.0,"enemies":"2 Louse","floor":10.0,"turns":3.0},{"damage":5.0,"enemies":"Exordium Wildlife","floor":11.0,"turns":3.0},{"damage":0.0,"enemies":"Gremlin Nob","floor":12.0,"turns":2.0},{"damage":45,"enemies":"Slime Boss","floor":16,"turns":12},{"damage":4,"enemies":"Shell Parasite","floor":18,"turns":4},{"damage":0,"enemies":"Spheric Guardian","floor":20,"turns":1},{"damage":4,"enemies":"Gremlin Leader","floor":23,"turns":5},{"damage":21,"enemies":"Snake Plant","floor":27,"turns":3},{"damage":19,"enemies":"Cultist and Chosen","floor":29,"turns":6},{"damage":14,"enemies":"Centurion and Healer","floor":31,"turns":5},{"damage":85,"enemies":"Automaton","floor":33,"turns":8}],"seed_played":"-6396797946165193019","potions_obtained":[{"floor":1.0,"key":"ColorlessPotion"},{"floor":6.0,"key":"Weak Potion"},{"floor":11.0,"key":"ElixirPotion"},{"floor":16,"key":"SpeedPotion"},{"floor":27,"key":"AttackPotion"}],"is_trial":false,"path_per_floor":["M","$","?","M","?","E","R","E","T","M","M","E","R","?","R","B",null,"M","?","M","?","$","E","R","T","T","M","R","M","R","M","R","B"],"character_chosen":"IRONCLAD","items_purchased":["Centennial Puzzle","Membership Card","Inflame","Dual Wield"],"campfire_rested":1,"item_purchase_floors":[2,22,22,22],"current_hp_per_floor":[80,80,80,80,85,77,77,64,64,70,71,77,77,77,77,38,85,85,85,85,69,69,71,71,71,71,56,56,43,43,35,77,0,0],"gold":356,"neow_bonus":"HUNDRED_GOLD","is_daily":false,"chose_seed":false,"campfire_upgraded":6,"win_rate":0.0,"timestamp":1611687749,"path_taken":["M","$","?","M","?","E","R","E","T","M","M","E","R","?","R","BOSS","M","?","M","?","$","E","R","?","T","M","R","M","R","M","R","BOSS"],"items_purchased_type":["Relic","Relic","Card","Card"],"build_version":"2020-12-22","purchased_purges":0,"victory":false,"max_hp_per_floor":[80,80,80,80,85,85,85,85,85,85,85,85,85,85,85,85,85,85,85,85,90,90,90,90,90,90,90,90,90,90,90,90,90,90],"relic_stats":{"Centennial Puzzle":[33],"Regal Pillow":15,"Happy Flower":[17],"counters":[15,70],"Pen Nib":[9],"PreservedInsect":65,"Black Star":1,"Art of War":[2],"Smiling Mask":0,"obtain_stats":[{"Regal Pillow":26,"Happy Flower":9,"Pen Nib":6,"PreservedInsect":8,"Smiling Mask":23,"Burning Blood":0,"White Beast Statue":23,"Centennial Puzzle":2,"Anchor":25,"Black Star":17,"Art of War":19,"Membership Card":22,"Paper Frog":12},{"Regal Pillow":11,"Happy Flower":4,"Pen Nib":3,"PreservedInsect":4,"Smiling Mask":11,"Burning Blood":0,"White Beast Statue":11,"Centennial Puzzle":1,"Anchor":11,"Black Star":8,"Art of War":9,"Membership Card":10,"Paper Frog":7},{"Regal Pillow":48,"Happy Flower":18,"Pen Nib":11,"PreservedInsect":18,"Smiling Mask":48,"Burning Blood":0,"White Beast Statue":48,"Centennial Puzzle":4,"Anchor":48,"Black Star":38,"Art of War":42,"Membership Card":43,"Paper Frog":26}],"Burning Blood":71},"card_choices":[{"not_picked":["Rage","Infernal Blade","Searing Blow"],"picked":"SKIP","floor":1.0},{"not_picked":["True Grit","Sword Boomerang"],"picked":"Wild Strike","floor":4.0},{"not_picked":["Cleave","Infernal Blade"],"picked":"Shrug It Off","floor":6.0},{"not_picked":["Flex","Disarm"],"picked":"Double Tap","floor":8.0},{"not_picked":["Anger","Havoc","Clash"],"picked":"SKIP","floor":10.0},{"not_picked":["Clothesline","Iron Wave"],"picked":"Shrug It Off","floor":11.0},{"not_picked":["Headbutt","Dual Wield"],"picked":"Dark Embrace","floor":12.0},{"not_picked":["Bludgeon","Limit Break"],"picked":"Brutality","floor":16},{"not_picked":["Havoc+1","Clothesline"],"picked":"Perfected Strike+1","floor":18},{"not_picked":["Body Slam","Twin Strike","Warcry+1"],"picked":"SKIP","floor":20},{"not_picked":["Berserk","Intimidate"],"picked":"Feel No Pain","floor":23},{"not_picked":["Cleave","Shockwave"],"picked":"Wild Strike+1","floor":27},{"not_picked":["Uppercut","Sever Soul","Sentinel"],"picked":"SKIP","floor":29},{"not_picked":["Intimidate","Anger"],"picked":"Pommel Strike","floor":31}],"player_experience":322149,"relics_obtained":[{"floor":6.0,"key":"Pen Nib"},{"floor":8.0,"key":"PreservedInsect"},{"floor":9.0,"key":"Happy Flower"},{"floor":12.0,"key":"Paper Frog"},{"floor":23,"key":"White Beast Statue"},{"floor":23,"key":"Smiling Mask"},{"floor":25,"key":"Anchor"},{"floor":26,"key":"Regal Pillow"}],"event_choices":[{"damage_healed":0.0,"max_hp_gain":0.0,"max_hp_loss":0.0,"gold_gain":0.0,"cards_transformed":["Strike_R"],"event_name":"Living Wall","player_choice":"Change","floor":3.0,"gold_loss":0.0,"damage_taken":0.0,"cards_obtained":["Perfected Strike"]},{"damage_healed":0.0,"max_hp_gain":5.0,"max_hp_loss":0.0,"gold_gain":0.0,"event_name":"Big Fish","player_choice":"Donut","floor":5.0,"gold_loss":0.0,"damage_taken":0.0},{"damage_healed":0.0,"max_hp_gain":0.0,"max_hp_loss":0.0,"gold_gain":52.0,"event_name":"Golden Wing","player_choice":"Gained Gold","floor":14.0,"gold_loss":0.0,"damage_taken":0.0},{"damage_healed":0,"gold_gain":0,"player_choice":"Opened","damage_taken":0,"relics_obtained":["Art of War"],"max_hp_gain":0,"max_hp_loss":0,"event_name":"The Mausoleum","floor":19,"gold_loss":0},{"damage_healed":0,"gold_gain":0,"player_choice":"Shed Blood","damage_taken":21,"max_hp_gain":5,"max_hp_loss":0,"event_name":"Forgotten Altar","floor":21,"gold_loss":0}],"is_beta":false,"boss_relics":[{"not_picked":["Calling Bell","Tiny House"],"picked":"Black Star"}],"items_purged_floors":[],"is_endless":false,"potions_floor_spawned":[1,6,11,16,27,29,31],"killed_by":"Automaton","ascension_level":0}}