{"host":"jumrmhf584hajrnz","time":1611676783,"event":{"mods":["BaseMod","Duelist Mod","GifTheSpireLib","Minty Spire (QoL Compilation)","Quick Restart","Replay The Spire","StSLib"],"gold_per_floor":[145,145,216,236,256,281,281,334,385,385,398,398,428,445,445,523,523,534,584,594,594,594,594,594,594],"floor_reached":24,"language":"ENG","playtime":1078,"items_purged":[],"score":408,"play_id":"d7544138-f639-49fe-8fb7-d7b39edcc5c9","local_time":"20210126165943","is_ascension_mode":true,"campfire_choices":[{"floor":7,"key":"REST"},{"floor":10,"key":"RECALL"},{"floor":12,"key":"REST"},{"floor":15,"key":"REST"},{"floor":23,"key":"REST"}],"circlet_count":0,"master_deck":["AscendersBane","theDuelist:BabyDragon","theDuelist:CastleWalls","theDuelist:CastleWalls","theDuelist:CaveDragon","theDuelist:CaveDragon","theDuelist:LesserDragon","theDuelist:LesserDragon","theDuelist:Sparks","theDuelist:Sparks","theDuelist:YamataDragon","theDuelist:StarlightRoad","theDuelist:MegafleetDragon","theDuelist:DarkfireDragon","theDuelist:Lancephorhynchus","theDuelist:TyrantWing","Pain","theDuelist:GoldenApples","Bandage Up","theDuelist:MaskedDragon","theDuelist:DarkHorus","theDuelist:BSkullDragon","theDuelist:Berserking","theDuelist:GoldenApples+1","Ghostly","Ghostly","Ghostly"],"relics":["theDuelist:MillenniumPuzzle","theDuelist:CardPoolRelic","theDuelist:CardPoolBasicRelic","theDuelist:BoosterPackPoolRelic","theDuelist:CardPoolAddRelic","theDuelist:CardPoolMinusRelic","theDuelist:CardPoolSaveRelic","theDuelist:CardPoolOptionsRelic","Bronze Scales","ReplayTheSpireMod:Lightbulb","Black Star"],"acts_visited":["Exordium","TheCity"],"potions_floor_usage":[6],"damage_taken":[{"damage":2,"enemies":"2 Louse","floor":1,"turns":3},{"damage":5,"enemies":"Jaw Worm","floor":4,"turns":3},{"damage":0,"enemies":"Small Slimes","floor":5,"turns":3},{"damage":24,"enemies":"3 Sentries","floor":6,"turns":7},{"damage":12,"enemies":"Blue Slaver","floor":11,"turns":2},{"damage":36,"enemies":"Gremlin Nob","floor":13,"turns":4},{"damage":6,"enemies":"Looter","floor":14,"turns":3},{"damage":12,"enemies":"Hexaghost","floor":16,"turns":9},{"damage":30,"enemies":"Chosen","floor":18,"turns":5},{"damage":33,"enemies":"2 Thieves","floor":20,"turns":4},{"damage":26,"enemies":"Gremlin Leader","floor":24,"turns":2}],"seed_played":"7998318866921071169","potions_obtained":[{"floor":1,"key":"Explosive Potion"},{"floor":5,"key":"FearPotion"},{"floor":8,"key":"theDuelist:SealedPackC"},{"floor":8,"key":"theDuelist:OrbBottle"},{"floor":13,"key":"theDuelist:BottledKuriboh"},{"floor":16,"key":"theDuelist:TokenPotionB"}],"is_trial":false,"path_per_floor":["M","?","?","M","M","E","R","?","T","R","M","R","E","M","R","B",null,"M","?","M","?","?","R","E"],"character_chosen":"THE_DUELIST","items_purchased":[],"campfire_rested":4,"item_purchase_floors":[],"current_hp_per_floor":[61,61,61,56,56,32,53,53,53,53,41,62,26,24,45,37,62,36,36,7,7,7,17,0,0],"gold":594,"neow_bonus":"THREE_CARDS","is_daily":false,"chose_seed":false,"campfire_upgraded":0,"win_rate":0.0,"timestamp":1611676783,"path_taken":["M","?","?","M","M","E","R","?","T","R","M","R","E","M","R","BOSS","M","?","M","?","?","R","E"],"items_purchased_type":[],"build_version":"2020-12-22","purchased_purges":0,"victory":false,"max_hp_per_floor":[70,70,70,70,70,70,70,70,70,70,70,70,70,70,70,70,70,70,70,70,70,35,35,35,35],"card_choices":[{"not_picked":["theDuelist:TornadoDragon","theDuelist:BusterDrake"],"picked":"theDuelist:StarlightRoad","floor":0},{"not_picked":["theDuelist:Earthquake","theDuelist:SnowDragon","theDuelist:SafeZone","theDuelist:ClawHermos"],"picked":"theDuelist:MegafleetDragon","floor":1},{"not_picked":["theDuelist:LesserDragon","theDuelist:HazyFlameHydra","theDuelist:Duoterion","theDuelist:Beatraptor"],"picked":"theDuelist:DarkfireDragon","floor":4},{"not_picked":["theDuelist:SauropodBrachion","theDuelist:Sabersaurus","theDuelist:GalaxyTyranno","theDuelist:Carboneddon"],"picked":"theDuelist:Lancephorhynchus","floor":5},{"not_picked":["theDuelist:WhiteHowling","theDuelist:GalaxySoldier","theDuelist:CyberLaserDragon"],"picked":"theDuelist:TyrantWing","floor":6},{"not_picked":["theDuelist:LightningDarts","theDuelist:RainbowBridge","theDuelist:BattleguardKing","theDuelist:Mausoleum"],"picked":"theDuelist:GoldenApples","floor":8},{"not_picked":["Chrysalis","HandOfGreed","Metamorphosis"],"picked":"Bandage Up","floor":11},{"not_picked":["theDuelist:Earthquake","theDuelist:BabyDragon","theDuelist:TwinHeadedFire","theDuelist:Frostosaurus"],"picked":"theDuelist:MaskedDragon","floor":13},{"not_picked":["theDuelist:BusterBlader","theDuelist:CyberDragonCore","theDuelist:DefenseZone","theDuelist:RedRisingDragon"],"picked":"theDuelist:DarkHorus","floor":14},{"not_picked":["theDuelist:SeismicShockwave","theDuelist:OceanDragonLord","theDuelist:GaiaDragonChamp","theDuelist:GravityLash"],"picked":"theDuelist:BSkullDragon","floor":16},{"not_picked":["theDuelist:WhiteHowling","theDuelist:Vandalgyon","theDuelist:CyberDragonSieger"],"picked":"theDuelist:Berserking","floor":18},{"not_picked":["theDuelist:BattleguardKing","theDuelist:BigKoala","theDuelist:Hinotama","theDuelist:DarkCreator"],"picked":"theDuelist:GoldenApples+1","floor":20}],"player_experience":1561568,"relics_obtained":[{"floor":6,"key":"Bronze Scales"},{"floor":13,"key":"ReplayTheSpireMod:Lightbulb"}],"event_choices":[{"damage_healed":0,"gold_gain":71,"player_choice":"Gained Gold","damage_taken":0,"max_hp_gain":0,"max_hp_loss":0,"event_name":"Golden Wing","floor":3,"gold_loss":0},{"damage_healed":0,"gold_gain":50,"player_choice":"Stole From Cult","damage_taken":0,"max_hp_gain":0,"max_hp_loss":0,"event_name":"Nest","floor":19,"gold_loss":0},{"damage_healed":0,"gold_gain":0,"player_choice":"Ignored","damage_taken":0,"max_hp_gain":0,"max_hp_loss":0,"event_name":"Cursed Tome","floor":21,"gold_loss":0},{"damage_healed":0,"gold_gain":0,"player_choice":"Became a Ghost","damage_taken":0,"max_hp_gain":0,"max_hp_loss":35,"event_name":"Ghosts","floor":22,"gold_loss":0,"cards_obtained":["Ghostly","Ghostly","Ghostly"]}],"is_beta":false,"boss_relics":[{"not_picked":["SacredBark","Calling Bell"],"picked":"Black Star"}],"items_purged_floors":[],"is_endless":false,"potions_floor_spawned":[1,5,11,13,16],"killed_by":"Gremlin Leader","ascension_level":20}}