{"host":"syozzdlzcqop4jia","time":1611620974,"event":{"mods":["BaseMod","Colored Map","Colored Powertips","Minty Spire (QoL Compilation)","Quick Restart"],"gold_per_floor":[109,129,129,147,147,147,163,182,182,196,196,196,196,211,211,314,314,314,239,239,239,239,239,239,239,239,239,239,164,164,164,164,164,164,164,164,164,164,164,164],"floor_reached":39,"language":"ENG","playtime":3019,"items_purged":["Strike_R"],"score":477,"play_id":"b38df129-7be5-43a7-818e-290795b65617","local_time":"20210126012934","is_ascension_mode":true,"campfire_choices":[{"data":"Battle Trance","floor":6,"key":"SMITH"},{"data":"Rage","floor":11,"key":"SMITH"},{"data":"Shrug It Off","floor":15,"key":"SMITH"},{"data":"Inflame","floor":25,"key":"SMITH"},{"data":"Feed","floor":27,"key":"SMITH"},{"data":"Heavy Blade","floor":30,"key":"SMITH"},{"data":"Double Tap","floor":32,"key":"SMITH"}],"circlet_count":0,"master_deck":["Strike_R","Strike_R","Strike_R+1","Defend_R+1","Defend_R+1","Defend_R","Defend_R","Bash","Pummel+1","Pommel Strike+1","Battle Trance+1","Shrug It Off+1","Reckless Charge","Rage+1","Intimidate","Feed+1","Cleave+1","Inflame+1","Flex","Heavy Blade+1","Anger","Double Tap+1","Feed","Shrug It Off+1","Demon Form","Dramatic Entrance"],"relics":["Burning Blood","War Paint","Ornamental Fan","Question Card","Ectoplasm","MutagenicStrength","PreservedInsect","MealTicket","StoneCalendar","Velvet Choker","Turnip"],"acts_visited":["Exordium","TheCity","TheBeyond"],"potions_floor_usage":[16,23,31,35,36],"damage_taken":[{"damage":0,"enemies":"2 Louse","floor":1,"turns":3},{"damage":0,"enemies":"Small Slimes","floor":2,"turns":3},{"damage":1,"enemies":"Cultist","floor":4,"turns":3},{"damage":23,"enemies":"Exordium Thugs","floor":7,"turns":8},{"damage":0,"enemies":"Large Slime","floor":8,"turns":4},{"damage":2,"enemies":"2 Fungi Beasts","floor":10,"turns":4},{"damage":0,"enemies":"3 Louse","floor":14,"turns":4},{"damage":44,"enemies":"Slime Boss","floor":16,"turns":15},{"damage":16,"enemies":"Spheric Guardian","floor":18,"turns":4},{"damage":8,"enemies":"Shell Parasite","floor":21,"turns":4},{"damage":9,"enemies":"Snecko","floor":23,"turns":6},{"damage":20,"enemies":"Gremlin Leader","floor":24,"turns":6},{"damage":12,"enemies":"Book of Stabbing","floor":28,"turns":3},{"damage":5,"enemies":"Centurion and Healer","floor":31,"turns":4},{"damage":45,"enemies":"Automaton","floor":33,"turns":8},{"damage":1,"enemies":"Orb Walker","floor":35,"turns":2},{"damage":8,"enemies":"3 Darklings","floor":36,"turns":7},{"damage":37,"enemies":"2 Orb Walkers","floor":37,"turns":4},{"damage":74,"enemies":"Spire Growth","floor":39,"turns":5}],"seed_played":"-8080130002842723767","potions_obtained":[{"floor":1,"key":"LiquidMemories"},{"floor":14,"key":"Explosive Potion"},{"floor":16,"key":"Swift Potion"},{"floor":18,"key":"FearPotion"},{"floor":31,"key":"CultistPotion"},{"floor":33,"key":"Energy Potion"},{"floor":35,"key":"Energy Potion"}],"is_trial":false,"path_per_floor":["M","M","?","M","?","R","M","M","T","M","R","T","?","M","R","B",null,"M","?","?","M","?","M","E","R","T","R","E","$","R","M","R","B",null,"M","M","?","?","M"],"character_chosen":"IRONCLAD","items_purchased":[],"campfire_rested":0,"item_purchase_floors":[],"current_hp_per_floor":[80,80,64,69,69,69,52,58,58,62,62,62,62,68,68,30,80,70,70,70,68,68,68,54,54,54,54,48,63,63,68,68,29,87,90,91,63,63,0,0],"gold":164,"neow_bonus":"RANDOM_COMMON_RELIC","is_daily":false,"chose_seed":false,"campfire_upgraded":7,"win_rate":0.0,"timestamp":1611620974,"path_taken":["M","M","?","M","?","R","M","M","T","?","R","?","?","M","R","BOSS","M","?","?","M","?","M","E","R","T","R","E","?","R","?","R","BOSS","M","M","?","?","M"],"items_purchased_type":[],"build_version":"2020-12-22","purchased_purges":1,"victory":false,"max_hp_per_floor":[80,80,80,80,80,80,80,80,80,80,80,80,80,80,80,80,80,80,80,80,80,80,83,83,83,83,83,83,83,83,87,87,87,87,90,93,96,96,96,96],"card_choices":[{"not_picked":["Warcry","True Grit"],"picked":"Pummel","floor":1},{"not_picked":["Thunderclap","Infernal Blade"],"picked":"Pommel Strike","floor":2},{"not_picked":["Iron Wave","Disarm"],"picked":"Battle Trance","floor":4},{"not_picked":["Thunderclap","Warcry"],"picked":"Shrug It Off","floor":7},{"not_picked":["Clash","Infernal Blade"],"picked":"Reckless Charge","floor":8},{"not_picked":["Rupture","Havoc"],"picked":"Rage","floor":10},{"not_picked":["True Grit","Burning Pact","Battle Trance"],"picked":"Intimidate","floor":14},{"not_picked":["Offering","Barricade","Limit Break"],"picked":"Feed","floor":16},{"not_picked":["Battle Trance","Havoc","Uppercut+1"],"picked":"Cleave+1","floor":18},{"not_picked":["Havoc","Warcry","Evolve","Body Slam"],"picked":"SKIP","floor":21},{"not_picked":["Metallicize","Iron Wave+1","Wild Strike"],"picked":"Flex","floor":23},{"not_picked":["Havoc","True Grit+1","Cleave+1"],"picked":"Heavy Blade","floor":24},{"not_picked":["Clothesline+1","Pummel","Hemokinesis"],"picked":"Anger","floor":28},{"not_picked":["Uppercut","Thunderclap","Anger"],"picked":"Double Tap","floor":31},{"not_picked":["Fiend Fire","Exhume","Brutality"],"picked":"Feed","floor":33},{"not_picked":["Wild Strike","Second Wind","Disarm+1"],"picked":"Shrug It Off+1","floor":35},{"not_picked":["Spot Weakness+1","Evolve","Armaments+1","Dark Embrace+1"],"picked":"SKIP","floor":36},{"not_picked":["Evolve","Heavy Blade+1","Iron Wave+1"],"picked":"Demon Form","floor":37},{"not_picked":["Good Instincts","Madness","HandOfGreed"],"picked":"Dramatic Entrance","floor":38}],"player_experience":384610,"relics_obtained":[{"floor":9,"key":"Ornamental Fan"},{"floor":12,"key":"Question Card"},{"floor":24,"key":"PreservedInsect"},{"floor":26,"key":"MealTicket"},{"floor":28,"key":"StoneCalendar"},{"floor":37,"key":"Turnip"}],"event_choices":[{"damage_healed":0,"gold_gain":0,"player_choice":"Entered Light","damage_taken":16,"max_hp_gain":0,"max_hp_loss":0,"event_name":"Shining Light","floor":3,"gold_loss":0,"cards_upgraded":["Strike_R","Pummel"]},{"damage_healed":0,"gold_gain":0,"player_choice":"Forge","damage_taken":0,"max_hp_gain":0,"max_hp_loss":0,"event_name":"Accursed Blacksmith","floor":5,"gold_loss":0,"cards_upgraded":["Pommel Strike"]},{"damage_healed":0,"gold_gain":0,"player_choice":"Ignored","damage_taken":0,"max_hp_gain":0,"max_hp_loss":0,"event_name":"Liars Game","floor":13,"gold_loss":0},{"cards_removed":["Strike_R"],"damage_healed":0,"gold_gain":0,"player_choice":"Gave Gold","damage_taken":0,"max_hp_gain":0,"max_hp_loss":0,"event_name":"Beggar","floor":19,"gold_loss":75},{"damage_healed":0,"gold_gain":0,"player_choice":"Read","damage_taken":0,"max_hp_gain":0,"max_hp_loss":0,"event_name":"The Library","floor":20,"gold_loss":0,"cards_obtained":["Inflame"]},{"damage_healed":0,"gold_gain":0,"player_choice":"Inject Mutagens","damage_taken":0,"relics_obtained":["MutagenicStrength"],"max_hp_gain":0,"max_hp_loss":0,"event_name":"Drug Dealer","floor":22,"gold_loss":0},{"damage_healed":0,"gold_gain":0,"player_choice":"Fight","damage_taken":0,"max_hp_gain":0,"max_hp_loss":0,"event_name":"Mysterious Sphere","floor":37,"gold_loss":0},{"damage_healed":0,"gold_gain":0,"player_choice":"Memory 1","damage_taken":0,"max_hp_gain":0,"max_hp_loss":0,"event_name":"SensoryStone","floor":38,"gold_loss":0}],"is_beta":false,"boss_relics":[{"not_picked":["Runic Pyramid","Sozu"],"picked":"Ectoplasm"},{"not_picked":["SacredBark","Empty Cage"],"picked":"Velvet Choker"}],"items_purged_floors":[29],"is_endless":false,"potions_floor_spawned":[1,14,16,18,31,33,35],"killed_by":"Spire Growth","ascension_level":2}}