{"host":"jumrmhf584hajrnz","time":1611675699,"event":{"mods":["BaseMod","Duelist Mod","GifTheSpireLib","Minty Spire (QoL Compilation)","Quick Restart","Replay The Spire","StSLib"],"gold_per_floor":[136,155,169,169,179,206,206,221,221,186,215,215,245,259,259,332,432,452,472,472,472,490,490,490,490],"floor_reached":24,"language":"ENG","playtime":1361,"items_purged":[],"score":436,"play_id":"d54d628c-13cf-4689-97b9-4371020356bb","local_time":"20210126164139","is_ascension_mode":true,"campfire_choices":[{"floor":7,"key":"REST"},{"floor":15,"key":"REST"},{"floor":23,"key":"REST"}],"circlet_count":0,"master_deck":["AscendersBane","theDuelist:BabyDragon","theDuelist:CastleWalls","theDuelist:CastleWalls","theDuelist:CaveDragon","theDuelist:CaveDragon","theDuelist:LesserDragon","theDuelist:LesserDragon","theDuelist:Sparks","theDuelist:Sparks","theDuelist:YamataDragon","theDuelist:BlackTyranno+1","theDuelist:Earthquake","theDuelist:YamataDragon","theDuelist:Earthquake","theDuelist:SilverWing","theDuelist:AncientDragon","theDuelist:RedRisingDragon","theDuelist:CoralDragon","theDuelist:DragonMastery","theDuelist:Scapegoat","theDuelist:YamataDragon","theDuelist:Earthquake","Decay","theDuelist:TotemDragon"],"relics":["theDuelist:MillenniumPuzzle","theDuelist:CardPoolRelic","theDuelist:CardPoolBasicRelic","theDuelist:BoosterPackPoolRelic","theDuelist:CardPoolAddRelic","theDuelist:CardPoolMinusRelic","theDuelist:CardPoolSaveRelic","theDuelist:CardPoolOptionsRelic","NeowsBlessing","theDuelist:BoosterBetterBoostersRelic","Replay:Bottled Flurry","StoneCalendar","Replay:Wanted Poster"],"acts_visited":["Exordium","TheCity"],"potions_floor_usage":[13,14,14,22],"damage_taken":[{"damage":0,"enemies":"Jaw Worm","floor":1,"turns":1},{"damage":0,"enemies":"Cultist","floor":2,"turns":1},{"damage":0,"enemies":"Small Slimes","floor":3,"turns":1},{"damage":10,"enemies":"Looter","floor":5,"turns":3},{"damage":27,"enemies":"Gremlin Nob","floor":6,"turns":4},{"damage":4,"enemies":"Lots of Slimes","floor":8,"turns":2},{"damage":24,"enemies":"3 Sentries","floor":11,"turns":5},{"damage":35,"enemies":"Gremlin Nob","floor":13,"turns":5},{"damage":3,"enemies":"Exordium Wildlife","floor":14,"turns":3},{"damage":24,"enemies":"The Guardian","floor":16,"turns":8},{"damage":18,"enemies":"3 Byrds","floor":18,"turns":7},{"damage":20,"enemies":"Shell Parasite","floor":19,"turns":5},{"damage":8,"enemies":"Snake Plant","floor":22,"turns":4},{"damage":32,"enemies":"Book of Stabbing","floor":24,"turns":4}],"seed_played":"-8086778749408313445","potions_obtained":[{"floor":2,"key":"Regen Potion"},{"floor":11,"key":"SteroidPotion"},{"floor":13,"key":"theDuelist:VampireVial"},{"floor":14,"key":"theDuelist:StunPotion"},{"floor":18,"key":"theDuelist:LavaBottle"}],"is_trial":false,"path_per_floor":["M","M","M","?","M","E","R","M","T","?","E","?","E","M","R","B",null,"M","M","?","?","M","R","E"],"character_chosen":"THE_DUELIST","items_purchased":[],"campfire_rested":3,"item_purchase_floors":[],"current_hp_per_floor":[63,63,63,63,53,26,47,43,43,60,36,36,15,12,33,9,55,37,17,17,17,9,30,0,0],"gold":490,"neow_bonus":"THREE_ENEMY_KILL","is_daily":false,"chose_seed":false,"campfire_upgraded":0,"win_rate":0.0,"timestamp":1611675699,"path_taken":["M","M","M","?","?","E","R","?","T","?","E","?","E","M","R","BOSS","M","?","?","?","M","R","E"],"items_purchased_type":[],"build_version":"2020-12-22","purchased_purges":0,"victory":false,"max_hp_per_floor":[70,70,70,70,70,70,70,70,70,70,70,70,70,70,70,70,70,70,70,70,70,70,70,70,70],"card_choices":[{"not_picked":["theDuelist:Kabazauls","theDuelist:BlackBrachios","theDuelist:Beatraptor","theDuelist:Anthrosaurus"],"picked":"theDuelist:BlackTyranno","floor":1},{"not_picked":["theDuelist:MoltenDestruction","theDuelist:MegafleetDragon","theDuelist:DefenseZone","theDuelist:Pyrorex"],"picked":"theDuelist:Earthquake","floor":2},{"not_picked":["theDuelist:BlackBrutdrago","theDuelist:BabyDragon","theDuelist:SphereChaos","theDuelist:DarkstormDragon"],"picked":"theDuelist:YamataDragon","floor":3},{"not_picked":["theDuelist:TwinBarrelDragon","theDuelist:CaveDragon","theDuelist:BusterBlader","theDuelist:AquaDolphin"],"picked":"theDuelist:Earthquake","floor":5},{"not_picked":["theDuelist:MiraculousDescent","theDuelist:CyberLaserDragon","theDuelist:BoosterDragon"],"picked":"theDuelist:SilverWing","floor":6},{"not_picked":["theDuelist:TrihornedDragon","theDuelist:RedHeadedOni","theDuelist:CyberDragonVier","theDuelist:CyberDragonSieger"],"picked":"theDuelist:AncientDragon","floor":8},{"not_picked":["theDuelist:Pyrorex","theDuelist:LordD","theDuelist:CyberValley","theDuelist:CyberneticOverflow"],"picked":"theDuelist:RedRisingDragon","floor":11},{"not_picked":["theDuelist:Kabazauls","theDuelist:DarkHorus","theDuelist:ScrapIronScarecrow","theDuelist:ArtifactSanctum"],"picked":"theDuelist:CoralDragon","floor":13},{"not_picked":["theDuelist:SliferSky","theDuelist:LostWorld","theDuelist:DoomkaiserDragon","theDuelist:ArmageddonDragonEmp"],"picked":"theDuelist:DragonMastery","floor":14},{"not_picked":["theDuelist:TailSwipe","theDuelist:DragonMastery","theDuelist:CyberDragonInfinity","theDuelist:BlueDuston"],"picked":"theDuelist:Scapegoat","floor":16},{"not_picked":["theDuelist:CyberValley","theDuelist:CloudianGhost","theDuelist:FrostflameDragon","theDuelist:DefenseZone"],"picked":"theDuelist:YamataDragon","floor":18},{"not_picked":["theDuelist:StampingDestruction","theDuelist:SoulCharge","theDuelist:OneDayPeace+1","theDuelist:HymnOfLight+1"],"picked":"theDuelist:Earthquake","floor":19},{"not_picked":["theDuelist:WhiteHowling","theDuelist:DragonTreasure","theDuelist:DragonRavine","theDuelist:SystemDown"],"picked":"theDuelist:TotemDragon","floor":22}],"player_experience":1561568,"relics_obtained":[{"floor":6,"key":"theDuelist:BoosterBetterBoostersRelic"},{"floor":11,"key":"Replay:Bottled Flurry"},{"floor":13,"key":"StoneCalendar"}],"event_choices":[{"damage_healed":0,"gold_gain":0,"player_choice":"Forge","damage_taken":0,"max_hp_gain":0,"max_hp_loss":0,"event_name":"Accursed Blacksmith","floor":4,"gold_loss":0,"cards_upgraded":["theDuelist:BlackTyranno"]},{"damage_healed":17,"gold_gain":0,"player_choice":"Healed","damage_taken":0,"max_hp_gain":0,"max_hp_loss":0,"event_name":"The Cleric","floor":10,"gold_loss":35},{"damage_healed":0,"gold_gain":0,"player_choice":"Leave","duelist":true,"damage_taken":0,"max_hp_gain":0,"max_hp_loss":0,"event_name":"Battle City","floor":12,"gold_loss":0},{"damage_healed":0,"gold_gain":0,"player_choice":"Leave","duelist":true,"damage_taken":0,"max_hp_gain":0,"max_hp_loss":0,"event_name":"Relic Duplicator","floor":20,"gold_loss":0},{"damage_healed":0,"gold_gain":0,"player_choice":"Smashed Altar","damage_taken":0,"max_hp_gain":0,"max_hp_loss":0,"event_name":"Forgotten Altar","floor":21,"gold_loss":0,"cards_obtained":["Decay"]}],"is_beta":false,"boss_relics":[{"not_picked":["Ectoplasm","SlaversCollar"],"picked":"Replay:Wanted Poster"}],"items_purged_floors":[],"is_endless":false,"potions_floor_spawned":[2,11,13,14,18,19],"killed_by":"Book of Stabbing","ascension_level":20}}