{"host":"pe7ycb8t2t906so2","time":1611619448,"event":{"mods":["BaseMod","Colored Map","Highlight Path","Minty Spire (QoL Compilation)"],"gold_per_floor":[111,111,186,200,200,200,218,218,243,243,263,281,293,293,293,372,372,386,398,209,209,134,134,134,134],"floor_reached":24,"language":"FRA","playtime":1149,"items_purged":["Strike_B"],"score":326,"play_id":"6ba07c77-5027-49f8-ada3-5ced63974190","local_time":"20210125190408","is_ascension_mode":true,"campfire_choices":[{"data":"Zap","floor":6,"key":"SMITH"},{"data":"Dualcast","floor":8,"key":"SMITH"},{"floor":10,"key":"REST"},{"floor":15,"key":"REST"},{"floor":23,"key":"REST"}],"circlet_count":0,"master_deck":["AscendersBane","Strike_B","Strike_B+1","Defend_B","Defend_B","Defend_B+1","Defend_B","Zap+1","Dualcast+1","Genetic Algorithm","Cold Snap","Steam","Self Repair","Ball Lightning","Echo Form","Ball Lightning","Undo+1","Defragment","White Noise"],"relics":["Inserter","FaceOfCleric","Akabeko","Darkstone Periapt","Sozu"],"acts_visited":["Exordium","TheCity"],"potions_floor_usage":[16],"damage_taken":[{"damage":14,"enemies":"Jaw Worm","floor":1,"turns":3},{"damage":1,"enemies":"Small Slimes","floor":4,"turns":5},{"damage":0,"enemies":"2 Louse","floor":7,"turns":4},{"damage":5,"enemies":"Gremlin Gang","floor":11,"turns":4},{"damage":0,"enemies":"Looter","floor":12,"turns":4},{"damage":12,"enemies":"Blue Slaver","floor":13,"turns":3},{"damage":28,"enemies":"The Guardian","floor":16,"turns":12},{"damage":23,"enemies":"3 Byrds","floor":18,"turns":6},{"damage":5,"enemies":"Spheric Guardian","floor":19,"turns":4},{"damage":67,"enemies":"Gremlin Leader","floor":24,"turns":7}],"seed_played":"1789312142908689065","potions_obtained":[{"floor":11,"key":"Strength Potion"},{"floor":16,"key":"Ancient Potion"}],"is_trial":false,"path_per_floor":["M","?","?","M","?","R","M","R","T","R","M","M","M","?","R","B",null,"M","M","$","?","?","R","E"],"character_chosen":"DEFECT","items_purchased":["Defragment","White Noise"],"campfire_rested":3,"item_purchase_floors":[20,20],"current_hp_per_floor":[50,29,18,17,17,17,18,18,18,39,35,43,39,21,43,23,63,48,51,51,29,29,53,0,0],"gold":134,"neow_bonus":"BOSS_RELIC","is_daily":false,"chose_seed":false,"campfire_upgraded":2,"win_rate":0.0,"timestamp":1611619448,"path_taken":["M","?","?","M","?","R","M","R","T","R","?","M","M","?","R","BOSS","M","M","$","?","?","R","E"],"items_purchased_type":["Card","Card"],"build_version":"2020-12-22","purchased_purges":1,"victory":false,"max_hp_per_floor":[71,71,71,71,71,71,72,72,72,72,73,74,75,75,75,76,76,77,78,78,83,83,83,83,83],"card_choices":[{"not_picked":["Stack","Go for the Eyes"],"picked":"Genetic Algorithm","floor":1},{"not_picked":["Stack","Steam"],"picked":"Cold Snap","floor":4},{"not_picked":["Beam Cell","Rip and Tear"],"picked":"Steam","floor":7},{"not_picked":["Barrage","Steam"],"picked":"Self Repair","floor":11},{"not_picked":["Undo","Turbo","Hologram"],"picked":"SKIP","floor":12},{"not_picked":["Beam Cell","Leap"],"picked":"Ball Lightning","floor":13},{"not_picked":["Creative AI","Buffer"],"picked":"Echo Form","floor":16},{"not_picked":["Streamline","Conserve Battery"],"picked":"Ball Lightning","floor":18},{"not_picked":["Steam","Reprogram"],"picked":"Undo+1","floor":19}],"player_experience":943140,"relics_obtained":[{"floor":9,"key":"Akabeko"}],"event_choices":[{"damage_healed":0,"gold_gain":0,"player_choice":"Entered Light","damage_taken":21,"max_hp_gain":0,"max_hp_loss":0,"event_name":"Shining Light","floor":2,"gold_loss":0,"cards_upgraded":["Defend_B","Strike_B"]},{"damage_healed":0,"gold_gain":75,"player_choice":"Gather Gold","damage_taken":11,"max_hp_gain":0,"max_hp_loss":0,"event_name":"World of Goop","floor":3,"gold_loss":0},{"damage_healed":0,"gold_gain":0,"player_choice":"Trade","damage_taken":0,"relics_obtained":["FaceOfCleric"],"max_hp_gain":0,"max_hp_loss":0,"event_name":"FaceTrader","floor":5,"gold_loss":0},{"damage_healed":0,"gold_gain":0,"player_choice":"Success","damage_taken":18,"relics_obtained":["Darkstone Periapt"],"max_hp_gain":0,"max_hp_loss":0,"event_name":"Scrap Ooze","floor":14,"gold_loss":0},{"damage_healed":0,"gold_gain":0,"player_choice":"Shed Blood","damage_taken":27,"max_hp_gain":5,"max_hp_loss":0,"event_name":"Forgotten Altar","floor":21,"gold_loss":0},{"cards_removed":["Strike_B"],"damage_healed":0,"gold_gain":0,"player_choice":"Gave Gold","damage_taken":0,"max_hp_gain":0,"max_hp_loss":0,"event_name":"Beggar","floor":22,"gold_loss":75}],"is_beta":false,"boss_relics":[{"not_picked":["Runic Dome","SlaversCollar"],"picked":"Sozu"}],"items_purged_floors":[20],"is_endless":false,"potions_floor_spawned":[11,16,18],"killed_by":"Gremlin Leader","ascension_level":15}}