{"host":"qgrlfjrqk9z96gfi","time":1611623091,"event":{"mods":["BaseMod","Block Reminder","Colored Map","Custom Start","DeckTracker","Minty Spire (QoL Compilation)"],"gold_per_floor":[119,132,132,152,132,132,147,167,167,186,201,38,38,61,61,61,61],"floor_reached":16,"language":"ENG","playtime":463,"items_purged":["Strike_G"],"score":192,"play_id":"695d3f74-ae2f-49d7-b7b5-854ce52f7b62","local_time":"20210125150451","is_ascension_mode":true,"campfire_choices":[{"data":"Riddle With Holes","floor":6.0,"key":"SMITH"},{"data":"Poisoned Stab","floor":13.0,"key":"SMITH"},{"data":"Corpse Explosion","floor":15.0,"key":"SMITH"}],"circlet_count":0,"master_deck":["AscendersBane","Strike_G","Strike_G","Defend_G","Defend_G","Defend_G","Defend_G","Survivor","Neutralize","Catalyst+1","Bullet Time+1","Sucker Punch+1","Catalyst","Riddle With Holes+1","Bane","PiercingWail","Backflip","Dagger Throw","Poisoned Stab+1","Dagger Spray","Corpse Explosion+1"],"relics":["Astrolabe","Golden Idol","Anchor"],"acts_visited":["Exordium"],"potions_floor_usage":[],"damage_taken":[{"damage":0.0,"enemies":"Small Slimes","floor":1.0,"turns":5.0},{"damage":2.0,"enemies":"Cultist","floor":2.0,"turns":5.0},{"damage":9.0,"enemies":"Jaw Worm","floor":4.0,"turns":4.0},{"damage":2.0,"enemies":"3 Louse","floor":7.0,"turns":4.0},{"damage":19.0,"enemies":"Large Slime","floor":8.0,"turns":9.0},{"damage":4.0,"enemies":"2 Fungi Beasts","floor":10.0,"turns":4.0},{"damage":1.0,"enemies":"Lots of Slimes","floor":11.0,"turns":4.0},{"damage":15.0,"enemies":"Red Slaver","floor":14.0,"turns":4.0},{"damage":35,"enemies":"Slime Boss","floor":16,"turns":6}],"seed_played":"4248723084466264679","potions_obtained":[{"floor":1.0,"key":"GamblersBrew"},{"floor":4.0,"key":"Regen Potion"},{"floor":5.0,"key":"Fruit Juice"},{"floor":10.0,"key":"DistilledChaos"}],"is_trial":false,"path_per_floor":["M","M","?","M","?","R","M","M","T","M","M","$","R","M","R","B"],"character_chosen":"THE_SILENT","items_purchased":["Poisoned Stab","Dagger Spray"],"campfire_rested":0,"item_purchase_floors":[12,12],"current_hp_per_floor":[59,57,57,48,53,53,51,47,47,43,42,42,42,27,27,0,0],"gold":61,"neow_bonus":"BOSS_RELIC","is_daily":false,"chose_seed":false,"campfire_upgraded":3,"win_rate":0.0,"timestamp":1611623091,"path_taken":["M","M","?","M","?","R","?","M","T","M","?","$","R","M","R","BOSS"],"items_purchased_type":["Card","Card"],"build_version":"2020-12-22","purchased_purges":1,"victory":false,"max_hp_per_floor":[66,66,60,60,65,65,65,65,65,65,65,65,65,65,65,65,65],"card_choices":[{"not_picked":["Finisher","Outmaneuver"],"picked":"Catalyst","floor":1.0},{"not_picked":["Accuracy","Cloak And Dagger"],"picked":"Riddle With Holes","floor":2.0},{"not_picked":["Deflect","Prepared"],"picked":"Bane","floor":4.0},{"not_picked":["Bane","Deflect"],"picked":"PiercingWail","floor":7.0},{"not_picked":["Acrobatics","Blade Dance","Setup"],"picked":"SKIP","floor":8.0},{"not_picked":["Outmaneuver","Dodge and Roll"],"picked":"Backflip","floor":10.0},{"not_picked":["Skewer","Flying Knee"],"picked":"Dagger Throw","floor":11.0},{"not_picked":["Quick Slash","Masterful Stab"],"picked":"Corpse Explosion","floor":14.0}],"player_experience":1064818,"relics_obtained":[{"floor":9.0,"key":"Anchor"}],"event_choices":[{"damage_healed":0.0,"max_hp_gain":0.0,"max_hp_loss":6.0,"gold_gain":0.0,"event_name":"Golden Idol","player_choice":"Lose Max HP","floor":3.0,"gold_loss":0.0,"damage_taken":0.0,"relics_obtained":["Golden Idol"]},{"damage_healed":0.0,"max_hp_gain":0.0,"max_hp_loss":0.0,"gold_gain":0.0,"event_name":"The Woman in Blue","player_choice":"Bought 1 Potion","floor":5.0,"gold_loss":0.0,"damage_taken":0.0}],"is_beta":false,"boss_relics":[],"items_purged_floors":[12],"is_endless":false,"potions_floor_spawned":[1,4,10],"killed_by":"Slime Boss","ascension_level":20}}