{"host":"syozzdlzcqop4jia","time":1611689412,"event":{"mods":["BaseMod","Colored Map","Colored Powertips","Minty Spire (QoL Compilation)","Quick Restart"],"gold_per_floor":[118,118,218,230,3,37,55,55,81,81,99,113,144,156,156,256,256,272,272,286,303,322,322,355,355,423,423,423,522,597,611,611,709,709,728,728,728,728,739,739,751,751,798,847,847,409,409,438,438,438,438],"floor_reached":50,"language":"ENG","playtime":3146,"items_purged":["Rage"],"score":573,"play_id":"05742cd9-d683-47fa-a47e-0fd99f2a97c7","local_time":"20210126203012","is_ascension_mode":true,"campfire_choices":[{"data":"Immolate","floor":10,"key":"SMITH"},{"data":"Carnage","floor":15,"key":"SMITH"},{"data":"Searing Blow","floor":23,"key":"SMITH"},{"floor":25,"key":"REST"},{"floor":27,"key":"REST"},{"data":"Shrug It Off","floor":32,"key":"SMITH"},{"data":"Feed","floor":40,"key":"SMITH"},{"data":"Ghostly Armor","floor":47,"key":"SMITH"},{"floor":49,"key":"REST"}],"circlet_count":0,"master_deck":["Strike_R","Strike_R","Strike_R+1","Strike_R","Defend_R+1","Defend_R+1","Bash+1","Carnage+1","Battle Trance","Rampage","Immolate+1","Anger","Ghostly Armor+1","Searing Blow+1","Anger","Offering","Headbutt+1","Dark Embrace+1","Intimidate+1","Shrug It Off+1","Disarm+1","Anger+1","Feed+1","Rage","Swift Strike","Madness","Madness","Parasite","Seeing Red+1","Fiend Fire","True Grit","Double Tap"],"relics":["Burning Blood","Smiling Mask","Juzu Bracelet","Strawberry","Vajra","Astrolabe","Bag of Marbles","Question Card","Nloth\u0027s Gift","Mark of Pain","Art of War","Dead Branch","Bronze Scales","Bottled Tornado","Orichalcum"],"acts_visited":["Exordium","TheCity","TheBeyond"],"potions_floor_usage":[33,44,44],"damage_taken":[{"damage":0,"enemies":"2 Louse","floor":1,"turns":2},{"damage":0,"enemies":"Small Slimes","floor":4,"turns":3},{"damage":16,"enemies":"3 Sentries","floor":6,"turns":5},{"damage":0,"enemies":"Cultist","floor":7,"turns":2},{"damage":0,"enemies":"3 Louse","floor":11,"turns":2},{"damage":4,"enemies":"Looter","floor":12,"turns":3},{"damage":20,"enemies":"Lagavulin","floor":13,"turns":5},{"damage":8,"enemies":"Red Slaver","floor":14,"turns":2},{"damage":41,"enemies":"The Guardian","floor":16,"turns":9},{"damage":14,"enemies":"2 Thieves","floor":18,"turns":3},{"damage":0,"enemies":"Chosen","floor":20,"turns":4},{"damage":10,"enemies":"3 Cultists","floor":21,"turns":4},{"damage":20,"enemies":"Snake Plant","floor":22,"turns":2},{"damage":42,"enemies":"Gremlin Leader","floor":24,"turns":7},{"damage":6,"enemies":"Cultist and Chosen","floor":31,"turns":4},{"damage":70,"enemies":"Collector","floor":33,"turns":10},{"damage":11,"enemies":"3 Shapes","floor":35,"turns":3},{"damage":19,"enemies":"Orb Walker","floor":39,"turns":3},{"damage":31,"enemies":"Writhing Mass","floor":41,"turns":7},{"damage":16,"enemies":"2 Orb Walkers","floor":44,"turns":3},{"damage":49,"enemies":"Giant Head","floor":48,"turns":8},{"damage":46,"enemies":"Time Eater","floor":50,"turns":6}],"seed_played":"5104542916267775935","potions_obtained":[{"floor":1,"key":"Weak Potion"},{"floor":4,"key":"ColorlessPotion"},{"floor":13,"key":"Dexterity Potion"},{"floor":33,"key":"Explosive Potion"},{"floor":39,"key":"Ancient Potion"},{"floor":41,"key":"Block Potion"},{"floor":48,"key":"SkillPotion"}],"is_trial":false,"path_per_floor":["M","?","?","M","$","E","M","?","T","R","M","M","E","M","R","B",null,"M","?","M","M","M","R","E","R","T","R","?","?","?","M","R","B",null,"M","?","?","?","M","R","M","?","T","?","?","$","R","E","R","B"],"character_chosen":"IRONCLAD","items_purchased":["Immolate","War Paint","Bronze Scales","Bottled Tornado"],"campfire_rested":3,"item_purchase_floors":[5,5,46,46],"current_hp_per_floor":[80,73,73,79,79,69,75,59,66,66,72,74,60,58,58,23,87,79,79,85,81,67,67,31,57,57,83,83,83,75,75,75,11,87,82,82,82,71,58,58,33,76,76,66,66,66,66,23,45,0,0],"gold":438,"neow_bonus":"THREE_CARDS","is_daily":false,"chose_seed":false,"campfire_upgraded":6,"win_rate":0.0,"timestamp":1611689412,"path_taken":["M","?","?","M","$","E","M","?","T","R","M","M","E","M","R","BOSS","M","?","M","M","M","R","E","R","T","R","?","?","?","M","R","BOSS","M","?","?","?","M","R","M","?","T","?","?","?","R","E","R","BOSS"],"items_purchased_type":["Card","Relic","Relic","Relic"],"build_version":"2020-12-22","purchased_purges":1,"victory":false,"max_hp_per_floor":[80,80,80,80,80,80,80,80,87,87,87,87,87,87,87,87,87,87,87,87,87,87,87,87,87,87,87,87,87,87,87,87,87,87,87,87,87,87,87,87,87,76,76,76,76,76,76,76,76,76,76],"card_choices":[{"not_picked":["Evolve","Clash"],"picked":"Carnage","floor":0},{"not_picked":["Thunderclap","Flex"],"picked":"Battle Trance","floor":1},{"not_picked":["Clash","Body Slam"],"picked":"Rampage","floor":4},{"not_picked":["Dark Embrace","Clothesline"],"picked":"Anger","floor":6},{"not_picked":["Havoc","Blood for Blood"],"picked":"Ghostly Armor","floor":7},{"not_picked":["Headbutt","Blood for Blood"],"picked":"Searing Blow","floor":11},{"not_picked":["Flex","Barricade"],"picked":"Anger","floor":12},{"not_picked":["Sever Soul","Pummel"],"picked":"Rage","floor":13},{"not_picked":["Wild Strike","Dual Wield","Second Wind"],"picked":"SKIP","floor":14},{"not_picked":["Juggernaut","Exhume"],"picked":"Offering","floor":16},{"not_picked":["Havoc","Anger+1"],"picked":"Shrug It Off","floor":18},{"not_picked":["Clash+1","Fire Breathing"],"picked":"Disarm+1","floor":20},{"not_picked":["Bloodletting","Rampage","Armaments"],"picked":"SKIP","floor":21},{"not_picked":["Perfected Strike","Bloodletting","Pommel Strike"],"picked":"SKIP","floor":22},{"not_picked":["Bludgeon","Havoc"],"picked":"Anger+1","floor":24},{"not_picked":["Havoc","Thunderclap","Dark Embrace+1","Cleave"],"picked":"SKIP","floor":31},{"not_picked":["Reaper","Berserk","Brutality"],"picked":"Feed","floor":33},{"not_picked":["Intimidate+1","Burning Pact","Offering"],"picked":"Rage","floor":35},{"not_picked":["Deep Breath","Madness","Sadistic Nature"],"picked":"Swift Strike","floor":37},{"not_picked":["Entrench+1","Havoc","Rage+1","True Grit"],"picked":"SKIP","floor":39},{"not_picked":["Blood for Blood","Pommel Strike+1","Heavy Blade"],"picked":"Seeing Red+1","floor":41},{"not_picked":["Reckless Charge","Rage+1","Sever Soul"],"picked":"Fiend Fire","floor":44},{"not_picked":["Brutality","Feel No Pain","Corruption"],"picked":"Double Tap","floor":48}],"player_experience":396200,"relics_obtained":[{"floor":6,"key":"Juzu Bracelet"},{"floor":9,"key":"Strawberry"},{"floor":13,"key":"Vajra"},{"floor":24,"key":"Bag of Marbles"},{"floor":26,"key":"Question Card"},{"floor":43,"key":"Art of War"},{"floor":44,"key":"Dead Branch"},{"floor":48,"key":"Orichalcum"}],"event_choices":[{"damage_healed":0,"gold_gain":0,"player_choice":"Success","damage_taken":7,"relics_obtained":["Smiling Mask"],"max_hp_gain":0,"max_hp_loss":0,"event_name":"Scrap Ooze","floor":2,"gold_loss":0},{"damage_healed":0,"gold_gain":100,"player_choice":"Pray","damage_taken":0,"max_hp_gain":0,"max_hp_loss":0,"event_name":"Golden Shrine","floor":3,"gold_loss":0},{"damage_healed":0,"gold_gain":0,"player_choice":"Entered Light","damage_taken":16,"max_hp_gain":0,"max_hp_loss":0,"event_name":"Shining Light","floor":8,"gold_loss":0,"cards_upgraded":["Strike_R","Bash"]},{"damage_healed":0,"gold_gain":0,"player_choice":"Ignored","damage_taken":0,"max_hp_gain":0,"max_hp_loss":0,"event_name":"Vampires","floor":19,"gold_loss":0},{"damage_healed":0,"gold_gain":0,"player_choice":"Traded Relic","damage_taken":0,"relics_obtained":["Nloth\u0027s Gift"],"max_hp_gain":0,"max_hp_loss":0,"event_name":"N\u0027loth","floor":28,"relics_lost":["War Paint"],"gold_loss":0},{"damage_healed":0,"gold_gain":99,"player_choice":"Stole From Cult","damage_taken":0,"max_hp_gain":0,"max_hp_loss":0,"event_name":"Nest","floor":29,"gold_loss":0},{"damage_healed":0,"gold_gain":75,"player_choice":"Touch","damage_taken":8,"max_hp_gain":0,"max_hp_loss":0,"event_name":"FaceTrader","floor":30,"gold_loss":0},{"damage_healed":0,"gold_gain":0,"player_choice":"Ignored","damage_taken":0,"max_hp_gain":0,"max_hp_loss":0,"event_name":"Tomb of Lord Red Mask","floor":36,"gold_loss":0},{"damage_healed":0,"gold_gain":0,"player_choice":"Memory 1","damage_taken":0,"max_hp_gain":0,"max_hp_loss":0,"event_name":"SensoryStone","floor":37,"gold_loss":0},{"damage_healed":0,"gold_gain":0,"player_choice":"Embrace Madness","damage_taken":11,"max_hp_gain":0,"max_hp_loss":0,"event_name":"Winding Halls","floor":38,"gold_loss":0,"cards_obtained":["Madness","Madness"]},{"damage_healed":76,"gold_gain":0,"player_choice":"Heal","damage_taken":0,"max_hp_gain":0,"max_hp_loss":11,"event_name":"The Moai Head","floor":42,"gold_loss":0},{"damage_healed":0,"gold_gain":0,"player_choice":"Fight","damage_taken":0,"max_hp_gain":0,"max_hp_loss":0,"event_name":"Mysterious Sphere","floor":44,"gold_loss":0},{"damage_healed":0,"gold_gain":0,"player_choice":"1 cards matched","damage_taken":0,"max_hp_gain":0,"max_hp_loss":0,"event_name":"Match and Keep!","floor":45,"gold_loss":0,"cards_obtained":["True Grit"]}],"is_beta":false,"boss_relics":[{"not_picked":["SacredBark","Runic Dome"],"picked":"Astrolabe"},{"not_picked":["Runic Cube","Sozu"],"picked":"Mark of Pain"}],"items_purged_floors":[46],"is_endless":false,"potions_floor_spawned":[1,4,13,22,31,33,39,41,48],"killed_by":"Time Eater","ascension_level":2}}