{"host":"cbnfbo28eyz4xcn1","time":1611622550,"event":{"mods":["BaseMod","Colored Map","Colored Powertips","Infinite Spire","Minty Spire (QoL Compilation)","Replay The Spire","StSLib"],"gold_per_floor":[109,122,141,141,60,60,70,102,102,102,102,113,113,128,128,233,233,246,246,19,19,37,37,63,63,63,73,107,118,118,118,118,118,118],"floor_reached":33,"language":"ENG","playtime":2343,"items_purged":[],"score":371,"play_id":"73dac8c2-10ac-4eca-a76b-5e76793b6cc5","local_time":"20210126015550","is_ascension_mode":true,"campfire_choices":[{"floor":6.0,"key":"REST"},{"floor":11.0,"key":"REST"},{"data":"Double Energy","floor":13.0,"key":"SMITH"},{"data":"Dramatic Entrance","floor":15.0,"key":"SMITH"},{"data":"Zap","floor":23,"key":"SMITH"},{"floor":25,"key":"REST"},{"floor":32,"key":"REST"}],"circlet_count":0,"master_deck":["Strike_B+1","Strike_B+1","Defend_B+1","Defend_B+1","Defend_B+1","Defend_B+1","Zap+1","Dualcast","Strike_B+1","Survivor","Tempest+1","Sweeping Beam","Sweeping Beam","Dramatic Entrance+1","Double Energy+1","Leap","BasicCrystalCard+1","Conserve Battery+1","Buffer+1","Panic Button+1","FIFO Queue","Conserve Battery+1","Hologram+1","ReplayTheSpireMod:Calculation Training+1","Creative AI","Storm","CurseOfTheBell"],"relics":["Cracked Core","Pocketwatch","Toxic Egg 2","Black Star","Guide Book","ReplayTheSpireMod:Ninjato","Mirror","Pet Ghost","InkBottle","infinitespire:CheckeredPen","Calling Bell","Carrot","Replay:Antivirus Software","WingedGreaves"],"acts_visited":["Exordium","TheCity"],"potions_floor_usage":[18,24],"damage_taken":[{"damage":10.0,"enemies":"infinitespire:Voidling","floor":1.0,"turns":4.0},{"damage":6.0,"enemies":"Cultist","floor":2.0,"turns":3.0},{"damage":9.0,"enemies":"2 Louse","floor":3.0,"turns":2.0},{"damage":5.0,"enemies":"Exordium Wildlife","floor":7.0,"turns":2.0},{"damage":15.0,"enemies":"3 Sentries","floor":8.0,"turns":4.0},{"damage":10.0,"enemies":"Exordium Thugs","floor":12.0,"turns":2.0},{"damage":0.0,"enemies":"Large Slime","floor":14.0,"turns":3.0},{"damage":31.0,"enemies":"Hexaghost","floor":16.0,"turns":9.0},{"damage":11,"enemies":"Spheric Guardian","floor":18,"turns":5},{"damage":0,"enemies":"Chosen","floor":22,"turns":4},{"damage":21,"enemies":"Slavers","floor":24,"turns":5},{"damage":14,"enemies":"Snake Plant","floor":27,"turns":4},{"damage":21,"enemies":"Book of Stabbing","floor":28,"turns":5},{"damage":3,"enemies":"Chosen and Byrds","floor":29,"turns":5},{"damage":55,"enemies":"Pondfish","floor":33,"turns":6}],"seed_played":"-2666135836348502237","potions_obtained":[{"floor":3.0,"key":"CultistPotion"},{"floor":7.0,"key":"Elixir"},{"floor":12.0,"key":"LiquidMemories"},{"floor":14.0,"key":"EssenceOfDarkness"},{"floor":16.0,"key":"AttackPotion"},{"floor":22,"key":"PowerPotion"},{"floor":24,"key":"Milkshake"},{"floor":27,"key":"Elixir"}],"is_trial":false,"path_per_floor":["M","M","M","?","$","R","M","E","T","?","R","M","R","M","R","B",null,"M","?","$","?","M","R","E","R","T","M","E","M","AVR","?","R","B"],"character_chosen":"DEFECT","items_purchased":["Dramatic Entrance","FIFO Queue","Guide Book"],"campfire_rested":4,"item_purchase_floors":[5,20,20],"current_hp_per_floor":[72,66,57,57,57,83,78,63,63,56,82,72,72,72,72,41,77,66,66,66,66,66,66,45,71,71,57,36,33,33,27,53,0,0],"gold":118,"neow_bonus":"TWENTY_PERCENT_HP_BONUS","is_daily":false,"chose_seed":false,"campfire_upgraded":3,"win_rate":0.0,"timestamp":1611622550,"path_taken":["M","M","?","?","?","R","M","E","T","?","R","M","R","?","R","BOSS","M","?","$","?","M","R","E","R","T","M","E","M","AVR","?","R","BOSS"],"items_purchased_type":["Card","Card","Relic"],"build_version":"2020-12-22","purchased_purges":0,"victory":false,"max_hp_per_floor":[89,89,89,89,89,89,89,89,89,89,89,89,89,89,89,89,89,89,89,89,89,89,89,89,89,89,89,89,89,89,89,89,89,89],"card_choices":[{"not_picked":["Rebound","Beam Cell"],"picked":"Tempest","floor":1.0},{"not_picked":["Loop","Barrage"],"picked":"Sweeping Beam","floor":2.0},{"not_picked":["Ball Lightning","Gash"],"picked":"Sweeping Beam","floor":3.0},{"not_picked":["Barrage","Undo"],"picked":"Double Energy","floor":7.0},{"not_picked":["ReplayTheSpireMod:Repulse","Steam Power"],"picked":"Leap","floor":8.0},{"not_picked":["Go for the Eyes","Storm"],"picked":"BasicCrystalCard+1","floor":12.0},{"not_picked":["Stack+1","Darkness+1"],"picked":"Conserve Battery+1","floor":14.0},{"not_picked":["Meteor Strike","Rainbow+1"],"picked":"Buffer","floor":16.0},{"not_picked":["Coolheaded+1","Cold Snap"],"picked":"Panic Button+1","floor":18},{"not_picked":["Undo+1","Aggregate+1"],"picked":"Conserve Battery+1","floor":22},{"not_picked":["Time Bomb+1","Beam Cell"],"picked":"Hologram+1","floor":24},{"not_picked":["Conserve Battery+1","Rip and Tear"],"picked":"ReplayTheSpireMod:Calculation Training+1","floor":27},{"not_picked":["Go for the Eyes","Rebound"],"picked":"Creative AI","floor":28},{"not_picked":["Streamline+1","Rip and Tear+1"],"picked":"Storm","floor":29}],"player_experience":494882,"relics_obtained":[{"floor":8.0,"key":"Pocketwatch"},{"floor":9.0,"key":"Toxic Egg 2"},{"floor":24,"key":"ReplayTheSpireMod:Ninjato"},{"floor":24,"key":"Mirror"},{"floor":26,"key":"Pet Ghost"},{"floor":28,"key":"InkBottle"},{"floor":28,"key":"infinitespire:CheckeredPen"},{"floor":30,"key":"Carrot"},{"floor":30,"key":"Replay:Antivirus Software"},{"floor":30,"key":"WingedGreaves"}],"event_choices":[{"cards_removed":["Strike_B"],"damage_healed":0.0,"max_hp_gain":0.0,"max_hp_loss":0.0,"gold_gain":0.0,"event_name":"Bonfire Elementals","player_choice":"Offered Basic","floor":4.0,"gold_loss":0.0,"damage_taken":0.0},{"cards_removed":["Strike_B"],"damage_healed":0.0,"max_hp_gain":0.0,"max_hp_loss":0.0,"gold_gain":0.0,"event_name":"Golden Wing","player_choice":"Card Removal","floor":10.0,"gold_loss":0.0,"damage_taken":7.0},{"damage_healed":0,"gold_gain":0,"player_choice":"Ignored","damage_taken":0,"max_hp_gain":0,"max_hp_loss":0,"event_name":"Ghosts","floor":19,"gold_loss":0},{"damage_healed":0,"gold_gain":0,"player_choice":"Simplicity","damage_taken":0,"max_hp_gain":0,"max_hp_loss":0,"event_name":"Back to Basics","floor":21,"gold_loss":0,"cards_upgraded":["Strike_B","Strike_B","Defend_B","Defend_B","Defend_B","Defend_B","Strike_B"]},{"damage_healed":0,"gold_gain":0,"player_choice":"","damage_taken":6,"max_hp_gain":0,"max_hp_loss":0,"event_name":"Knowing Skull","floor":31,"potions_obtained":[],"gold_loss":0,"cards_obtained":[]}],"is_beta":false,"boss_relics":[{"not_picked":["Replay:Wanted Poster","Replay:Bronze Core"],"picked":"Black Star"}],"items_purged_floors":[],"is_endless":false,"potions_floor_spawned":[3,7,12,14,16,22,24,27],"killed_by":"Pondfish","ascension_level":6}}