{"host":"anox4050deqdcqoh","time":1611661919,"event":{"mods":["BaseMod","Colored Map","Highlight Path","Minty Spire (QoL Compilation)","Quick Restart","Rare Cards Sparkle","everything is the same but u backflip on backflip"],"gold_per_floor":[15,15,32,32,49,49,74,74,74,91,123,123,123,135,135,238,238,250,263,278,35,50,77,77,90,90,109,109,109,109,109,109,205,205,224,224,74,54,70,98,98,126,126,126,145,145,145,159,159,159,159],"floor_reached":50,"language":"ENG","playtime":2125,"items_purged":["Corruption"],"score":610,"play_id":"9252c242-63c4-4020-beac-719b1f3ac2c6","local_time":"20210126065159","is_ascension_mode":true,"campfire_choices":[{"data":"Fire Breathing","floor":6.0,"key":"SMITH"},{"data":"Sword Boomerang","floor":8.0,"key":"SMITH"},{"data":"Bash","floor":13.0,"key":"SMITH"},{"data":"Defend_R","floor":15.0,"key":"SMITH"},{"floor":24.0,"key":"REST"},{"floor":28.0,"key":"REST"},{"floor":30.0,"key":"REST"},{"floor":32.0,"key":"REST"},{"floor":41.0,"key":"REST"},{"floor":44.0,"key":"REST"},{"floor":46.0,"key":"REST"},{"floor":49,"key":"RECALL"}],"circlet_count":0,"master_deck":["Strike_R+1","Strike_R+1","Strike_R+1","Strike_R+1","Defend_R+1","Defend_R+1","Defend_R+1","Defend_R+1","Bash+1","Sword Boomerang+1","Fire Breathing+1","Iron Wave+1","Reckless Charge+1","Sever Soul+1","Bludgeon+1","Inflame","Spot Weakness+1","Burning Pact+1","Body Slam+1","Immolate+1","Evolve","Spot Weakness+1","Heavy Blade+1","Inflame","Feel No Pain+1","Dropkick+1"],"relics":["Burning Blood","CaptainsWheel","Bronze Scales","Molten Egg 2","Vajra","Busted Crown","Membership Card","Ornamental Fan","Bird Faced Urn","SacredBark","HandDrill","Omamori","War Paint"],"acts_visited":["Exordium","TheCity","TheBeyond"],"potions_floor_usage":[50,50],"damage_taken":[{"damage":6.0,"enemies":"Cultist","floor":1.0,"turns":3.0},{"damage":5.0,"enemies":"Small Slimes","floor":3.0,"turns":3.0},{"damage":6.0,"enemies":"2 Louse","floor":5.0,"turns":3.0},{"damage":14.0,"enemies":"Gremlin Nob","floor":7.0,"turns":4.0},{"damage":4.0,"enemies":"Red Slaver","floor":10.0,"turns":4.0},{"damage":9.0,"enemies":"3 Sentries","floor":11.0,"turns":5.0},{"damage":0.0,"enemies":"Large Slime","floor":14.0,"turns":5.0},{"damage":54.0,"enemies":"Hexaghost","floor":16.0,"turns":7.0},{"damage":25.0,"enemies":"2 Thieves","floor":18.0,"turns":3.0},{"damage":10.0,"enemies":"3 Byrds","floor":19.0,"turns":3.0},{"damage":16.0,"enemies":"Snake Plant","floor":20.0,"turns":4.0},{"damage":10.0,"enemies":"Sentry and Sphere","floor":22.0,"turns":4.0},{"damage":41.0,"enemies":"Gremlin Leader","floor":23.0,"turns":5.0},{"damage":20.0,"enemies":"Cultist and Chosen","floor":25.0,"turns":5.0},{"damage":11.0,"enemies":"Snecko","floor":27.0,"turns":3.0},{"damage":16.0,"enemies":"Colosseum Slavers","floor":31.0,"turns":3.0},{"damage":71.0,"enemies":"Automaton","floor":33.0,"turns":9.0},{"damage":29.0,"enemies":"3 Darklings","floor":35.0,"turns":5.0},{"damage":6.0,"enemies":"Orb Walker","floor":39.0,"turns":3.0},{"damage":45.0,"enemies":"Nemesis","floor":40.0,"turns":6.0},{"damage":45.0,"enemies":"Reptomancer","floor":42.0,"turns":4.0},{"damage":8.0,"enemies":"Spire Growth","floor":45.0,"turns":4.0},{"damage":36.0,"enemies":"Maw","floor":48.0,"turns":6.0},{"damage":114,"enemies":"Awakened One","floor":50,"turns":10}],"seed_played":"6868591685834958326","potions_obtained":[{"floor":3.0,"key":"SkillPotion"},{"floor":7.0,"key":"DuplicationPotion"},{"floor":11.0,"key":"SpeedPotion"},{"floor":14.0,"key":"LiquidBronze"},{"floor":16.0,"key":"Weak Potion"},{"floor":23.0,"key":"Ancient Potion"},{"floor":25.0,"key":"FairyPotion"}],"is_trial":false,"path_per_floor":["M","$","M","$","M","R","E","R","T","M","E","?","R","M","R","B",null,"M","M","M","$","M","E","R","M","T","M","R","?","R","?","R","B",null,"M","?","$","?","M","E","R","E","T","R","M","R","?","M","R","B"],"character_chosen":"IRONCLAD","items_purchased":["Membership Card","Inflame","Spot Weakness","Evolve","Spot Weakness","HandDrill"],"campfire_rested":7,"item_purchase_floors":[21,21,21,37,37,37],"current_hp_per_floor":[80,80,80,80,80,80,72,72,72,74,71,71,71,77,77,29,80,61,57,47,47,43,8,32,18,18,15,39,39,63,55,79,18,80,59,59,59,59,59,26,50,15,15,39,43,67,67,45,45,0,0],"gold":159,"neow_bonus":"ONE_RARE_RELIC","is_daily":false,"chose_seed":false,"campfire_upgraded":4,"win_rate":0.0,"timestamp":1611661919,"path_taken":["M","$","M","$","M","R","E","R","T","M","E","?","R","M","R","BOSS","M","M","M","$","M","E","R","M","T","M","R","?","R","?","R","BOSS","M","?","$","?","?","E","R","E","T","R","M","R","?","M","R","BOSS"],"items_purchased_type":["Relic","Card","Card","Card","Card","Relic"],"build_version":"2020-12-22","purchased_purges":1,"victory":false,"max_hp_per_floor":[80,80,80,80,80,80,80,80,80,80,80,80,80,80,80,80,80,80,80,80,80,80,80,80,80,80,80,80,80,80,80,80,80,80,80,80,80,80,80,80,80,80,80,80,80,80,80,80,80,80,80],"card_choices":[{"not_picked":["Disarm","Perfected Strike"],"picked":"Sword Boomerang","floor":1.0},{"not_picked":["Reckless Charge","Metallicize"],"picked":"Fire Breathing","floor":3.0},{"not_picked":["Perfected Strike","Thunderclap","Body Slam"],"picked":"SKIP","floor":5.0},{"not_picked":["Twin Strike","Limit Break","Armaments"],"picked":"SKIP","floor":7.0},{"not_picked":["Heavy Blade+1","Pommel Strike+1"],"picked":"Iron Wave+1","floor":10.0},{"not_picked":["Armaments","Warcry"],"picked":"Reckless Charge+1","floor":11.0},{"not_picked":["Shockwave","Anger+1"],"picked":"Sever Soul+1","floor":14.0},{"not_picked":["Offering","Juggernaut"],"picked":"Bludgeon+1","floor":16.0},{"not_picked":["Headbutt+1"],"picked":"SKIP","floor":18.0},{"not_picked":["Sever Soul+1"],"picked":"SKIP","floor":19.0},{"not_picked":["Anger+1"],"picked":"SKIP","floor":20.0},{"not_picked":[],"picked":"Searing Blow+1","floor":22.0},{"not_picked":["Havoc+1"],"picked":"SKIP","floor":23.0},{"not_picked":[],"picked":"Burning Pact+1","floor":25.0},{"not_picked":[],"picked":"Body Slam+1","floor":27.0},{"not_picked":[],"picked":"Immolate+1","floor":33.0},{"not_picked":["Perfected Strike+1"],"picked":"SKIP","floor":35.0},{"not_picked":[],"picked":"Heavy Blade+1","floor":39.0},{"not_picked":[],"picked":"Inflame","floor":40.0},{"not_picked":["Offering"],"picked":"SKIP","floor":42.0},{"not_picked":[],"picked":"Feel No Pain+1","floor":45.0},{"not_picked":["Thunderclap+1"],"picked":"SKIP","floor":48.0}],"player_experience":402520,"relics_obtained":[{"floor":7.0,"key":"Bronze Scales"},{"floor":9.0,"key":"Molten Egg 2"},{"floor":11.0,"key":"Vajra"},{"floor":23.0,"key":"Ornamental Fan"},{"floor":26.0,"key":"Bird Faced Urn"},{"floor":40.0,"key":"Omamori"},{"floor":42.0,"key":"War Paint"}],"event_choices":[{"damage_healed":0.0,"max_hp_gain":0.0,"max_hp_loss":0.0,"gold_gain":0.0,"cards_transformed":["Strike_R"],"event_name":"Living Wall","player_choice":"Change","floor":12.0,"gold_loss":0.0,"damage_taken":0.0,"cards_obtained":["Corruption"]},{"damage_healed":0.0,"max_hp_gain":0.0,"max_hp_loss":0.0,"gold_gain":0.0,"event_name":"Back to Basics","player_choice":"Simplicity","floor":29.0,"gold_loss":0.0,"damage_taken":0.0,"cards_upgraded":["Strike_R","Strike_R","Strike_R","Strike_R","Defend_R","Defend_R","Defend_R"]},{"damage_healed":0.0,"max_hp_gain":0.0,"max_hp_loss":0.0,"gold_gain":0.0,"event_name":"Colosseum","player_choice":"Fight","floor":31.0,"gold_loss":0.0,"damage_taken":0.0},{"damage_healed":0.0,"max_hp_gain":0.0,"max_hp_loss":0.0,"gold_gain":0.0,"event_name":"Colosseum","player_choice":"Fled From Nobs","floor":31.0,"gold_loss":0.0,"damage_taken":0.0},{"damage_healed":0.0,"max_hp_gain":0.0,"max_hp_loss":0.0,"gold_gain":0.0,"event_name":"Mysterious Sphere","player_choice":"Ignored","floor":36.0,"gold_loss":0.0,"damage_taken":0.0},{"damage_healed":0.0,"max_hp_gain":0.0,"max_hp_loss":0.0,"gold_gain":0.0,"event_name":"The Woman in Blue","player_choice":"Bought 1 Potion","floor":38.0,"gold_loss":0.0,"damage_taken":0.0},{"damage_healed":0.0,"max_hp_gain":0.0,"max_hp_loss":0.0,"gold_gain":0.0,"cards_transformed":["Searing Blow"],"event_name":"Transmorgrifier","player_choice":"Transformed","floor":47.0,"gold_loss":0.0,"damage_taken":0.0,"cards_obtained":["Dropkick"]}],"is_beta":false,"boss_relics":[{"not_picked":["Tiny House","Sozu"],"picked":"Busted Crown"},{"not_picked":["Philosopher\u0027s Stone","Fusion Hammer"],"picked":"SacredBark"}],"items_purged_floors":[21],"is_endless":false,"potions_floor_spawned":[3,7,11,14,16,22,23,25,31,33,35,39,42],"killed_by":"Awakened One","ascension_level":3}}