{"host":"9d9dhukr2jywmy0f","time":1611693374,"event":{"mods":["2.2 Compatiblity","Alarm Clock","BaseMod","Bestiary","Block Reminder","Colored Map","Colored Powertips","Curses Come First","DeckTracker","Displayed Cursed Tome","Highlight Path","Key Reminder","Minty Spire (QoL Compilation)","Quick Restart","Rare Cards Sparkle","Relic Sorter","Relic Stats","Reliquary","Spire Birthday Party","StSLib","SuperFastMode","Synergy Search","Unceasing Turn Reminder","Unknown Chances"],"gold_per_floor":[119,44,44,44,44,76,76,110,110,121,121,136,146,146,146,146,146],"floor_reached":16,"language":"ZHS","playtime":265,"items_purged":["Strike_R"],"score":316,"play_id":"bdc3bfa7-3409-4893-8173-bad20db12bcf","local_time":"20210127043614","is_ascension_mode":true,"campfire_choices":[{"data":"Body Slam","floor":7.0,"key":"SMITH"},{"data":"Entrench","floor":15.0,"key":"SMITH"}],"circlet_count":0,"master_deck":["AscendersBane","Strike_R","Strike_R+1","Strike_R+1","Defend_R","Defend_R","Defend_R","Defend_R","Bash","Body Slam+1","Entrench+1","Spot Weakness","Shrug It Off","Dual Wield"],"relics":["Burning Blood","NeowsBlessing","Eternal Feather","reliquary:RosewoodLute","reliquary:Firecrackers","Golden Idol"],"acts_visited":["Exordium"],"potions_floor_usage":[16],"damage_taken":[{"damage":0.0,"enemies":"2 Louse","floor":1.0,"turns":1.0},{"damage":0.0,"enemies":"3 Sentries","floor":6.0,"turns":2.0},{"damage":0.0,"enemies":"Lagavulin","floor":8.0,"turns":1.0},{"damage":2.0,"enemies":"Jaw Worm","floor":10.0,"turns":3.0},{"damage":11.0,"enemies":"Small Slimes","floor":12.0,"turns":3.0},{"damage":18.0,"enemies":"Exordium Wildlife","floor":13.0,"turns":6.0},{"damage":12,"enemies":"Hexaghost","floor":16,"turns":9}],"seed_played":"8941616446467700446","potions_obtained":[{"floor":6.0,"key":"LiquidMemories"},{"floor":8.0,"key":"Strength Potion"}],"is_trial":false,"path_per_floor":["M","$","?","?","$","E","R","E","T","M","?","M","M","?","R","B"],"character_chosen":"IRONCLAD","items_purchased":[],"campfire_rested":0,"item_purchase_floors":[],"current_hp_per_floor":[74,74,51,56,56,62,68,74,74,78,78,73,61,33,39,27,27],"gold":146,"neow_bonus":"THREE_ENEMY_KILL","is_daily":false,"chose_seed":false,"campfire_upgraded":2,"win_rate":0.0,"timestamp":1611693374,"path_taken":["M","$","?","?","?","E","R","E","T","M","?","?","M","?","R","BOSS"],"items_purchased_type":[],"build_version":"2020-11-30","purchased_purges":1,"victory":false,"max_hp_per_floor":[75,75,75,80,80,80,80,80,80,80,80,80,80,80,80,80,80],"relic_stats":{"counters":[7,25],"Golden Idol":0,"Eternal Feather":12,"obtain_stats":[{"NeowsBlessing":0,"Golden Idol":14,"reliquary:Firecrackers":9,"Eternal Feather":6,"reliquary:RosewoodLute":8,"Burning Blood":0},{"NeowsBlessing":0,"Golden Idol":6,"reliquary:Firecrackers":3,"Eternal Feather":2,"reliquary:RosewoodLute":3,"Burning Blood":0},{"NeowsBlessing":0,"Golden Idol":16,"reliquary:Firecrackers":4,"Eternal Feather":3,"reliquary:RosewoodLute":4,"Burning Blood":0}],"Burning Blood":36},"card_choices":[{"not_picked":["Sword Boomerang","Heavy Blade"],"picked":"Body Slam","floor":1.0},{"not_picked":["Pummel","Cleave"],"picked":"Entrench","floor":6.0},{"not_picked":["Twin Strike","Havoc","Perfected Strike"],"picked":"SKIP","floor":8.0},{"not_picked":["Searing Blow","Limit Break"],"picked":"Spot Weakness","floor":10.0},{"not_picked":["Warcry","Cleave"],"picked":"Shrug It Off","floor":12.0},{"not_picked":["Sever Soul","Hemokinesis"],"picked":"Dual Wield","floor":13.0}],"player_experience":861580,"relics_obtained":[{"floor":6.0,"key":"Eternal Feather"},{"floor":8.0,"key":"reliquary:RosewoodLute"},{"floor":9.0,"key":"reliquary:Firecrackers"}],"event_choices":[{"damage_healed":0.0,"max_hp_gain":0.0,"max_hp_loss":0.0,"gold_gain":0.0,"event_name":"Shining Light","player_choice":"Entered Light","floor":3.0,"gold_loss":0.0,"damage_taken":23.0,"cards_upgraded":["Strike_R","Strike_R"]},{"damage_healed":0.0,"max_hp_gain":5.0,"max_hp_loss":0.0,"gold_gain":0.0,"event_name":"Big Fish","player_choice":"Donut","floor":4.0,"gold_loss":0.0,"damage_taken":0.0},{"cards_removed":["Strike_R"],"damage_healed":0.0,"max_hp_gain":0.0,"max_hp_loss":0.0,"gold_gain":0.0,"event_name":"Living Wall","player_choice":"Forget","floor":11.0,"gold_loss":0.0,"damage_taken":0.0},{"damage_healed":0.0,"max_hp_gain":0.0,"max_hp_loss":0.0,"gold_gain":0.0,"event_name":"Golden Idol","player_choice":"Take Damage","floor":14.0,"gold_loss":0.0,"damage_taken":28.0,"relics_obtained":["Golden Idol"]}],"is_beta":false,"boss_relics":[],"items_purged_floors":[2],"is_endless":false,"potions_floor_spawned":[6,8,13],"killed_by":"Hexaghost","ascension_level":20}}