{"host":"6jcxerjfmuawfds2","time":1611633828,"event":{"mods":["BaseMod","Infinite Spire","Minty Spire (QoL Compilation)","StSLib"],"gold_per_floor":[114,124,49,66,77,87,107,142,142,142,161,172,172,190,190,292,292,303,4,16,33,49,75,75,109,109,127,127,142,142,142,142,247,247,262,274,274,274,4,36,36,36,60,86,86,115,169,186,186,186],"floor_reached":51,"language":"KOR","playtime":1677,"items_purged":["Strike_P","Eruption","Writhe","WreathOfFlame+1"],"score":1015,"play_id":"1e0037df-e541-42ff-82a6-244743d0aaa0","local_time":"20210126130348","is_ascension_mode":true,"campfire_choices":[{"data":"PathToVictory","floor":10.0,"key":"SMITH"},{"floor":13.0,"key":"REST"},{"floor":15.0,"key":"REST"},{"data":"PathToVictory","floor":24.0,"key":"SMITH"},{"floor":32.0,"key":"REST"},{"floor":42.0,"key":"REST"},{"floor":49,"key":"REST"}],"circlet_count":0,"master_deck":["Vigilance","PathToVictory+1","CrushJoints","PathToVictory+1","ThirdEye","Evaluate","Judgement+1","PathToVictory+1","PathToVictory+1","DeusExMachina+1","ThirdEye+1","Prostrate+1","Perseverance+1","Blasphemy+1","Weave","CutThroughFate","Study+1","Consecrate","PathToVictory+1","EmptyBody+1","infinitespire:NeuralNetwork","PathToVictory+1"],"relics":["PureWater","NeowsBlessing","Ginger","Toxic Egg 2","Pandora\u0027s Box","Blood Vial","Shuriken","Bottled Flame","Yang","Enchiridion","Ornamental Fan","SlaversCollar","Regal Pillow","Pen Nib","Bag of Preparation","Mummified Hand","OrangePellets","CaptainsWheel","infinitespire:Joker Card"],"acts_visited":["Exordium","TheCity","TheBeyond"],"potions_floor_usage":[50,50],"damage_taken":[{"damage":0.0,"enemies":"2 Louse","floor":1.0,"turns":1.0},{"damage":0.0,"enemies":"Cultist","floor":2.0,"turns":1.0},{"damage":0.0,"enemies":"Jaw Worm","floor":4.0,"turns":1.0},{"damage":0.0,"enemies":"2 Fungi Beasts","floor":5.0,"turns":2.0},{"damage":1.0,"enemies":"Exordium Wildlife","floor":6.0,"turns":4.0},{"damage":17.0,"enemies":"Exordium Thugs","floor":7.0,"turns":4.0},{"damage":28.0,"enemies":"Lagavulin","floor":8.0,"turns":5.0},{"damage":10.0,"enemies":"Lots of Slimes","floor":11.0,"turns":5.0},{"damage":6.0,"enemies":"Large Slime","floor":12.0,"turns":2.0},{"damage":0.0,"enemies":"Looter","floor":14.0,"turns":1.0},{"damage":19.0,"enemies":"Hexaghost","floor":16.0,"turns":5.0},{"damage":7.0,"enemies":"2 Thieves","floor":18.0,"turns":3.0},{"damage":0.0,"enemies":"Chosen","floor":20.0,"turns":3.0},{"damage":13.0,"enemies":"Snecko","floor":21.0,"turns":4.0},{"damage":2.0,"enemies":"Snake Plant","floor":22.0,"turns":2.0},{"damage":0.0,"enemies":"Gremlin Leader","floor":23.0,"turns":4.0},{"damage":23.0,"enemies":"Slavers","floor":25.0,"turns":3.0},{"damage":5.0,"enemies":"Shelled Parasite and Fungi","floor":27.0,"turns":2.0},{"damage":2.0,"enemies":"3 Cultists","floor":29.0,"turns":3.0},{"damage":0.0,"enemies":"Snake Plant","floor":31.0,"turns":1.0},{"damage":18.0,"enemies":"Automaton","floor":33.0,"turns":6.0},{"damage":20.0,"enemies":"3 Darklings","floor":35.0,"turns":4.0},{"damage":7.0,"enemies":"3 Shapes","floor":36.0,"turns":3.0},{"damage":2.0,"enemies":"Giant Head","floor":40.0,"turns":5.0},{"damage":24.0,"enemies":"Reptomancer","floor":44.0,"turns":4.0},{"damage":9.0,"enemies":"Giant Head","floor":46.0,"turns":5.0},{"damage":21,"enemies":"2 Orb Walkers","floor":47,"turns":3},{"damage":18,"enemies":"Jaw Worm Horde","floor":48,"turns":3},{"damage":10,"enemies":"infinitespire:MassOfShapes","floor":50,"turns":4}],"seed_played":"2889039970848458793","potions_obtained":[{"floor":2.0,"key":"SpeedPotion"},{"floor":7.0,"key":"SmokeBomb"},{"floor":8.0,"key":"StancePotion"},{"floor":16.0,"key":"StancePotion"},{"floor":20.0,"key":"SteroidPotion"},{"floor":27.0,"key":"Energy Potion"},{"floor":29.0,"key":"BlessingOfTheForge"},{"floor":33.0,"key":"Energy Potion"},{"floor":35.0,"key":"Strength Potion"},{"floor":46.0,"key":"GamblersBrew"}],"is_trial":false,"path_per_floor":["M","M","$","M","M","M","M","E","T","R","M","M","R","M","R","B",null,"M","$","M","M","M","E","R","E","T","M","?","M","?","M","R","B",null,"M","M","?","?","$","E","?","R","T","E","AVR","E","?","M","R","B",null],"character_chosen":"WATCHER","items_purchased":["CutThroughFate","Blood Vial","Regal Pillow"],"campfire_rested":5,"item_purchase_floors":[19,19,39],"current_hp_per_floor":[72,72,72,72,72,71,54,26,26,26,16,10,31,31,52,33,72,65,65,67,56,56,58,58,37,37,34,18,18,18,20,41,25,72,52,47,30,30,30,30,30,66,66,44,44,37,18,2,38,30],"gold":186,"neow_bonus":"THREE_ENEMY_KILL","is_daily":false,"chose_seed":false,"campfire_upgraded":2,"win_rate":0.0,"timestamp":1611633828,"path_taken":["M","M","$","M","M","M","M","E","T","R","M","M","R","M","R","BOSS","M","$","M","M","M","E","R","E","T","M","?","M","?","M","R","BOSS","M","M","?","?","$","E","?","R","T","E","AVR","E","?","M","R","BOSS"],"items_purchased_type":["Card","Relic","Relic"],"build_version":"2020-12-22","purchased_purges":4,"victory":true,"max_hp_per_floor":[72,72,72,72,72,72,72,72,72,72,72,72,72,72,72,72,72,72,72,72,72,72,72,72,72,72,72,72,72,72,72,72,72,72,72,72,72,72,72,72,72,72,72,72,72,72,72,72,72,72],"card_choices":[{"not_picked":["DeceiveReality","Crescendo","CutThroughFate"],"picked":"SKIP","floor":1.0},{"not_picked":["ClearTheMind","Study"],"picked":"PathToVictory","floor":2.0},{"not_picked":["WreathOfFlame","EmptyBody"],"picked":"CrushJoints","floor":4.0},{"not_picked":["WreathOfFlame","ClearTheMind","Crescendo"],"picked":"SKIP","floor":5.0},{"not_picked":["Devotion","Vengeance"],"picked":"PathToVictory","floor":6.0},{"not_picked":["Meditate","EmptyBody","ThirdEye"],"picked":"SKIP","floor":7.0},{"not_picked":["Meditate","EmptyBody"],"picked":"ThirdEye","floor":7.0},{"not_picked":["JustLucky","ThirdEye"],"picked":"Evaluate","floor":8.0},{"not_picked":["Crescendo+1","Consecrate"],"picked":"Judgement+1","floor":11.0},{"not_picked":["Judgement+1","Nirvana"],"picked":"PathToVictory+1","floor":12.0},{"not_picked":["Meditate+1","Wireheading"],"picked":"PathToVictory+1","floor":14.0},{"not_picked":["Vault+1","Blasphemy+1"],"picked":"DeusExMachina+1","floor":16.0},{"not_picked":["Crescendo+1","Protect+1","Indignation+1"],"picked":"SKIP","floor":18.0},{"not_picked":["LikeWater+1","Fasting2","WaveOfTheHand+1"],"picked":"SKIP","floor":20.0},{"not_picked":["BattleHymn","Conclude+1"],"picked":"Study+1","floor":21.0},{"not_picked":["DeceiveReality+1","Prostrate+1"],"picked":"Consecrate","floor":22.0},{"not_picked":["EmptyBody+1","CrushJoints"],"picked":"PathToVictory+1","floor":23.0},{"not_picked":["Collect+1","Conclude+1"],"picked":"EmptyBody+1","floor":25.0},{"not_picked":["Protect+1","FlurryOfBlows","CutThroughFate"],"picked":"SKIP","floor":27.0},{"not_picked":["Conclude+1","Worship+1","Crescendo+1"],"picked":"SKIP","floor":29.0},{"not_picked":["Halt+1","ClearTheMind+1","Worship+1"],"picked":"SKIP","floor":35.0},{"not_picked":["Crescendo+1","JustLucky+1","Fasting2+1"],"picked":"SKIP","floor":36.0},{"not_picked":["infinitespire:Menacing","infinitespire:TheBestDefense"],"picked":"infinitespire:NeuralNetwork","floor":37.0},{"not_picked":["FlurryOfBlows+1","ReachHeaven+1","Wallop"],"picked":"SKIP","floor":40.0},{"not_picked":["Protect+1","CutThroughFate+1","JustLucky+1"],"picked":"SKIP","floor":44.0},{"not_picked":["JustLucky","LessonLearned","EmptyMind+1"],"picked":"SKIP","floor":46.0},{"not_picked":["WaveOfTheHand+1","Halt+1"],"picked":"PathToVictory+1","floor":48}],"player_experience":253384,"relics_obtained":[{"floor":8.0,"key":"Ginger"},{"floor":9.0,"key":"Toxic Egg 2"},{"floor":23.0,"key":"Shuriken"},{"floor":25.0,"key":"Bottled Flame"},{"floor":26.0,"key":"Yang"},{"floor":28.0,"key":"Enchiridion"},{"floor":40.0,"key":"Pen Nib"},{"floor":43.0,"key":"Bag of Preparation"},{"floor":44.0,"key":"Mummified Hand"},{"floor":46.0,"key":"CaptainsWheel"},{"floor":47,"key":"infinitespire:Joker Card"}],"event_choices":[{"damage_healed":0.0,"max_hp_gain":0.0,"max_hp_loss":0.0,"gold_gain":0.0,"event_name":"Cursed Tome","player_choice":"Obtained Book","floor":28.0,"gold_loss":0.0,"damage_taken":16.0},{"damage_healed":0.0,"max_hp_gain":0.0,"max_hp_loss":0.0,"gold_gain":0.0,"event_name":"The Mausoleum","player_choice":"Opened","floor":30.0,"gold_loss":0.0,"damage_taken":0.0,"relics_obtained":["Ornamental Fan"],"cards_obtained":["Writhe"]},{"damage_healed":0.0,"max_hp_gain":0.0,"max_hp_loss":0.0,"gold_gain":0.0,"event_name":"Tomb of Lord Red Mask","player_choice":"Ignored","floor":38.0,"gold_loss":0.0,"damage_taken":0.0},{"cards_removed":["ForeignInfluence"],"damage_healed":0.0,"max_hp_gain":0.0,"max_hp_loss":0.0,"gold_gain":0.0,"event_name":"Falling","player_choice":"Removed Skill","floor":41.0,"gold_loss":0.0,"damage_taken":0.0},{"damage_healed":0,"gold_gain":0,"player_choice":"Fight","damage_taken":0,"max_hp_gain":0,"max_hp_loss":0,"event_name":"Mysterious Sphere","floor":47,"gold_loss":0}],"is_beta":false,"boss_relics":[{"not_picked":["Philosopher\u0027s Stone","VioletLotus"],"picked":"Pandora\u0027s Box"},{"not_picked":["Snecko Eye","Velvet Choker"],"picked":"SlaversCollar"}],"items_purged_floors":[3,19,39,45],"is_endless":false,"potions_floor_spawned":[2,7,8,12,16,18,20,27,29,33,35,46,48],"ascension_level":4}}