{"host":"qekv59dthhdg54sz","time":1611651122,"event":{"mods":["AchievementEnabler","BaseMod","Colored Map","DeckTracker","KOR Keyword Fix","Minty Spire (QoL Compilation)","Rare Cards Sparkle","StSLib","SuperFastMode"],"gold_per_floor":[119,44,44,44,56,56,76,92,92,105,105,5,23,23,23,121,121,134,134,134,9,29,58,76,76,76,76,76],"floor_reached":27,"language":"KOR","playtime":566,"items_purged":["Strike_R","Defend_R","Metallicize+1"],"score":346,"play_id":"80610e57-7db3-4bc1-a4e9-6350c104b02d","local_time":"20210126175202","is_ascension_mode":true,"campfire_choices":[{"data":"Entrench","floor":6.0,"key":"SMITH"},{"data":"Body Slam","floor":11.0,"key":"SMITH"},{"data":"1","floor":15.0,"key":"LIFT"}],"circlet_count":0,"master_deck":["AscendersBane","Defend_R","Bash","Carnage+1","Entrench+1","Body Slam+1","Power Through","Iron Wave+1","Impervious","Bloodletting+1","Entrench+1","Spot Weakness","Spot Weakness","Heavy Blade+1","Fire Breathing","True Grit","Fiend Fire+1"],"relics":["Burning Blood","Molten Egg 2","Girya","Astrolabe","Akabeko","Darkstone Periapt"],"acts_visited":["Exordium","TheCity"],"potions_floor_usage":[27],"damage_taken":[{"damage":8.0,"enemies":"Jaw Worm","floor":1.0,"turns":4.0},{"damage":7.0,"enemies":"2 Louse","floor":5.0,"turns":3.0},{"damage":0.0,"enemies":"Cultist","floor":7.0,"turns":4.0},{"damage":18.0,"enemies":"Large Slime","floor":8.0,"turns":8.0},{"damage":19.0,"enemies":"Exordium Wildlife","floor":10.0,"turns":4.0},{"damage":2.0,"enemies":"Looter","floor":13.0,"turns":3.0},{"damage":22.0,"enemies":"Slime Boss","floor":16.0,"turns":11.0},{"damage":17.0,"enemies":"3 Byrds","floor":18.0,"turns":8.0},{"damage":3.0,"enemies":"Shell Parasite","floor":22.0,"turns":2.0},{"damage":45.0,"enemies":"Book of Stabbing","floor":23.0,"turns":6.0},{"damage":16.0,"enemies":"Snake Plant","floor":24.0,"turns":5.0},{"damage":14,"enemies":"Gremlin Leader","floor":27,"turns":2}],"seed_played":"6828055433720482599","potions_obtained":[{"floor":5.0,"key":"HeartOfIron"},{"floor":10.0,"key":"FearPotion"},{"floor":23.0,"key":"SpeedPotion"},{"floor":24.0,"key":"HeartOfIron"}],"is_trial":false,"path_per_floor":["M","$","?","?","M","R","M","M","T","M","R","$","M","?","R","B",null,"M","?","?","$","M","E","M","?","T","E"],"character_chosen":"IRONCLAD","items_purchased":[],"campfire_rested":0,"item_purchase_floors":[],"current_hp_per_floor":[78,78,71,71,70,70,76,64,64,51,51,51,55,43,43,27,73,62,62,62,62,65,26,16,10,10,0,0],"gold":76,"neow_bonus":"TEN_PERCENT_HP_BONUS","is_daily":false,"chose_seed":true,"campfire_upgraded":2,"win_rate":0.0,"timestamp":1611651122,"path_taken":["M","$","?","?","?","R","M","M","T","M","R","$","M","?","R","BOSS","M","?","?","$","M","E","M","?","T","E"],"items_purchased_type":[],"build_version":"2020-12-22","purchased_purges":3,"victory":false,"max_hp_per_floor":[88,88,88,88,88,88,88,88,88,88,88,88,88,88,88,88,88,88,88,88,88,88,88,88,88,88,88,88],"card_choices":[{"not_picked":["Clothesline","Sword Boomerang"],"picked":"Carnage","floor":1.0},{"not_picked":["Iron Wave","Power Through"],"picked":"Entrench","floor":5.0},{"not_picked":["Clothesline","Blood for Blood"],"picked":"Body Slam","floor":7.0},{"not_picked":["Clothesline","Warcry"],"picked":"Power Through","floor":8.0},{"not_picked":["Warcry","Disarm","Bloodletting"],"picked":"SKIP","floor":10.0},{"not_picked":["Heavy Blade+1","Body Slam+1"],"picked":"Iron Wave+1","floor":13.0},{"not_picked":["Berserk","Bludgeon+1"],"picked":"Impervious","floor":16.0},{"not_picked":["Uppercut+1","Pummel+1","Combust"],"picked":"SKIP","floor":18.0},{"not_picked":["Perfected Strike+1","Thunderclap+1"],"picked":"Fire Breathing","floor":22.0},{"not_picked":["Sentinel","Twin Strike+1"],"picked":"True Grit","floor":23.0},{"not_picked":["Heavy Blade+1","Twin Strike+1"],"picked":"Fiend Fire+1","floor":24.0}],"player_experience":845579,"relics_obtained":[{"floor":9.0,"key":"Molten Egg 2"},{"floor":23.0,"key":"Akabeko"},{"floor":26.0,"key":"Darkstone Periapt"}],"event_choices":[{"cards_removed":["Strike_R"],"damage_healed":0.0,"max_hp_gain":0.0,"max_hp_loss":0.0,"gold_gain":0.0,"event_name":"Golden Wing","player_choice":"Card Removal","floor":3.0,"gold_loss":0.0,"damage_taken":7.0},{"damage_healed":0.0,"max_hp_gain":0.0,"max_hp_loss":0.0,"gold_gain":0.0,"event_name":"Accursed Blacksmith","player_choice":"Forge","floor":4.0,"gold_loss":0.0,"damage_taken":0.0,"cards_upgraded":["Carnage"]},{"damage_healed":0.0,"max_hp_gain":0.0,"max_hp_loss":0.0,"gold_gain":0.0,"event_name":"Scrap Ooze","player_choice":"Success","floor":14.0,"gold_loss":0.0,"damage_taken":12.0,"relics_obtained":["Girya"]},{"damage_healed":0.0,"max_hp_gain":0.0,"max_hp_loss":0.0,"gold_gain":0.0,"cards_transformed":["Strike_R","Defend_R"],"event_name":"Drug Dealer","player_choice":"Became Test Subject","floor":19.0,"gold_loss":0.0,"damage_taken":0.0,"cards_obtained":["Spot Weakness","Spot Weakness"]},{"damage_healed":0.0,"max_hp_gain":0.0,"max_hp_loss":0.0,"gold_gain":0.0,"event_name":"The Library","player_choice":"Read","floor":20.0,"gold_loss":0.0,"damage_taken":0.0,"cards_obtained":["Heavy Blade"]},{"damage_healed":0.0,"max_hp_gain":0.0,"max_hp_loss":0.0,"gold_gain":0.0,"event_name":"Knowing Skull","player_choice":"","floor":25.0,"potions_obtained":[],"gold_loss":0.0,"damage_taken":6.0,"cards_obtained":[]}],"is_beta":false,"boss_relics":[{"not_picked":["Runic Pyramid","Black Star"],"picked":"Astrolabe"}],"items_purged_floors":[2,12,21],"is_endless":false,"potions_floor_spawned":[5,10,23,24],"killed_by":"Gremlin Leader","ascension_level":11}}