{"host":"l5zfpd2l2htson6l","time":1611691962,"event":{"mods":["AchievementEnabler","BaseMod","Colored Map","Colored Powertips","Minty Spire (QoL Compilation)","Permanent Neow","Quick Restart","Rare Cards Sparkle","Relic Stats","SuperFastMode"],"gold_per_floor":[109,34,34,109,127,157,157,157,181,181,95,121,396,429,429,532,532,545,561,577,577,229,262,281,281,330,350,350,365,375,403,403,403,403],"floor_reached":33,"language":"ENG","playtime":1979,"items_purged":["Defend_R","Strike_R"],"score":473,"play_id":"df41ddca-4a11-4b0e-a492-c37a22947980","local_time":"20210126121242","is_ascension_mode":true,"campfire_choices":[{"data":"Perfected Strike","floor":8.0,"key":"SMITH"},{"data":"Infernal Blade","floor":15.0,"key":"SMITH"},{"floor":25.0,"key":"REST"},{"floor":28.0,"key":"REST"},{"data":"Disarm","floor":32.0,"key":"SMITH"}],"circlet_count":0,"master_deck":["Strike_R","Strike_R","Strike_R","Strike_R","Defend_R","Defend_R","Bash","Perfected Strike+1","Infernal Blade+1","Cleave","Rampage+1","Headbutt+1","Regret","Double Tap","Offering","Shrug It Off","Seeing Red","Clothesline+1","Uppercut+1","Armaments","Warcry+1","Disarm+1","True Grit+1"],"relics":["Burning Blood","NeowsBlessing","Bag of Marbles","Molten Egg 2","Centennial Puzzle","HornCleat","Bottled Lightning","Calipers","Black Star","Red Skull","Oddly Smooth Stone","InkBottle","Bag of Preparation","Happy Flower","Toy Ornithopter","Mercury Hourglass"],"acts_visited":["Exordium","TheCity"],"potions_floor_usage":[],"damage_taken":[{"damage":0.0,"enemies":"2 Louse","floor":1.0,"turns":1.0},{"damage":0.0,"enemies":"Jaw Worm","floor":5.0,"turns":1.0},{"damage":0.0,"enemies":"3 Sentries","floor":6.0,"turns":2.0},{"damage":4.0,"enemies":"Gremlin Nob","floor":12.0,"turns":3.0},{"damage":24.0,"enemies":"3 Sentries","floor":14.0,"turns":5.0},{"damage":5.0,"enemies":"Slime Boss","floor":16.0,"turns":6.0},{"damage":24.0,"enemies":"Chosen","floor":18.0,"turns":3.0},{"damage":28.0,"enemies":"3 Byrds","floor":19.0,"turns":4.0},{"damage":6.0,"enemies":"Snake Plant","floor":20.0,"turns":1.0},{"damage":24.0,"enemies":"Book of Stabbing","floor":23.0,"turns":4.0},{"damage":14.0,"enemies":"Centurion and Healer","floor":24.0,"turns":4.0},{"damage":0.0,"enemies":"Snecko","floor":27.0,"turns":3.0},{"damage":20.0,"enemies":"Chosen and Byrds","floor":29.0,"turns":3.0},{"damage":14.0,"enemies":"Centurion and Healer","floor":30.0,"turns":4.0},{"damage":15.0,"enemies":"Gremlin Leader","floor":31.0,"turns":2.0},{"damage":77,"enemies":"Automaton","floor":33,"turns":6}],"seed_played":"-6635045108230970938","potions_obtained":[{"floor":5.0,"key":"Ancient Potion"},{"floor":14.0,"key":"GamblersBrew"},{"floor":16.0,"key":"Ancient Potion"},{"floor":24.0,"key":"BlessingOfTheForge"},{"floor":29.0,"key":"Dexterity Potion"}],"is_trial":false,"path_per_floor":["M","$","?","?","M","E","?","R","T","T","$","E","?","E","R","B",null,"M","M","M","T","$","E","M","R","T","M","R","M","M","E","R","B"],"character_chosen":"IRONCLAD","items_purchased":["Rampage+1","Headbutt+1","Oddly Smooth Stone","Uppercut+1","Armaments"],"campfire_rested":2,"item_purchase_floors":[11,11,22,22,22],"current_hp_per_floor":[80,80,73,65,71,77,74,74,74,74,74,76,76,58,58,59,75,57,35,35,35,35,17,9,33,33,39,63,49,41,32,32,0,0],"gold":403,"neow_bonus":"THREE_ENEMY_KILL","is_daily":false,"chose_seed":false,"campfire_upgraded":3,"win_rate":0.0,"timestamp":1611691962,"path_taken":["M","$","?","?","?","E","?","R","T","?","?","E","?","E","R","BOSS","M","M","M","?","$","E","?","R","T","M","R","M","M","E","R","BOSS"],"items_purchased_type":["Card","Card","Relic","Card","Card"],"build_version":"2020-12-22","purchased_purges":2,"victory":false,"max_hp_per_floor":[80,80,80,80,80,80,80,80,80,80,80,80,80,80,80,80,80,80,80,80,80,80,80,80,80,80,80,80,80,80,80,80,80,80],"relic_stats":{"Centennial Puzzle":[36],"Happy Flower":[6],"counters":[16,52],"Black Star":2,"Bag of Preparation":[12],"obtain_stats":[{"Calipers":14,"NeowsBlessing":0,"Happy Flower":26,"Oddly Smooth Stone":22,"Bag of Preparation":23,"Burning Blood":0,"Mercury Hourglass":31,"Centennial Puzzle":9,"HornCleat":10,"Molten Egg 2":7,"Bag of Marbles":6,"Black Star":17,"Bottled Lightning":12,"Red Skull":21,"InkBottle":23,"Toy Ornithopter":31},{"Calipers":5,"NeowsBlessing":0,"Happy Flower":11,"Oddly Smooth Stone":9,"Bag of Preparation":10,"Burning Blood":0,"Mercury Hourglass":15,"Centennial Puzzle":3,"HornCleat":3,"Molten Egg 2":3,"Bag of Marbles":3,"Black Star":6,"Bottled Lightning":4,"Red Skull":9,"InkBottle":10,"Toy Ornithopter":15},{"Calipers":12,"NeowsBlessing":0,"Happy Flower":34,"Oddly Smooth Stone":26,"Bag of Preparation":30,"Burning Blood":0,"Mercury Hourglass":46,"Centennial Puzzle":4,"HornCleat":4,"Molten Egg 2":4,"Bag of Marbles":4,"Black Star":18,"Bottled Lightning":7,"Red Skull":26,"InkBottle":30,"Toy Ornithopter":46}],"Burning Blood":84,"InkBottle":[9],"Toy Ornithopter":0,"Mercury Hourglass":[33]},"card_choices":[{"not_picked":["Flex","Pummel"],"picked":"Perfected Strike","floor":1.0},{"not_picked":["Havoc","Sever Soul"],"picked":"Infernal Blade","floor":5.0},{"not_picked":["Heavy Blade","Warcry"],"picked":"Cleave","floor":6.0},{"not_picked":["Rupture","Sword Boomerang+1","Iron Wave+1"],"picked":"SKIP","floor":12.0},{"not_picked":["Pommel Strike+1","Clash+1"],"picked":"Double Tap","floor":14.0},{"not_picked":["Double Tap","Impervious"],"picked":"Offering","floor":16.0},{"not_picked":["Sword Boomerang+1","Twin Strike+1"],"picked":"Shrug It Off","floor":18.0},{"not_picked":["Metallicize","True Grit"],"picked":"Seeing Red","floor":19.0},{"not_picked":["Headbutt+1","True Grit"],"picked":"Clothesline+1","floor":20.0},{"not_picked":["Clothesline+1","Whirlwind+1"],"picked":"Warcry+1","floor":23.0},{"not_picked":["Infernal Blade+1","Twin Strike+1"],"picked":"Disarm","floor":24.0},{"not_picked":["Sever Soul+1","Uppercut+1","Pommel Strike+1"],"picked":"SKIP","floor":27.0},{"not_picked":["Uppercut+1","Flex+1","Brutality"],"picked":"SKIP","floor":29.0},{"not_picked":["Armaments","Heavy Blade+1","Body Slam+1"],"picked":"SKIP","floor":30.0},{"not_picked":["Pommel Strike+1","Body Slam+1"],"picked":"True Grit+1","floor":31.0}],"player_experience":700366,"relics_obtained":[{"floor":6.0,"key":"Bag of Marbles"},{"floor":9.0,"key":"Centennial Puzzle"},{"floor":10.0,"key":"HornCleat"},{"floor":12.0,"key":"Bottled Lightning"},{"floor":14.0,"key":"Calipers"},{"floor":21.0,"key":"Red Skull"},{"floor":23.0,"key":"InkBottle"},{"floor":23.0,"key":"Bag of Preparation"},{"floor":26.0,"key":"Happy Flower"},{"floor":31.0,"key":"Toy Ornithopter"},{"floor":31.0,"key":"Mercury Hourglass"}],"event_choices":[{"cards_removed":["Defend_R"],"damage_healed":0.0,"max_hp_gain":0.0,"max_hp_loss":0.0,"gold_gain":0.0,"event_name":"Golden Wing","player_choice":"Card Removal","floor":3.0,"gold_loss":0.0,"damage_taken":7.0},{"damage_healed":0.0,"max_hp_gain":0.0,"max_hp_loss":0.0,"gold_gain":75.0,"event_name":"FaceTrader","player_choice":"Touch","floor":4.0,"gold_loss":0.0,"damage_taken":8.0},{"damage_healed":0.0,"max_hp_gain":0.0,"max_hp_loss":0.0,"gold_gain":0.0,"event_name":"Scrap Ooze","player_choice":"Success","floor":7.0,"gold_loss":0.0,"damage_taken":3.0,"relics_obtained":["Molten Egg 2"]},{"damage_healed":0.0,"max_hp_gain":0.0,"max_hp_loss":0.0,"gold_gain":275.0,"event_name":"Golden Shrine","player_choice":"Desecrate","floor":13.0,"gold_loss":0.0,"damage_taken":0.0,"cards_obtained":["Regret"]}],"is_beta":false,"boss_relics":[{"not_picked":["Busted Crown","Ectoplasm"],"picked":"Black Star"}],"items_purged_floors":[2,22],"is_endless":false,"potions_floor_spawned":[5,14,16,18,24,29,31],"killed_by":"Automaton","ascension_level":5}}