{"host":"f0gpob8hq9vgebej","time":1611636490,"event":{"mods":["AchievementEnabler","BaseMod","Minty Spire (QoL Compilation)","Quick Restart","SuperFastMode"],"gold_per_floor":[113,133,149,149,167,167,197,211,211,54,54,4,38,38,38,139,139,150,161,161],"floor_reached":19,"language":"KOR","playtime":506,"items_purged":[],"score":245,"play_id":"ba87d7e2-5501-446b-bcf6-f5fbd4415bae","local_time":"20210126134810","is_ascension_mode":true,"campfire_choices":[{"data":"FlurryOfBlows","floor":6.0,"key":"SMITH"},{"data":"Vault","floor":15.0,"key":"SMITH"}],"circlet_count":0,"master_deck":["Strike_P","Strike_P+1","Strike_P","Defend_P+1","Defend_P","Defend_P","Defend_P","Eruption+1","Vigilance","ClearTheMind","FlurryOfBlows+1","WheelKick","Indignation","Vault+1","InnerPeace","Decay","DevaForm","Crescendo"],"relics":["PureWater","Letter Opener","Bronze Scales","Pantograph","Du-Vu Doll","Black Star"],"acts_visited":["Exordium","TheCity"],"potions_floor_usage":[16],"damage_taken":[{"damage":0.0,"enemies":"Cultist","floor":1.0,"turns":2.0},{"damage":0.0,"enemies":"Small Slimes","floor":2.0,"turns":2.0},{"damage":2.0,"enemies":"2 Louse","floor":3.0,"turns":2.0},{"damage":0.0,"enemies":"Looter","floor":5.0,"turns":2.0},{"damage":0.0,"enemies":"Gremlin Nob","floor":7.0,"turns":2.0},{"damage":0.0,"enemies":"Lots of Slimes","floor":8.0,"turns":3.0},{"damage":22.0,"enemies":"3 Sentries","floor":13.0,"turns":4.0},{"damage":28,"enemies":"Hexaghost","floor":16,"turns":7},{"damage":9,"enemies":"Chosen","floor":18,"turns":2},{"damage":25,"enemies":"Spheric Guardian","floor":19,"turns":5}],"seed_played":"-5850850907873419949","potions_obtained":[{"floor":2.0,"key":"LiquidMemories"},{"floor":8.0,"key":"BottledMiracle"},{"floor":18,"key":"EssenceOfSteel"}],"is_trial":false,"path_per_floor":["M","M","M","T","M","R","E","M","T","$","?","?","E","?","R","B",null,"M","M"],"character_chosen":"WATCHER","items_purchased":["Vault"],"campfire_rested":0,"item_purchase_floors":[10],"current_hp_per_floor":[72,72,70,70,70,70,70,70,70,70,56,56,34,34,34,31,72,63,38,38],"gold":161,"neow_bonus":"UPGRADE_CARD","is_daily":false,"chose_seed":false,"campfire_upgraded":2,"win_rate":0.0,"timestamp":1611636490,"path_taken":["M","M","M","?","M","R","E","?","T","$","?","?","E","?","R","BOSS","M","?"],"items_purchased_type":["Card"],"build_version":"2020-12-22","purchased_purges":0,"victory":false,"max_hp_per_floor":[72,72,72,72,72,72,72,72,72,72,72,72,72,72,72,72,72,72,72,72],"card_choices":[{"not_picked":["SashWhip","FollowUp"],"picked":"ClearTheMind","floor":1.0},{"not_picked":["EmptyBody","ThirdEye"],"picked":"FlurryOfBlows","floor":2.0},{"not_picked":["EmptyMind","Vengeance"],"picked":"WheelKick","floor":3.0},{"not_picked":["JustLucky","Pray","Perseverance"],"picked":"SKIP","floor":5.0},{"not_picked":["WaveOfTheHand","Crescendo"],"picked":"Indignation","floor":7.0},{"not_picked":["Swivel","Halt","CarveReality"],"picked":"SKIP","floor":8.0},{"not_picked":["FollowUp","EmptyBody"],"picked":"InnerPeace","floor":13.0},{"not_picked":["Wish","Devotion"],"picked":"DevaForm","floor":16},{"not_picked":["CutThroughFate","Worship","ClearTheMind"],"picked":"SKIP","floor":18},{"not_picked":["Evaluate","WaveOfTheHand+1"],"picked":"Crescendo","floor":19}],"player_experience":250331,"relics_obtained":[{"floor":4.0,"key":"Letter Opener"},{"floor":7.0,"key":"Bronze Scales"},{"floor":9.0,"key":"Pantograph"},{"floor":13.0,"key":"Du-Vu Doll"}],"event_choices":[{"damage_healed":0.0,"max_hp_gain":0.0,"max_hp_loss":0.0,"gold_gain":0.0,"event_name":"Shining Light","player_choice":"Entered Light","floor":11.0,"gold_loss":0.0,"damage_taken":14.0,"cards_upgraded":["Strike_P","Defend_P"]},{"cards_removed":["Strike_P"],"damage_healed":0.0,"max_hp_gain":0.0,"max_hp_loss":0.0,"gold_gain":0.0,"event_name":"The Cleric","player_choice":"Card Removal","floor":12.0,"gold_loss":50.0,"damage_taken":0.0},{"damage_healed":0.0,"max_hp_gain":0.0,"max_hp_loss":0.0,"gold_gain":0.0,"event_name":"Wheel of Change","player_choice":"Cursed","floor":14.0,"gold_loss":0.0,"damage_taken":0.0,"cards_obtained":["Decay"]}],"is_beta":false,"boss_relics":[{"not_picked":["Velvet Choker","Snecko Eye"],"picked":"Black Star"}],"items_purged_floors":[],"is_endless":false,"potions_floor_spawned":[2,8,18],"killed_by":"Spheric Guardian","ascension_level":4}}