{"host":"yiuxawbvzhpm7ctb","time":1611685513,"event":{"mods":["AchievementEnabler","Act Like it!","Aspiration","BaseMod","Better Altar","Better Match","Better Note","Better Sensory Stone","Better Skull","Better Third Choice","Better Vampires","Colored Map","Conspire","Downfall","Emptier Cage","Halation","Hubris","Infinite Spire","Jedi Mod","Marisa????????","Minty Spire (QoL Compilation)","Pale of the Ancients","Reliquary","Replay The Spire","StSLib","The Jungle","Wandering Minibosses"],"gold_per_floor":[99,109,120,132,148,148,148,148,12,12,12,12],"floor_reached":10,"language":"ENG","playtime":668,"items_purged":[],"score":58,"play_id":"2a970352-dacf-48f4-826f-7252a07956b0","local_time":"20210126132513","is_ascension_mode":false,"campfire_choices":[{"data":"ReplayTheSpireMod:Private Reserves","floor":1,"key":"SMITH"}],"circlet_count":0,"master_deck":["Guardian:Strike_Guardian","Guardian:Strike_Guardian","Guardian:Strike_Guardian","Guardian:Strike_Guardian","Guardian:Defend_Guardian","Guardian:Defend_Guardian","Guardian:Defend_Guardian","Guardian:Defend_Guardian","Guardian:CurlUp","Guardian:TwinSlam","ReplayTheSpireMod:Private Reserves+1","Guardian:Gem_White","Guardian:Reroute","Guardian:DonusPower","Guardian:VentSteam","Guardian:Gem_Lightblue","Guardian:BaubleBeam+1"],"relics":["Guardian:ModeShifter","halation:YellowSoulGem","reliquary:Boomerang","halation:EternalFortune"],"acts_visited":["Exordium"],"potions_floor_usage":[5],"damage_taken":[{"damage":6,"enemies":"Cultist","floor":2,"turns":3},{"damage":2,"enemies":"Small Slimes","floor":3,"turns":3},{"damage":2,"enemies":"2 Louse","floor":4,"turns":2},{"damage":10,"enemies":"Exordium Thugs","floor":5,"turns":4},{"damage":0,"enemies":"downfall:FleeingMerchant","floor":9,"turns":4},{"damage":0,"enemies":"3 Sentries","floor":10,"turns":1}],"seed_played":"757310603727909457","potions_obtained":[{"floor":4,"key":"champ:CounterPotion"}],"is_trial":false,"path_per_floor":["R","M","M","M","M","?","T","?","$","E"],"character_chosen":"GUARDIAN","items_purchased":["Guardian:BaubleBeam+1"],"campfire_rested":0,"item_purchase_floors":[9],"current_hp_per_floor":[80,74,72,70,60,60,60,63,63,63,63,63],"gold":12,"neow_bonus":"RANDOM_COLORLESS","is_daily":false,"chose_seed":false,"campfire_upgraded":1,"win_rate":0.0,"timestamp":1611685513,"path_taken":["R","M","M","M","M","?","T","?","$","E"],"items_purchased_type":["Card"],"build_version":"2020-12-22","purchased_purges":0,"victory":false,"max_hp_per_floor":[80,80,80,80,80,80,80,83,83,83,83,83],"card_choices":[{"not_picked":["hubris:Ssssneak","Replay:Sssssssssstrike"],"picked":"ReplayTheSpireMod:Private Reserves","floor":0},{"not_picked":["Guardian:Gem_Cyan","Guardian:CrystalBeam"],"picked":"Guardian:Gem_White","floor":2},{"not_picked":["Guardian:TemporalShield","Guardian:Planning"],"picked":"Guardian:Reroute","floor":3},{"not_picked":["Guardian:TimeCapacitor","Guardian:TemporalShield"],"picked":"Guardian:DonusPower","floor":4},{"not_picked":["Guardian:Planning","Guardian:TimeCapacitor"],"picked":"Guardian:VentSteam","floor":5},{"not_picked":["Guardian:TemporalShield","Guardian:EvasiveProtocol"],"picked":"Guardian:Gem_Lightblue","floor":9}],"player_experience":601033,"relics_obtained":[{"floor":7,"key":"reliquary:Boomerang"}],"event_choices":[],"is_beta":false,"boss_relics":[],"items_purged_floors":[],"is_endless":false,"potions_floor_spawned":[4],"killed_by":"3 Sentries","ascension_level":0}}