{"host":"yqa5il53nhlo2jdd","time":1611666660,"event":{"mods":["AchievementEnabler","Arknights The Spire","BaseMod","BetterRewards","Minty Spire (QoL Compilation)","StSLib","[IsaacMod]ÒÔÈö¼âËþ"],"gold_per_floor":[113,113,127,143,68,68,84,84,84,104,119,136,171,171,171,249,249,268,61,138,157,157,185,185,205,205,38,38,38,50,63,63,138,138,152,167,167,167,92,123,148,166,217,235,267,58,58,74,74,74],"floor_reached":51,"language":"ZHS","playtime":3140,"items_purged":["ats:Strike V","ats:Defend","ats:Defend","ats:Armor Crushing Shot+1","ats:Steam Pump+1"],"score":1863,"play_id":"a2f0e196-5d9c-4d8d-b5db-f0d6815a35d9","local_time":"20210126211100","is_ascension_mode":true,"campfire_choices":[{"data":"ats:Emotion Absorption","floor":6.0,"key":"SMITH"},{"data":"ats:Very Hot Blade","floor":8.0,"key":"SMITH"},{"floor":15.0,"key":"REST"},{"data":"ats:Burning Ground","floor":24.0,"key":"SMITH"},{"data":"ats:Armor Crushing Shot","floor":32.0,"key":"SMITH"},{"floor":49,"key":"RECALL"}],"circlet_count":0,"master_deck":["AscendersBane","ats:Emotion Absorption+1","ats:Very Hot Blade+1","ats:Burning Ground+1","ats:Echo Reverb+1","ats:Charging Defense+1"],"relics":["ats:Sanity","HushsDoor","GuppysHead","BelialBook","Toxic Egg 2","Pantograph","ats:Originium","Letter Opener","Coffee Dripper","SteamSale","InkBottle","Eternal Feather","ats:Lavender","TheAbacus","Enchiridion","Astrolabe","Blood Vial","Du-Vu Doll","Potion Belt","GuppysPaw","Bottled Lightning"],"acts_visited":["Exordium","TheCity","TheBeyond"],"potions_floor_usage":[42,50,50],"damage_taken":[{"damage":7.0,"enemies":"Jaw Worm","floor":1.0,"turns":3.0},{"damage":1.0,"enemies":"Cultist","floor":3.0,"turns":3.0},{"damage":0.0,"enemies":"2 Louse","floor":4.0,"turns":3.0},{"damage":22.0,"enemies":"Exordium Thugs","floor":7.0,"turns":5.0},{"damage":11.0,"enemies":"Lots of Slimes","floor":10.0,"turns":3.0},{"damage":2.0,"enemies":"Looter","floor":11.0,"turns":4.0},{"damage":1.0,"enemies":"Large Slime","floor":12.0,"turns":5.0},{"damage":13.0,"enemies":"3 Sentries","floor":13.0,"turns":10.0},{"damage":40.0,"enemies":"Slime Boss","floor":16.0,"turns":9.0},{"damage":2.0,"enemies":"Chosen","floor":18.0,"turns":5.0},{"damage":10.0,"enemies":"Spheric Guardian","floor":21.0,"turns":4.0},{"damage":10.0,"enemies":"Slavers","floor":23.0,"turns":5.0},{"damage":3.0,"enemies":"Snecko","floor":25.0,"turns":5.0},{"damage":0.0,"enemies":"Centurion and Healer","floor":30.0,"turns":3.0},{"damage":0.0,"enemies":"Sentry and Sphere","floor":31.0,"turns":4.0},{"damage":23.0,"enemies":"Collector","floor":33.0,"turns":7.0},{"damage":0.0,"enemies":"3 Shapes","floor":35.0,"turns":3.0},{"damage":0.0,"enemies":"3 Darklings","floor":36.0,"turns":3.0},{"damage":0,"enemies":"Reptomancer","floor":40,"turns":3},{"damage":0,"enemies":"Mind Bloom Boss Battle","floor":41,"turns":3},{"damage":4,"enemies":"Writhing Mass","floor":42,"turns":3},{"damage":0,"enemies":"Sphere and 2 Shapes","floor":44,"turns":2},{"damage":0,"enemies":"Giant Head","floor":45,"turns":5},{"damage":0,"enemies":"4 Shapes","floor":48,"turns":2},{"damage":0,"enemies":"Donu and Deca","floor":50,"turns":3}],"seed_played":"-350609400040867367","potions_obtained":[{"floor":4.0,"key":"SpeedPotion"},{"floor":11.0,"key":"Fire Potion"},{"floor":12.0,"key":"AttackPotion"},{"floor":25.0,"key":"Weak Potion"},{"floor":42,"key":"DistilledChaos"},{"floor":44,"key":"ColorlessPotion"},{"floor":45,"key":"Explosive Potion"}],"is_trial":false,"path_per_floor":["M","?","M","M","?","R","M","R","T","M","M","M","E","?","R","B",null,"M","$","T","M","?","E","R","M","T","$","?","?","M","M","R","B",null,"M","M","?","?","$","E","?","M","T","M","E","$","?","M","R","B",null],"character_chosen":"DOCTOR_CLASS","items_purchased":["BelialBook","ats:Very Hot Blade","ats:Burning Ground","Toxic Egg 2","SteamSale","TheAbacus","Strength Potion","Bottled Lightning"],"campfire_rested":1,"item_purchase_floors":[0,0,0,0,19,27,27,46],"current_hp_per_floor":[57,57,56,56,56,56,34,34,34,23,21,25,24,24,45,37,63,66,66,66,61,61,56,59,61,61,61,61,40,48,61,64,59,68,71,71,71,71,71,71,71,70,70,71,71,71,71,71,71,71],"gold":74,"neow_bonus":"","is_daily":false,"chose_seed":false,"campfire_upgraded":4,"win_rate":0.0,"timestamp":1611666660,"path_taken":["M","?","M","M","?","R","M","R","T","?","?","M","E","?","R","BOSS","M","$","?","M","?","E","R","M","T","$","?","?","M","?","R","BOSS","M","M","?","?","$","E","?","M","T","?","E","$","?","M","R","BOSS"],"items_purchased_type":["Relic","Card","Card","Relic","Relic","Relic","Potion","Relic"],"build_version":"2020-12-22","purchased_purges":5,"victory":true,"max_hp_per_floor":[71,71,71,71,71,71,71,71,71,71,71,71,71,71,71,71,71,71,71,71,71,71,71,71,71,71,71,71,71,71,71,71,71,71,71,71,71,71,71,71,71,71,71,71,71,71,71,71,71,71],"card_choices":[{"not_picked":["ats:Apocalypse+1","ats:Rapid Magazine","ats:Defend Order"],"picked":"SKIP","floor":1.0},{"not_picked":["ats:Absolute Focus+1","ats:Closed Bolt Burst Fire","ats:Burning Ground"],"picked":"SKIP","floor":3.0},{"not_picked":["ats:Beaten Up+1","ats:Assault Order+1","ats:Curse Doll+1"],"picked":"SKIP","floor":4.0},{"not_picked":["ats:Flexible Camouflage+1","ats:Thermite Blade","ats:Serious Mode"],"picked":"SKIP","floor":7.0},{"not_picked":["ats:Flame Of Heaven+1","ats:Thorns","ats:Curse Doll+1"],"picked":"SKIP","floor":10.0},{"not_picked":["ats:Consecutive Shot Auto","ats:Steam Pump+1"],"picked":"ats:Shell Defense+1","floor":11.0},{"not_picked":["ats:Powerful Strike","ats:Spore Proliferation+1","ats:Apocalypse+1"],"picked":"SKIP","floor":12.0},{"not_picked":["ats:Ignite","ats:LN2 Cannon","ats:Nebulous Foxfire+1"],"picked":"SKIP","floor":13.0},{"not_picked":["ats:Ignite","ats:LN2 Cannon","ats:Nebulous Foxfire+1"],"picked":"SKIP","floor":13.0},{"not_picked":["ats:Absolute Focus+1","ats:Healing Strengthening+1","ats:Hammer On"],"picked":"SKIP","floor":18.0},{"not_picked":["ats:Hammer On","ats:Overload","ats:Powerful Strike"],"picked":"SKIP","floor":21.0},{"not_picked":["ats:Demon Strength","ats:Ignite","ats:Blood Oath"],"picked":"SKIP","floor":23.0},{"not_picked":["ats:Sunburst","ats:Song Of Battle","ats:Closed Bolt Burst Fire"],"picked":"SKIP","floor":25.0},{"not_picked":["ats:Absolute Focus+1","ats:Rat Pack+1"],"picked":"ats:Guard Mode+1","floor":30.0},{"not_picked":["ats:Part Time Job","ats:Very Hot Blade","ats:Thermite Blade"],"picked":"SKIP","floor":31.0},{"not_picked":["ats:Beaten Up+1","ats:Curse Doll+1","ats:Ignite"],"picked":"SKIP","floor":35.0},{"not_picked":["ats:Shell Defense+1","ats:Rapid Magazine+1","ats:Closed Bolt Burst Fire"],"picked":"SKIP","floor":36.0},{"not_picked":["ats:Leaping Hammer+1","ats:Explosion Area Strengthen","ats:Guard Mode+1"],"picked":"SKIP","floor":40},{"not_picked":["ats:Leaping Hammer","ats:Hook Shot+1","ats:Rat Pack+1"],"picked":"SKIP","floor":42},{"not_picked":["ats:Leaping Hammer","ats:Hook Shot+1","ats:Rat Pack+1"],"picked":"SKIP","floor":42},{"not_picked":["ats:Powerful Strike","ats:Spore Proliferation+1","ats:Flexible Camouflage+1"],"picked":"SKIP","floor":44},{"not_picked":["ats:Very Hot Blade","ats:Leaping Hammer","ats:Blood Oath"],"picked":"SKIP","floor":45},{"not_picked":["ats:Ignite+1","ats:Revitalization+1","ats:Absolute Focus+1"],"picked":"SKIP","floor":48}],"player_experience":709013,"relics_obtained":[{"floor":9.0,"key":"Pantograph"},{"floor":13.0,"key":"ats:Originium"},{"floor":13.0,"key":"Letter Opener"},{"floor":20.0,"key":"InkBottle"},{"floor":23.0,"key":"ats:Originium"},{"floor":23.0,"key":"Eternal Feather"},{"floor":26.0,"key":"ats:Lavender"},{"floor":29.0,"key":"Enchiridion"},{"floor":40,"key":"ats:Originium"},{"floor":40,"key":"Blood Vial"},{"floor":41,"key":"Du-Vu Doll"},{"floor":43,"key":"Potion Belt"},{"floor":45,"key":"ats:Originium"},{"floor":45,"key":"GuppysPaw"}],"event_choices":[{"cards_removed":["ats:Strike G"],"damage_healed":0.0,"max_hp_gain":0.0,"max_hp_loss":0.0,"gold_gain":0.0,"event_name":"Bonfire Elementals","player_choice":"Offered Basic","floor":2.0,"gold_loss":0.0,"damage_taken":0.0},{"cards_removed":["ats:Strike S"],"damage_healed":0.0,"max_hp_gain":0.0,"max_hp_loss":0.0,"gold_gain":0.0,"event_name":"The Cleric","player_choice":"Card Removal","floor":5.0,"gold_loss":75.0,"damage_taken":0.0},{"cards_removed":["ats:Strike C"],"damage_healed":0.0,"max_hp_gain":0.0,"max_hp_loss":0.0,"gold_gain":0.0,"event_name":"Purifier","player_choice":"Purged","floor":22.0,"gold_loss":0.0,"damage_taken":0.0},{"damage_healed":0.0,"max_hp_gain":0.0,"max_hp_loss":0.0,"gold_gain":0.0,"event_name":"The Mausoleum","player_choice":"Ignored","floor":28.0,"gold_loss":0.0,"damage_taken":0.0},{"damage_healed":0.0,"max_hp_gain":0.0,"max_hp_loss":0.0,"gold_gain":0.0,"event_name":"Cursed Tome","player_choice":"Obtained Book","floor":29.0,"gold_loss":0.0,"damage_taken":21.0},{"damage_healed":0.0,"max_hp_gain":0.0,"max_hp_loss":0.0,"gold_gain":0.0,"event_name":"Mysterious Sphere","player_choice":"Ignored","floor":37.0,"gold_loss":0.0,"damage_taken":0.0},{"damage_healed":0.0,"max_hp_gain":0.0,"max_hp_loss":0.0,"gold_gain":0.0,"event_name":"Tomb of Lord Red Mask","player_choice":"Ignored","floor":38.0,"gold_loss":0.0,"damage_taken":0.0},{"damage_healed":0,"gold_gain":0,"player_choice":"Fight","damage_taken":0,"max_hp_gain":0,"max_hp_loss":0,"event_name":"MindBloom","floor":41,"gold_loss":0},{"cards_removed":["ats:Shell Defense"],"damage_healed":0,"gold_gain":0,"player_choice":"Removed Skill","damage_taken":0,"max_hp_gain":0,"max_hp_loss":0,"event_name":"Falling","floor":47,"gold_loss":0}],"is_beta":false,"boss_relics":[{"not_picked":["ats:Tactical Delivery","Ectoplasm"],"picked":"Coffee Dripper"},{"not_picked":[]},{"not_picked":["Calling Bell","Philosopher\u0027s Stone"],"picked":"Astrolabe"},{"not_picked":[]}],"items_purged_floors":[0,19,27,39,46],"is_endless":false,"potions_floor_spawned":[4,11,12,25,30,33,40,42,44,45,48],"ascension_level":15}}