{"host":"48dm3tz8j4qwgdv8","time":1611672615,"event":{"mods":["Act Like it!","Aspiration","BaseMod","Bestiary","Better Altar","Better Match","Better Note","Better Sensory Stone","Better Skull","Better Third Choice","Colored Map","Colored Powertips","DeckTracker","Downfall","Energized Spire","Hallownest","Highlight Path","Hubris","Infinite Spire","Mimic Mod","Minty Spire (QoL Compilation)","Permanent Neow","Quick Restart","Relic Sorter","Relic Stats","Replay The Spire","Shop Mod","Spicy Shops","StSLib","SuperFastMode","The Blue Laboratory","Wandering Minibosses"],"gold_per_floor":[99,115,45,45,59,78,78,113,131,131,131,151,166,183,197,296,296,296,207,237,237,250,270,305,318,318,218,230,230,243,273,288,288,288,288],"floor_reached":33,"language":"ENG","playtime":1790,"items_purged":[],"score":275,"play_id":"095bdbe9-1e74-4a03-a11f-e2a572016ab4","local_time":"20210126155015","is_ascension_mode":false,"campfire_choices":[{"floor":1,"key":"DIG"},{"floor":11,"key":"REST"},{"floor":18,"key":"RECALL"},{"floor":27,"key":"REST"},{"floor":29,"key":"REST"}],"circlet_count":0,"master_deck":["bronze:Defend+1","bronze:Defend+1","bronze:Replicate+1","bronze:Goto","bronze:Flail+1","bronze:Flail","bronze:Optimize+1","bronze:Format","bronze:ChosenStrike","bronze:CloningBeam","Overencumbered","bronze:ClassDefault","bronze:Frontload","bronze:Verify+1","Decay","bronze:Invalidate+1","bronze:BuggyMess"],"relics":["bronze:BronzeCore","Gremlin Food","infinitespire:ShieldingShard","Kunai","Kintsugi","Ornamental Fan","infinitespire:WardingShard","downfall:HeartBlessingRed","aspiration:TomeofQuesting"],"acts_visited":["Exordium","TheCity"],"potions_floor_usage":[16,16,32,32,33,33],"damage_taken":[{"damage":0,"enemies":"2 Louse","floor":2,"turns":3},{"damage":5,"enemies":"downfall:FleeingMerchant","floor":3,"turns":4},{"damage":1,"enemies":"Cultist","floor":5,"turns":3},{"damage":0,"enemies":"Small Slimes","floor":6,"turns":1},{"damage":10,"enemies":"3 Sentries","floor":8,"turns":3},{"damage":0,"enemies":"Large Slime","floor":9,"turns":2},{"damage":0,"enemies":"Red Slaver","floor":12,"turns":2},{"damage":9,"enemies":"Blue Slaver","floor":13,"turns":3},{"damage":0,"enemies":"Exordium Wildlife","floor":14,"turns":3},{"damage":8,"enemies":"Large Slime","floor":15,"turns":4},{"damage":7,"enemies":"WA_ARCHETYPE_RETAIN","floor":16,"turns":11},{"damage":1,"enemies":"3 Byrds","floor":19,"turns":4},{"damage":5,"enemies":"Shell Parasite","floor":20,"turns":9},{"damage":15,"enemies":"Shell Parasite","floor":22,"turns":5},{"damage":18,"enemies":"Snake Plant","floor":23,"turns":6},{"damage":0,"enemies":"Shelled Parasite and Fungi","floor":24,"turns":5},{"damage":6,"enemies":"Shelled Parasite and Fungi","floor":25,"turns":6},{"damage":0,"enemies":"Centurion and Healer","floor":28,"turns":3},{"damage":4,"enemies":"Snake Plant","floor":30,"turns":6},{"damage":19,"enemies":"Slavers","floor":31,"turns":6},{"damage":41,"enemies":"Sentry and Sphere","floor":32,"turns":6},{"damage":28,"enemies":"SI_MIRROR_ARCHETYPE","floor":33,"turns":4}],"seed_played":"-1421441217621326862","potions_obtained":[{"floor":6,"key":"blueLaboratory:BottleOfVodka"},{"floor":8,"key":"sneckomod:MuddlingPotion"},{"floor":9,"key":"ColorlessPotion"},{"floor":15,"key":"PowerPotion"},{"floor":16,"key":"Dexterity Potion"},{"floor":19,"key":"PowerPotion"},{"floor":28,"key":"blueLaboratory:ForbiddenFruitJuice"},{"floor":32,"key":"Block Potion"}],"is_trial":false,"path_per_floor":["R_BF","M","$","?","M","M","T","E","M","?","R","M","M","M","M","B",null,"R","M","MIM","?","M","M","MIM","M","?","R","M","R","M","E","M","B"],"character_chosen":"THE_AUTOMATON","items_purchased":["bronze:Optimize+1"],"campfire_rested":3,"item_purchase_floors":[3],"current_hp_per_floor":[70,70,65,65,64,64,64,54,54,54,70,70,61,61,53,46,70,70,69,64,43,28,10,10,4,4,25,25,46,42,23,27,0,0,0],"gold":288,"neow_bonus":"UPGRADE_CARD","is_daily":false,"chose_seed":false,"campfire_upgraded":0,"win_rate":0.0,"timestamp":1611672615,"path_taken":["R_BF","M","$","?","M","M","T","E","M","?","R","M","M","?","M","BOSS","R","M","?","?","?","M","MIM","M","?","R","M","R","M","E","M","BOSS"],"items_purchased_type":["Card"],"build_version":"2020-12-22","purchased_purges":0,"victory":false,"max_hp_per_floor":[70,70,70,70,70,70,70,70,70,70,70,70,70,70,70,70,70,70,70,70,70,70,70,70,70,70,70,70,70,70,70,60,60,60,60],"relic_stats":{"counters":[22,99],"Ornamental Fan":[32],"Kunai":[14],"obtain_stats":[{"Gremlin Food":1,"bronze:BronzeCore":0,"infinitespire:ShieldingShard":7,"infinitespire:WardingShard":24,"downfall:HeartBlessingRed":27,"Ornamental Fan":20,"aspiration:TomeofQuesting":31,"Kunai":8,"Kintsugi":17},{"Gremlin Food":0,"bronze:BronzeCore":0,"infinitespire:ShieldingShard":4,"infinitespire:WardingShard":16,"downfall:HeartBlessingRed":17,"Ornamental Fan":13,"aspiration:TomeofQuesting":20,"Kunai":5,"Kintsugi":11},{"Gremlin Food":0,"bronze:BronzeCore":0,"infinitespire:ShieldingShard":11,"infinitespire:WardingShard":68,"downfall:HeartBlessingRed":74,"Ornamental Fan":52,"aspiration:TomeofQuesting":89,"Kunai":14,"Kintsugi":39}]},"card_choices":[{"not_picked":["bronze:BitShift","bronze:Iterate"],"picked":"bronze:Flail","floor":2},{"not_picked":["bronze:ForceShield","bronze:Overheat"],"picked":"bronze:Flail","floor":3},{"not_picked":["bronze:Iterate","bronze:Deprecate"],"picked":"bronze:MaxOutput","floor":5},{"not_picked":["bronze:Philosophize","bronze:GetLatest"],"picked":"bronze:Format","floor":6},{"not_picked":["bronze:BugBarrage","bronze:BuggyMess"],"picked":"bronze:ChosenStrike","floor":8},{"not_picked":["bronze:Turbo","bronze:BitShift"],"picked":"bronze:CloningBeam","floor":9},{"not_picked":["bronze:WhirlingStrike","bronze:DelayedGuard"],"picked":"bronze:ClassDefault","floor":12},{"not_picked":["bronze:Allocate","bronze:Iterate","bronze:OilSpill"],"picked":"SKIP","floor":13},{"not_picked":["bronze:BitShift","bronze:FollowUp"],"picked":"bronze:Frontload","floor":14},{"not_picked":["bronze:ThunderWave","bronze:BugBarrage","bronze:WildBeam"],"picked":"SKIP","floor":15},{"not_picked":["bronze:SpaghettiCode","bronze:FindAndReplace"],"picked":"bronze:Verify","floor":16},{"not_picked":["bronze:Shield","bronze:CloningBeam+1","bronze:ChosenStrike+1"],"picked":"SKIP","floor":19},{"not_picked":["bronze:Iterate+1","bronze:DelayedGuard+1","bronze:ChosenStrike+1"],"picked":"SKIP","floor":22},{"not_picked":["bronze:Shield+1","bronze:ThunderWave","bronze:DelayedGuard"],"picked":"SKIP","floor":23},{"not_picked":["bronze:Turbo","bronze:BuggyMess"],"picked":"bronze:Invalidate+1","floor":24},{"not_picked":["bronze:OilSpill","bronze:MaxOutput+1","bronze:BronzeArmor"],"picked":"SKIP","floor":25},{"not_picked":["bronze:BugBarrage","bronze:CloningBeam","bronze:FindAndReplace"],"picked":"SKIP","floor":28},{"not_picked":["bronze:FineTuning","bronze:DelayedGuard","bronze:Iterate+1"],"picked":"SKIP","floor":30},{"not_picked":["bronze:RecursiveStrike","bronze:Shell"],"picked":"bronze:BuggyMess","floor":31},{"not_picked":["bronze:DelayedGuard","bronze:Deprecate","bronze:Safeguard"],"picked":"SKIP","floor":32}],"player_experience":460090,"relics_obtained":[{"floor":1,"key":"Gremlin Food"},{"floor":7,"key":"infinitespire:ShieldingShard"},{"floor":8,"key":"Kunai"},{"floor":20,"key":"Ornamental Fan"},{"floor":24,"key":"infinitespire:WardingShard"},{"floor":31,"key":"aspiration:TomeofQuesting"}],"event_choices":[],"is_beta":false,"boss_relics":[{"not_picked":["aspiration:DefectSkillbook","aspiration:WatcherSkillbook"],"picked":"Kintsugi"}],"items_purged_floors":[],"is_endless":false,"potions_floor_spawned":[6,8,9,14,15,16,19,23,25,28,32],"killed_by":"SI_MIRROR_ARCHETYPE","ascension_level":0}}