{"host":"Sylvia","time":1611620072,"event":{"mods":["Act Like it!","BaseMod","Better Match","Better Note","Better Sensory Stone","Better Skull","Better Third Choice","Better Vampires","BetterRewards","Block Reminder","Colored Map","Colored Powertips","Curses Come First","Elementarium","GifTheSpireLib","Hallownest","Hermit","Highlight Path","Minty Spire (QoL Compilation)","Quick Restart","Random Character Button","Relic Stats","Shade Mod","Spicy Shops","StSLib","The Bug Knight","The Marked"],"gold_per_floor":[118,16,16,16,16,16,46,46,71,71,103,121,121,137,137,237,237,256,238,253,253,270,270,287,297,321,332,332,332],"floor_reached":28,"language":"ENG","playtime":1777,"items_purged":[],"score":245,"play_id":"d8cd38d7-b80f-40e1-8b98-19d8c3b6c9ff","local_time":"20210125191432","is_ascension_mode":false,"campfire_choices":[{"floor":6.0,"key":"REST"},{"data":"theMarked:SoldierOfQuellstein","floor":10.0,"key":"SMITH"},{"data":"theMarked:Overcharge","floor":13.0,"key":"SMITH"},{"floor":15.0,"key":"REST"},{"floor":23.0,"key":"REST"}],"circlet_count":0,"master_deck":["theMarked:Strike+1","theMarked:Strike+1","theMarked:Defend","theMarked:Defend","theMarked:SoldierOfQuellstein+1","theMarked:TakeCover","theMarked:ChainLightning","theMarked:ChainLightning","theMarked:EmpowerWeapon","Blind","theMarked:OneWithTheBlade","theMarked:Overcharge+1","theMarked:Aftermath","theMarked:EternalStudent","theMarked:Toughness+1","theMarked:Determination+1","theMarked:ChannelForce+1","theMarked:TwofoldDefense+1","theMarked:CreepingChasm+1","theMarked:ElectricStrings+1","theMarked:Pokerface+1","theMarked:ComboAttacks"],"relics":["theMarked:ArtifactOfAir","Orichalcum","Astrolabe","Nloth\u0027s Gift","Whetstone"],"acts_visited":["Exordium","TheCity"],"potions_floor_usage":[],"damage_taken":[{"damage":5.0,"enemies":"Small Slimes","floor":1.0,"turns":4.0},{"damage":17.0,"enemies":"Gremlin Nob","floor":11.0,"turns":4.0},{"damage":0.0,"enemies":"2 Louse","floor":12.0,"turns":2.0},{"damage":6.0,"enemies":"Jaw Worm","floor":14.0,"turns":2.0},{"damage":23.0,"enemies":"The Guardian","floor":16.0,"turns":11.0},{"damage":12.0,"enemies":"3 Byrds","floor":18.0,"turns":4.0},{"damage":11.0,"enemies":"2 Thieves","floor":19.0,"turns":4.0},{"damage":21.0,"enemies":"Shelled Parasite and Fungi","floor":20.0,"turns":6.0},{"damage":15.0,"enemies":"Snake Plant","floor":22.0,"turns":3.0},{"damage":1.0,"enemies":"Cultist and Chosen","floor":24.0,"turns":5.0},{"damage":32.0,"enemies":"Sentry and Sphere","floor":25.0,"turns":6.0},{"damage":13.0,"enemies":"Snake Plant","floor":27.0,"turns":3.0},{"damage":6,"enemies":"HollowMod:Nosk","floor":28,"turns":3}],"seed_played":"635246525454220013","potions_obtained":[{"floor":14.0,"key":"EssenceOfSteel"},{"floor":19.0,"key":"Fruit Juice"},{"floor":20.0,"key":"theMarked:ChargePotion"},{"floor":24.0,"key":"CultistPotion"},{"floor":27.0,"key":"Ancient Potion"}],"is_trial":false,"path_per_floor":["M","$","?","?","$","R","?","?","T","R","E","M","R","M","R","B",null,"M","M","M","?","M","R","M","M","T","M","E"],"character_chosen":"THE_DEFAULT","items_purchased":["theMarked:ChainLightning","theMarked:EmpowerWeapon"],"campfire_rested":3,"item_purchase_floors":[2,2],"current_hp_per_floor":[44,44,44,32,47,68,68,80,80,80,63,63,63,57,80,57,80,68,57,41,41,26,51,50,18,18,5,0,0],"gold":332,"neow_bonus":"TRANSFORM_TWO_CARDS","is_daily":false,"chose_seed":false,"campfire_upgraded":2,"win_rate":0.0,"timestamp":1611620072,"path_taken":["M","$","?","?","$","R","?","?","T","R","E","M","R","M","R","BOSS","M","M","M","?","M","R","M","M","T","M","E"],"items_purchased_type":["Card","Card"],"build_version":"2020-12-18","purchased_purges":0,"victory":false,"max_hp_per_floor":[70,70,70,70,70,70,70,80,80,80,80,80,80,80,80,80,80,80,80,85,85,85,85,85,85,85,85,85,85],"relic_stats":{"counters":[24,96],"Astrolabe":["theMarked:Toughness","theMarked:Determination","theMarked:ChannelForce"],"Nloth\u0027s Gift":0,"Whetstone":["theMarked:Strike","theMarked:Strike"],"Orichalcum":[96],"obtain_stats":[{"theMarked:ArtifactOfAir":0,"NeowsBlessing":0,"Golden Idol":12,"DollysMirror":20,"Pantograph":9,"Astrolabe":17,"Eternal Feather":7,"Pandora\u0027s Box":17,"MealTicket":4,"Nloth\u0027s Gift":21,"Whetstone":26,"Orichalcum":11},{"theMarked:ArtifactOfAir":0,"NeowsBlessing":0,"Golden Idol":5,"DollysMirror":9,"Pantograph":5,"Astrolabe":16,"Eternal Feather":5,"Pandora\u0027s Box":8,"MealTicket":12,"Nloth\u0027s Gift":19,"Whetstone":22,"Orichalcum":13},{"theMarked:ArtifactOfAir":0,"NeowsBlessing":0,"Golden Idol":13,"DollysMirror":32,"Pantograph":13,"Astrolabe":62,"Eternal Feather":13,"Pandora\u0027s Box":28,"MealTicket":43,"Nloth\u0027s Gift":76,"Whetstone":90,"Orichalcum":47}]},"card_choices":[{"not_picked":["theMarked:BanishingWave","theMarked:TakeCover"],"picked":"theMarked:ChainLightning","floor":1.0},{"not_picked":["Mind Blast","Swift Strike"],"picked":"Blind","floor":3.0},{"not_picked":["theMarked:TakeCover","theMarked:Memento"],"picked":"theMarked:OneWithTheBlade","floor":11.0},{"not_picked":["theMarked:ChainLightning","theMarked:TakeCover"],"picked":"theMarked:Overcharge","floor":12.0},{"not_picked":["theMarked:Memento","theMarked:WardOff"],"picked":"theMarked:Aftermath","floor":14.0},{"not_picked":["theMarked:SuspiciousRaven","theMarked:FavorableWinds"],"picked":"theMarked:EternalStudent","floor":16.0},{"not_picked":["theMarked:StartUp","theMarked:ContemptForTheProud"],"picked":"theMarked:TwofoldDefense+1","floor":18.0},{"not_picked":["theMarked:MuscleMemory","theMarked:WastefulAttack"],"picked":"theMarked:CreepingChasm+1","floor":19.0},{"not_picked":["theMarked:WardOff","theMarked:Aftermath","theMarked:BanishingWave"],"picked":"SKIP","floor":20.0},{"not_picked":["theMarked:RepellingDischarge","theMarked:WastefulAttack+1"],"picked":"theMarked:ElectricStrings+1","floor":22.0},{"not_picked":["theMarked:TwofoldDefense+1","theMarked:Electrocute"],"picked":"theMarked:Pokerface+1","floor":24.0},{"not_picked":["theMarked:SwordAndMagic","theMarked:OneWithTheBlade","theMarked:ResourceFulStrike+1"],"picked":"SKIP","floor":25.0},{"not_picked":["theMarked:Vacuum","theMarked:EmpowerWeapon"],"picked":"theMarked:ComboAttacks","floor":27.0}],"player_experience":883426,"relics_obtained":[{"floor":11.0,"key":"Orichalcum"},{"floor":26.0,"key":"Whetstone"}],"event_choices":[{"damage_healed":0.0,"max_hp_gain":0.0,"max_hp_loss":0.0,"gold_gain":1.0,"event_name":"betterStone:BetterStone","player_choice":"1","floor":3.0,"gold_loss":0.0,"damage_taken":0.0},{"damage_healed":0.0,"max_hp_gain":0.0,"max_hp_loss":0.0,"gold_gain":1.0,"event_name":"betterThird:BetterScrap","player_choice":"Relic ","floor":4.0,"gold_loss":0.0,"damage_taken":12.0,"cards_obtained":["Sunder"]},{"damage_healed":0.0,"max_hp_gain":0.0,"max_hp_loss":0.0,"gold_gain":30.0,"event_name":"Dead Adventurer","player_choice":"Searched \u00272\u0027 times","floor":7.0,"gold_loss":0.0,"damage_taken":0.0},{"cards_removed":["theMarked:MagusForm"],"damage_healed":2.0,"max_hp_gain":10.0,"max_hp_loss":0.0,"gold_gain":0.0,"event_name":"Bonfire Elementals","player_choice":"Offered Rare","floor":8.0,"gold_loss":0.0,"damage_taken":0.0},{"damage_healed":0.0,"max_hp_gain":0.0,"max_hp_loss":0.0,"gold_gain":0.0,"event_name":"N\u0027loth","player_choice":"Traded Relic","floor":21.0,"relics_lost":["MealTicket"],"gold_loss":0.0,"damage_taken":0.0,"relics_obtained":["Nloth\u0027s Gift"]}],"is_beta":true,"boss_relics":[{"not_picked":["Runic Dome","Snecko Eye"],"picked":"Astrolabe"}],"items_purged_floors":[],"is_endless":false,"potions_floor_spawned":[14,19,20,24,27],"killed_by":"HollowMod:Nosk","ascension_level":0}}