{"host":"bq4pt811tk9yrmjl","time":1611627859,"event":{"mods":["AchievementEnabler","BaseMod","Colored Map","Colored Powertips","Defuse TimeMaze Blight","Hermit","Minty Spire (QoL Compilation)","StSLib","SuperFastMode"],"gold_per_floor":[114,114,114,114,128,157,157,190,190,190,219,68,91,105,105,204,204,224,224,224,224,236,271,290,319,366,366,366],"floor_reached":27,"language":"ENG","playtime":607,"items_purged":[],"score":333,"play_id":"dcec8b65-2c3b-40ca-ad65-c185d267199e","local_time":"20210126002419","is_ascension_mode":true,"campfire_choices":[{"data":"Bludgeon","floor":7.0,"key":"SMITH"},{"data":"True Grit","floor":10.0,"key":"SMITH"},{"data":"Seeing Red","floor":15.0,"key":"SMITH"}],"circlet_count":0,"master_deck":["Strike_R+1","Strike_R","Strike_R","Defend_R","Defend_R","Defend_R","Defend_R+1","Bash","True Grit+1","Clash","Bludgeon+1","Seeing Red+1","Trip","Devotion+1","Writhe","Devotion+1","PiercingWail+1","Reinforced Body"],"relics":["Burning Blood","NeowsBlessing","Torii","Frozen Egg 2","Bag of Marbles","PrismaticShard","Lantern","Empty Cage","Red Skull","Ancient Tea Set","Du-Vu Doll","Tiny Chest"],"acts_visited":["Exordium","TheCity"],"potions_floor_usage":[23],"damage_taken":[{"damage":0.0,"enemies":"Small Slimes","floor":1.0,"turns":1.0},{"damage":0.0,"enemies":"Jaw Worm","floor":5.0,"turns":1.0},{"damage":0.0,"enemies":"Gremlin Nob","floor":6.0,"turns":1.0},{"damage":20.0,"enemies":"3 Sentries","floor":8.0,"turns":6.0},{"damage":16.0,"enemies":"Gremlin Nob","floor":11.0,"turns":5.0},{"damage":0.0,"enemies":"Cultist","floor":14.0,"turns":2.0},{"damage":28.0,"enemies":"Hexaghost","floor":16.0,"turns":9.0},{"damage":2.0,"enemies":"Shell Parasite","floor":18.0,"turns":4.0},{"damage":2.0,"enemies":"Chosen","floor":22.0,"turns":4.0},{"damage":48,"enemies":"Slavers","floor":23,"turns":7},{"damage":3,"enemies":"Snecko","floor":24,"turns":7},{"damage":43,"enemies":"Book of Stabbing","floor":25,"turns":6},{"damage":18,"enemies":"Cultist and Chosen","floor":27,"turns":6}],"seed_played":"-2547886923052792021","potions_obtained":[{"floor":5.0,"key":"Strength Potion"},{"floor":6.0,"key":"Fruit Juice"},{"floor":11.0,"key":"LiquidBronze"},{"floor":22.0,"key":"Strength Potion"}],"is_trial":false,"path_per_floor":["M","?","?","?","M","E","R","E","T","R","E","$","T","M","R","B",null,"M","?","?","?","M","E","M","E","T","M"],"character_chosen":"IRONCLAD","items_purchased":["PrismaticShard"],"campfire_rested":0,"item_purchase_floors":[12],"current_hp_per_floor":[80,85,68,68,74,85,85,71,71,71,61,61,61,67,67,45,90,90,90,90,90,90,48,51,14,14,0,0],"gold":366,"neow_bonus":"THREE_ENEMY_KILL","is_daily":false,"chose_seed":false,"campfire_upgraded":3,"win_rate":0.0,"timestamp":1611627859,"path_taken":["M","?","?","?","M","E","R","E","T","R","E","$","?","M","R","BOSS","M","?","?","?","?","E","M","E","T","M"],"items_purchased_type":["Relic"],"build_version":"2020-12-22","purchased_purges":0,"victory":false,"max_hp_per_floor":[80,85,85,85,85,90,90,90,90,90,90,90,90,90,90,90,90,90,90,90,90,90,90,90,90,90,90,90],"card_choices":[{"not_picked":["Shrug It Off","Battle Trance"],"picked":"True Grit","floor":1.0},{"not_picked":["Dual Wield","Twin Strike"],"picked":"Clash","floor":5.0},{"not_picked":["Cleave","Wild Strike"],"picked":"Bludgeon","floor":6.0},{"not_picked":["Cleave","Perfected Strike","Thunderclap"],"picked":"SKIP","floor":8.0},{"not_picked":["Clothesline","Sever Soul"],"picked":"Seeing Red","floor":11.0},{"not_picked":["Iron Wave","Sever Soul"],"picked":"Trip","floor":14.0},{"not_picked":["DevaForm+1","hermit:Roughhouse"],"picked":"Devotion+1","floor":16.0},{"not_picked":["Rebound","Poisoned Stab","Turbo"],"picked":"SKIP","floor":18.0},{"not_picked":["DeceiveReality+1","Prostrate"],"picked":"PiercingWail+1","floor":22.0},{"not_picked":["Envenom+1","Protect"],"picked":"Reinforced Body","floor":23},{"not_picked":["Warcry","EmptyBody","Blizzard"],"picked":"SKIP","floor":24},{"not_picked":["Endless Agony+1","Iron Wave","Reckless Charge"],"picked":"SKIP","floor":25}],"player_experience":253963,"relics_obtained":[{"floor":6.0,"key":"Torii"},{"floor":8.0,"key":"Frozen Egg 2"},{"floor":11.0,"key":"Bag of Marbles"},{"floor":13.0,"key":"Lantern"},{"floor":23,"key":"Ancient Tea Set"},{"floor":25,"key":"Du-Vu Doll"},{"floor":26,"key":"Tiny Chest"}],"event_choices":[{"damage_healed":0.0,"max_hp_gain":5.0,"max_hp_loss":0.0,"gold_gain":0.0,"event_name":"Big Fish","player_choice":"Donut","floor":2.0,"gold_loss":0.0,"damage_taken":0.0},{"damage_healed":0.0,"max_hp_gain":0.0,"max_hp_loss":0.0,"gold_gain":0.0,"event_name":"Shining Light","player_choice":"Entered Light","floor":3.0,"gold_loss":0.0,"damage_taken":17.0,"cards_upgraded":["Strike_R","Defend_R"]},{"damage_healed":0.0,"max_hp_gain":0.0,"max_hp_loss":0.0,"gold_gain":0.0,"event_name":"Golden Wing","player_choice":"Ignored","floor":4.0,"gold_loss":0.0,"damage_taken":0.0},{"damage_healed":0.0,"max_hp_gain":0.0,"max_hp_loss":0.0,"gold_gain":0.0,"event_name":"The Mausoleum","player_choice":"Opened","floor":19.0,"gold_loss":0.0,"damage_taken":0.0,"relics_obtained":["Red Skull"],"cards_obtained":["Writhe"]},{"damage_healed":0.0,"max_hp_gain":0.0,"max_hp_loss":0.0,"gold_gain":0.0,"event_name":"Ghosts","player_choice":"Ignored","floor":20.0,"gold_loss":0.0,"damage_taken":0.0},{"damage_healed":0.0,"max_hp_gain":0.0,"max_hp_loss":0.0,"gold_gain":0.0,"event_name":"Duplicator","player_choice":"Copied","floor":21.0,"gold_loss":0.0,"damage_taken":0.0,"cards_obtained":["Devotion"]}],"is_beta":false,"boss_relics":[{"not_picked":["Philosopher\u0027s Stone","Runic Cube"],"picked":"Empty Cage"}],"items_purged_floors":[],"is_endless":false,"potions_floor_spawned":[5,6,11,22],"killed_by":"Cultist and Chosen","ascension_level":1}}