{"host":"x205naxbihvu3p76","time":1611680565,"event":{"mods":["AchievementEnabler","BaseMod","Minty Spire (QoL Compilation)","StSLib","SuperFastMode"],"gold_per_floor":[111,36,36,36,48,83,83,95,95,129,139,139,83,101,101,177,177,194,34,34,34,53,53,122,140,140,173,190,203,219,219,219,293,293,303,283,295,295,220,220,250,93,93,113,113,131,163,176,176,176,176,176],"floor_reached":51,"language":"KOR","playtime":1403,"items_purged":["Defend_B"],"score":1574,"play_id":"ee89284d-611a-4ccc-af5e-5956befebb7e","local_time":"20210127020245","is_ascension_mode":true,"campfire_choices":[{"data":"Defragment","floor":7.0,"key":"SMITH"},{"data":"White Noise","floor":12.0,"key":"SMITH"},{"floor":15.0,"key":"REST"},{"data":"Go for the Eyes","floor":23.0,"key":"SMITH"},{"floor":32,"key":"REST"},{"floor":40,"key":"REST"},{"floor":45,"key":"REST"},{"floor":49,"key":"REST"}],"circlet_count":0,"master_deck":["AscendersBane","Defend_B","Defend_B","Zap","Dualcast","Defragment+1","Hello World","Sweeping Beam","Cold Snap","Genetic Algorithm","White Noise+1","Go for the Eyes+1","Conserve Battery","Electrodynamics","Go for the Eyes+1","Reinforced Body+1","Chaos+1","Capacitor","Defragment","Chill","Machine Learning","Core Surge","Biased Cognition","Biased Cognition","Heatsinks","Biased Cognition","Recycle+1","Undo+1"],"relics":["Cracked Core","NeowsBlessing","Strawberry","Bottled Flame","Dream Catcher","Astrolabe","ClockworkSouvenir","Kunai","Mummified Hand","Orichalcum","Mercury Hourglass","DollysMirror","Question Card","Prayer Wheel"],"acts_visited":["Exordium","TheCity","TheBeyond"],"potions_floor_usage":[33,41,41,44,50],"damage_taken":[{"damage":0.0,"enemies":"Small Slimes","floor":1.0,"turns":1.0},{"damage":0.0,"enemies":"2 Louse","floor":5.0,"turns":1.0},{"damage":0.0,"enemies":"3 Sentries","floor":6.0,"turns":2.0},{"damage":10.0,"enemies":"Jaw Worm","floor":8.0,"turns":3.0},{"damage":31.0,"enemies":"Gremlin Nob","floor":10.0,"turns":5.0},{"damage":15.0,"enemies":"Red Slaver","floor":11.0,"turns":4.0},{"damage":2.0,"enemies":"2 Fungi Beasts","floor":14.0,"turns":4.0},{"damage":19.0,"enemies":"The Guardian","floor":16.0,"turns":13.0},{"damage":12.0,"enemies":"2 Thieves","floor":18.0,"turns":3.0},{"damage":0.0,"enemies":"Chosen","floor":22.0,"turns":5.0},{"damage":9.0,"enemies":"Centurion and Healer","floor":25.0,"turns":7.0},{"damage":0.0,"enemies":"Gremlin Leader","floor":27.0,"turns":7.0},{"damage":12.0,"enemies":"Shelled Parasite and Fungi","floor":28.0,"turns":8.0},{"damage":14.0,"enemies":"Snake Plant","floor":29.0,"turns":6.0},{"damage":1.0,"enemies":"Centurion and Healer","floor":30.0,"turns":6.0},{"damage":0,"enemies":"Champ","floor":33,"turns":12},{"damage":11,"enemies":"Orb Walker","floor":35,"turns":5},{"damage":29,"enemies":"3 Darklings","floor":37,"turns":5},{"damage":44,"enemies":"Reptomancer","floor":41,"turns":6},{"damage":0,"enemies":"Jaw Worm Horde","floor":44,"turns":3},{"damage":10,"enemies":"4 Shapes","floor":46,"turns":3},{"damage":19,"enemies":"Nemesis","floor":47,"turns":9},{"damage":0,"enemies":"Transient","floor":48,"turns":6},{"damage":32,"enemies":"Donu and Deca","floor":50,"turns":10},{"damage":12,"enemies":"Awakened One","floor":51,"turns":3}],"seed_played":"-4177160745249100364","potions_obtained":[{"floor":1.0,"key":"Weak Potion"},{"floor":5.0,"key":"Swift Potion"},{"floor":11.0,"key":"Regen Potion"},{"floor":28.0,"key":"LiquidMemories"},{"floor":30.0,"key":"EssenceOfSteel"},{"floor":36,"key":"Fire Potion"},{"floor":41,"key":"SneckoOil"},{"floor":47,"key":"PowerPotion"}],"is_trial":false,"path_per_floor":["M","?","?","?","M","E","R","M","T","E","M","R","$","M","R","B",null,"M","$","?","?","M","R","T","M","T","E","M","M","M","?","R","B",null,"M","?","M","?","$","R","E","$","T","M","R","M","E","M","R","B","B"],"character_chosen":"DEFECT","items_purchased":["Go for the Eyes","ClockworkSouvenir","DollysMirror"],"campfire_rested":5,"item_purchase_floors":[13,19,42],"current_hp_per_floor":[64,64,69,69,69,76,76,66,66,35,20,20,20,18,42,23,68,56,56,56,56,56,56,56,47,47,62,50,36,35,35,59,59,77,66,66,37,37,37,61,17,17,17,17,41,31,12,12,36,4,0,0],"gold":176,"neow_bonus":"THREE_ENEMY_KILL","is_daily":false,"chose_seed":false,"campfire_upgraded":3,"win_rate":0.0,"timestamp":1611680565,"path_taken":["M","?","?","?","?","E","R","M","T","E","M","R","$","M","R","BOSS","M","$","?","?","M","R","?","M","T","E","M","M","M","?","R","BOSS","M","?","?","?","$","R","E","$","T","M","R","M","E","M","R","BOSS","BOSS"],"items_purchased_type":["Card","Relic","Relic"],"build_version":"2020-12-22","purchased_purges":1,"victory":false,"max_hp_per_floor":[71,71,76,76,76,83,83,83,83,83,83,83,83,83,83,83,83,83,83,83,83,83,83,83,83,83,83,83,83,83,83,83,83,83,83,83,83,83,83,83,83,83,83,83,83,83,83,83,83,83,83,83],"card_choices":[{"not_picked":["Force Field","Turbo"],"picked":"Defragment","floor":1.0},{"not_picked":["Coolheaded","Rebound"],"picked":"Sweeping Beam","floor":5.0},{"not_picked":["Aggregate","Skim"],"picked":"Cold Snap","floor":6.0},{"not_picked":["Sweeping Beam","Hologram"],"picked":"Genetic Algorithm","floor":8.0},{"not_picked":["Static Discharge","Redo","Turbo"],"picked":"SKIP","floor":10.0},{"not_picked":["Rip and Tear","Cold Snap"],"picked":"White Noise","floor":11.0},{"not_picked":["Beam Cell","Rainbow","Steam"],"picked":"SKIP","floor":14.0},{"not_picked":["Consume","FTL"],"picked":"Conserve Battery","floor":15.0},{"not_picked":["Reboot","Amplify"],"picked":"Electrodynamics","floor":16.0},{"not_picked":["Streamline+1","Redo+1","Beam Cell"],"picked":"SKIP","floor":18.0},{"not_picked":["Steam","Hologram","Streamline"],"picked":"SKIP","floor":22.0},{"not_picked":["Hologram+1","Beam Cell"],"picked":"Defragment","floor":25.0},{"not_picked":["Stack","Go for the Eyes","Barrage"],"picked":"SKIP","floor":27.0},{"not_picked":["Sweeping Beam","Steam Power","Chaos"],"picked":"SKIP","floor":28.0},{"not_picked":["Streamline","Sunder"],"picked":"Chill","floor":29.0},{"not_picked":["Compile Driver","Coolheaded","Leap"],"picked":"SKIP","floor":30.0},{"not_picked":["Go for the Eyes","Scrape"],"picked":"Machine Learning","floor":32},{"not_picked":["Seek","All For One"],"picked":"Core Surge","floor":33},{"not_picked":["Coolheaded","Undo","Streamline"],"picked":"SKIP","floor":35},{"not_picked":["Double Energy","Doom and Gloom+1","Auto Shields+1"],"picked":"SKIP","floor":37},{"not_picked":["Redo","Ball Lightning"],"picked":"Biased Cognition","floor":41},{"not_picked":["Barrage+1","Streamline","Lockon+1","Beam Cell+1"],"picked":"SKIP","floor":44},{"not_picked":["Compile Driver+1","Loop","Tempest"],"picked":"Heatsinks","floor":46},{"not_picked":["Barrage","Streamline+1","Redo+1"],"picked":"Biased Cognition","floor":47},{"not_picked":["Steam+1","Rebound","Ball Lightning"],"picked":"Recycle+1","floor":48},{"not_picked":["Go for the Eyes","Recycle","Lockon"],"picked":"Undo+1","floor":48}],"player_experience":1003043,"relics_obtained":[{"floor":6.0,"key":"Strawberry"},{"floor":9.0,"key":"Bottled Flame"},{"floor":10.0,"key":"Dream Catcher"},{"floor":24.0,"key":"Kunai"},{"floor":26.0,"key":"Mummified Hand"},{"floor":27.0,"key":"Orichalcum"},{"floor":41,"key":"Mercury Hourglass"},{"floor":43,"key":"Question Card"},{"floor":47,"key":"Prayer Wheel"}],"event_choices":[{"cards_removed":["Strike_B"],"damage_healed":0.0,"max_hp_gain":0.0,"max_hp_loss":0.0,"gold_gain":0.0,"event_name":"The Cleric","player_choice":"Card Removal","floor":2.0,"gold_loss":75.0,"damage_taken":0.0},{"damage_healed":0.0,"max_hp_gain":5.0,"max_hp_loss":0.0,"gold_gain":0.0,"event_name":"Big Fish","player_choice":"Donut","floor":3.0,"gold_loss":0.0,"damage_taken":0.0},{"damage_healed":0.0,"max_hp_gain":0.0,"max_hp_loss":0.0,"gold_gain":0.0,"cards_transformed":["Strike_B"],"event_name":"Living Wall","player_choice":"Change","floor":4.0,"gold_loss":0.0,"damage_taken":0.0,"cards_obtained":["Hello World"]},{"damage_healed":0.0,"max_hp_gain":0.0,"max_hp_loss":0.0,"gold_gain":0.0,"event_name":"The Mausoleum","player_choice":"Ignored","floor":20.0,"gold_loss":0.0,"damage_taken":0.0},{"damage_healed":0.0,"max_hp_gain":0.0,"max_hp_loss":0.0,"gold_gain":0.0,"event_name":"The Library","player_choice":"Read","floor":21.0,"gold_loss":0.0,"damage_taken":0.0,"cards_obtained":["Capacitor"]},{"damage_healed":0.0,"max_hp_gain":0.0,"max_hp_loss":0.0,"gold_gain":0.0,"event_name":"Ghosts","player_choice":"Ignored","floor":31.0,"gold_loss":0.0,"damage_taken":0.0},{"damage_healed":0,"gold_gain":0,"player_choice":"Bought 1 Potion","damage_taken":0,"max_hp_gain":0,"max_hp_loss":0,"event_name":"The Woman in Blue","floor":36,"gold_loss":0},{"damage_healed":0,"gold_gain":0,"player_choice":"Memory 1","damage_taken":0,"max_hp_gain":0,"max_hp_loss":0,"event_name":"SensoryStone","floor":38,"gold_loss":0}],"is_beta":false,"boss_relics":[{"not_picked":["FrozenCore","Velvet Choker"],"picked":"Astrolabe"},{"not_picked":[]}],"items_purged_floors":[39],"is_endless":false,"potions_floor_spawned":[1,5,11,22,25,28,30,37,41,47],"killed_by":"Awakened One","ascension_level":20}}