{"host":"qizkh73694cd5kai","time":1611632177,"event":{"mods":["Act Like it!","BaseMod","CapriCore","Chen","Downfall","Gensokyo","GifTheSpireLib","Koishi","KomeijiMod","Marisa（F雨　魔理沙）","Minty Spire (QoL Compilation)","MostiFishMod","Quick Restart","Reimu（博丽灵梦）","Relic Stats","Remilia（蕾米莉亚）","Replay The Spire","RumiaBox-露米娅的神秘盒子","StSLib","TestMod","The Administrix","The Immortal","The Servant 0.9.4","Yakumo Yukari mod","Youmu（魂魄妖梦）","Yuyuko","[IsaacMod]以撒尖塔","【功能Mod】聪明的最终Boss"],"gold_per_floor":[113,113,113,127,143,171,171,182,182,211,260,260,280,306,306,408,408,424,424,449,472,472,502,519,548,573,589,625,625,724,576,576,687,687,702,419,419,329,353,387,387,425,425,466,466,487,487,510,510,542,542],"floor_reached":50,"language":"ZHS","playtime":2351,"items_purged":["Regret","Normality","Strike_B+1","Defend_B"],"score":1842,"play_id":"2d2d7176-c2a7-4bd9-bb16-dd68996ec227","local_time":"20210126113617","is_ascension_mode":true,"campfire_choices":[{"data":"Zap","floor":7.0,"key":"SMITH"},{"data":"Hologram","floor":15.0,"key":"SMITH"},{"data":"Dualcast","floor":29.0,"key":"SMITH"},{"data":"All For One","floor":32.0,"key":"SMITH"},{"data":"Panache","floor":41.0,"key":"SMITH"},{"data":"Recycle","floor":47.0,"key":"SMITH"},{"data":"Gash","floor":49.0,"key":"SMITH"}],"circlet_count":0,"master_deck":["Strike_B+1","Strike_B+1","Strike_B+1","Defend_B","Defend_B+1","Defend_B+1","Zap+1","Dualcast+1","Beam Cell","Conserve Battery","Hologram+1","Glacier","Gash+1","Gash","All For One+1","Gensokyo:CustomPotion","Recycle+1"],"relics":["Cracked Core","testmod-TestBox","HushsDoor","testmod-BlackFramedGlasses","BelialBook","FeatherPendant","NeowsBlessing","Nunchaku","DaveBox","xbg","Replay:Bottled Eggs","testmod-Justice","testmod-AssaultLearning","testmod-DeterminationOfClimber","GuppysCollar","HoshigumaDish","Strawberry","testmod-InjuryResistance","Art of War","Bag of Preparation","GuanYuAspect","DaCapo","testmod-Antiphasic","Lantern","Mastiff:ReiMu","testmod-DeterminationOfClimber"],"acts_visited":["Exordium","TheCity","Gensokyo:Gensokyoest"],"potions_floor_usage":[],"damage_taken":[{"damage":0.0,"enemies":"Jaw Worm","floor":1.0,"turns":1.0},{"damage":0.0,"enemies":"Small Slimes","floor":4.0,"turns":1.0},{"damage":0.0,"enemies":"2 Louse","floor":5.0,"turns":1.0},{"damage":0.0,"enemies":"Gremlin Nob","floor":6.0,"turns":2.0},{"damage":0.0,"enemies":"Red Slaver","floor":8.0,"turns":1.0},{"damage":0.0,"enemies":"Lagavulin","floor":10.0,"turns":2.0},{"damage":0.0,"enemies":"Blue Slaver","floor":13.0,"turns":2.0},{"damage":26.0,"enemies":"Gremlin Nob","floor":14.0,"turns":4.0},{"damage":3.0,"enemies":"The Guardian","floor":16.0,"turns":9.0},{"damage":0.0,"enemies":"3 Byrds","floor":18.0,"turns":1.0},{"damage":0.0,"enemies":"Spheric Guardian","floor":21.0,"turns":1.0},{"damage":7.0,"enemies":"Book of Stabbing","floor":23.0,"turns":4.0},{"damage":0.0,"enemies":"Snecko","floor":24.0,"turns":2.0},{"damage":13.0,"enemies":"Replay:Snechameleon","floor":25.0,"turns":3.0},{"damage":0.0,"enemies":"Centurion and Healer","floor":27.0,"turns":2.0},{"damage":0.0,"enemies":"Slavers","floor":28.0,"turns":2.0},{"damage":0.0,"enemies":"Pondfish","floor":33.0,"turns":3.0},{"damage":0.0,"enemies":"Gensokyo:3_Boulders","floor":35.0,"turns":1.0},{"damage":0.0,"enemies":"Gensokyo:AncientGuardian","floor":39.0,"turns":1.0},{"damage":5.0,"enemies":"Gensokyo:Marisa","floor":40.0,"turns":2.0},{"damage":0.0,"enemies":"Gensokyo:Doremy","floor":42.0,"turns":1.0},{"damage":0.0,"enemies":"Gensokyo:Marisa","floor":44.0,"turns":1.0},{"damage":1.0,"enemies":"Gensokyo:Dusk_and_Dawn","floor":46.0,"turns":3.0},{"damage":0.0,"enemies":"Gensokyo:Sharpion","floor":48.0,"turns":1.0},{"damage":0,"enemies":"Gensokyo:Shinki","floor":50,"turns":6}],"seed_played":"889916204697716561","potions_obtained":[{"floor":8.0,"key":"Weak Potion"},{"floor":14.0,"key":"Fire Potion"},{"floor":16.0,"key":"PotionOfCapacity"},{"floor":25.0,"key":"Fire Potion"},{"floor":28.0,"key":"Guardian:BlockOnCardUsePotion"},{"floor":35.0,"key":"UndeadPotion"},{"floor":40.0,"key":"Fire Potion"}],"is_trial":false,"path_per_floor":["M","?","?","M","M","E","R","M","T","E","?","?","M","E","R","B",null,"M","?","T","M","?","E","M","E","T","M","E","R","?","$","R","B",null,"M","$","?","?","M","E","R","E","T","E","?","M","R","M","R","B"],"character_chosen":"DEFECT","items_purchased":["GuppysCollar","All For One","Panache"],"campfire_rested":0,"item_purchase_floors":[17,31,36],"current_hp_per_floor":[69,69,69,70,71,73,73,74,74,75,75,60,62,40,40,46,54,57,57,57,57,57,62,64,55,55,61,64,64,49,49,49,60,25,25,25,23,23,25,15,15,15,15,15,15,15,15,15,15,15,15],"gold":542,"neow_bonus":"THREE_ENEMY_KILL","is_daily":false,"chose_seed":false,"campfire_upgraded":7,"win_rate":0.0,"timestamp":1611632177,"path_taken":["M","?","?","M","M","E","R","?","T","E","?","?","M","E","R","BOSS","M","?","?","M","?","E","M","E","T","M","E","R","?","$","R","BOSS","M","?","?","?","M","E","R","E","T","E","?","M","R","?","R","BOSS"],"items_purchased_type":["Relic","Card","Card"],"build_version":"2020-12-22","purchased_purges":4,"victory":false,"max_hp_per_floor":[75,75,75,75,75,75,75,75,75,75,75,75,75,75,75,75,57,57,57,57,57,57,64,64,64,64,64,64,64,64,64,64,64,25,25,25,25,25,25,15,15,15,15,15,15,15,15,15,15,15,15],"relic_stats":{"Nunchaku":[28],"counters":[25,57],"Art of War":[1],"Bag of Preparation":[18],"obtain_stats":[{"Lantern":43,"DaveBox":0,"Bag of Preparation":28,"testmod-BlackFramedGlasses":0,"Nunchaku":2,"testmod-InjuryResistance":25,"GuanYuAspect":34,"Mastiff:ReiMu":44,"Strawberry":23,"Diplopia":10,"testmod-DeterminationOfClimber":17,"DaCapo":40,"Replay:Bottled Eggs":6,"Cracked Core":0,"KeepersGift":0,"testmod-TestBox":0,"NeowsBlessing":0,"BelialBook":0,"HoshigumaDish":20,"testmod-Justice":11,"testmod-Antiphasic":42,"FeatherPendant":0,"testmod-AssaultLearning":14,"Art of War":26,"xbg":3,"HushsDoor":0,"GuppysCollar":17},{"Lantern":21,"DaveBox":0,"Bag of Preparation":16,"testmod-BlackFramedGlasses":0,"Nunchaku":1,"testmod-InjuryResistance":14,"GuanYuAspect":17,"Mastiff:ReiMu":22,"Strawberry":12,"Diplopia":6,"testmod-DeterminationOfClimber":9,"DaCapo":20,"Replay:Bottled Eggs":4,"Cracked Core":0,"KeepersGift":0,"testmod-TestBox":0,"NeowsBlessing":0,"BelialBook":0,"HoshigumaDish":10,"testmod-Justice":6,"testmod-Antiphasic":21,"FeatherPendant":0,"testmod-AssaultLearning":8,"Art of War":14,"xbg":1,"HushsDoor":0,"GuppysCollar":9},{"Lantern":46,"DaveBox":0,"Bag of Preparation":38,"testmod-BlackFramedGlasses":0,"Nunchaku":1,"testmod-InjuryResistance":34,"GuanYuAspect":41,"Mastiff:ReiMu":47,"Strawberry":29,"Diplopia":8,"testmod-DeterminationOfClimber":23,"DaCapo":45,"Replay:Bottled Eggs":5,"Cracked Core":0,"KeepersGift":0,"testmod-TestBox":0,"NeowsBlessing":0,"BelialBook":0,"HoshigumaDish":24,"testmod-Justice":8,"testmod-Antiphasic":46,"FeatherPendant":0,"testmod-AssaultLearning":14,"Art of War":34,"xbg":1,"HushsDoor":0,"GuppysCollar":23}]},"card_choices":[{"not_picked":["MostiFishMod:IceShield","Chaos"],"picked":"Bomb","floor":1.0},{"not_picked":["Stack","Streamline"],"picked":"Beam Cell","floor":4.0},{"not_picked":["White Noise","Conserve Battery"],"picked":"Bomb","floor":5.0},{"not_picked":["Genetic Algorithm","BasicCrystalCard","Panic Button"],"picked":"SKIP","floor":6.0},{"not_picked":["Thunder Strike","Turbo"],"picked":"Conserve Battery","floor":8.0},{"not_picked":["Scrape","Turbo"],"picked":"Hologram","floor":10.0},{"not_picked":["Ball Lightning","White Noise","ReplayTheSpireMod:GoodbyeWorld"],"picked":"SKIP","floor":13.0},{"not_picked":["Core Surge","Capacitor"],"picked":"Glacier","floor":14.0},{"not_picked":["Sweeping Beam","Panic Button","Ball Lightning+1"],"picked":"SKIP","floor":18.0},{"not_picked":["Leap","Turbo"],"picked":"Gash","floor":21.0},{"not_picked":["Turbo+1","MostiFishMod:PushDownKick","Coolheaded"],"picked":"SKIP","floor":23.0},{"not_picked":["Stack+1","Force Field","Streamline"],"picked":"SKIP","floor":24.0},{"not_picked":["BasicCrystalCard","Conserve Battery"],"picked":"Gash","floor":25.0},{"not_picked":["ReplaySolidLightProjector","Pulse+1","Redo"],"picked":"SKIP","floor":27.0},{"not_picked":["MostiFishMod:Hijack","Compile Driver","Sweeping Beam+1"],"picked":"SKIP","floor":28.0},{"not_picked":["Double Energy","Coolheaded+1","BasicCrystalCard+1"],"picked":"SKIP","floor":35.0},{"not_picked":["Redo+1","ReplayGash+1","ReplayTheSpireMod:Calculation Training"],"picked":"SKIP","floor":39.0},{"not_picked":["Sweeping Beam","MostiFishMod:IntelligentEquipment","Coolheaded"],"picked":"SKIP","floor":40.0},{"not_picked":["Compile Driver+1","BasicCrystalCard","MostiFishMod:PushDownKick+1"],"picked":"SKIP","floor":42.0},{"not_picked":["ReplayTheSpireMod:Calculation Training+1","Pulse"],"picked":"Recycle","floor":44.0},{"not_picked":["Stack","Distribution+1","Darkness+1"],"picked":"SKIP","floor":46.0},{"not_picked":["Ball Lightning+1","Capacitor+1","Coolheaded"],"picked":"SKIP","floor":48.0}],"player_experience":1604085,"relics_obtained":[{"floor":6.0,"key":"Replay:Bottled Eggs"},{"floor":10.0,"key":"Diplopia"},{"floor":11.0,"key":"testmod-Justice"},{"floor":14.0,"key":"testmod-AssaultLearning"},{"floor":20.0,"key":"HoshigumaDish"},{"floor":23.0,"key":"Strawberry"},{"floor":25.0,"key":"testmod-InjuryResistance"},{"floor":26.0,"key":"Art of War"},{"floor":28.0,"key":"Bag of Preparation"},{"floor":40.0,"key":"DaCapo"},{"floor":42.0,"key":"testmod-Antiphasic"},{"floor":43.0,"key":"Lantern"},{"floor":44.0,"key":"Mastiff:ReiMu"}],"event_choices":[{"damage_healed":0.0,"max_hp_gain":0.0,"max_hp_loss":0.0,"gold_gain":0.0,"event_name":"Big Fish","player_choice":"Box","floor":2.0,"gold_loss":0.0,"damage_taken":0.0,"relics_obtained":["Nunchaku"],"cards_obtained":["Regret"]},{"damage_healed":0.0,"max_hp_gain":0.0,"max_hp_loss":0.0,"gold_gain":0.0,"event_name":"给自己的盒子","player_choice":"Swap Relic","floor":3.0,"relics_lost":["DaveBox"],"gold_loss":0.0,"damage_taken":0.0,"relics_obtained":["DaveBox"]},{"damage_healed":0.0,"max_hp_gain":0.0,"max_hp_loss":0.0,"gold_gain":0.0,"event_name":"Shining Light","player_choice":"Entered Light","floor":12.0,"gold_loss":0.0,"damage_taken":15.0,"cards_upgraded":["Defend_B","Defend_B"]}],"is_beta":false,"boss_relics":[{"not_picked":["MoonlightInvasionPlan","Calling Bell"],"picked":"testmod-DeterminationOfClimber"},{"not_picked":[]},{"not_picked":["Tiny House","testmod-Prudence"],"picked":"GuanYuAspect"},{"not_picked":[]}],"items_purged_floors":[17,31,34,36],"is_endless":false,"potions_floor_spawned":[8,10,14,16,24,25,28,35,40,44],"killed_by":"Gensokyo:Shinki","ascension_level":8}}