{"host":"bq4pt811tk9yrmjl","time":1611676149,"event":{"mods":["AchievementEnabler","BaseMod","Colored Map","Colored Powertips","Defuse TimeMaze Blight","Hermit","Minty Spire (QoL Compilation)","StSLib","SuperFastMode"],"gold_per_floor":[114,45,120,120,120,120,154,11,57,93,109,124,124,160,160,288,288,311,327,327,342,441,441,441,441],"floor_reached":24,"language":"ENG","playtime":408,"items_purged":["Injury"],"score":275,"play_id":"a53fab50-cdfe-48b0-877f-60c4d484101f","local_time":"20210126134909","is_ascension_mode":true,"campfire_choices":[{"data":"Metallicize","floor":6,"key":"SMITH"},{"data":"Metallicize","floor":13,"key":"SMITH"},{"data":"Rampage","floor":15,"key":"SMITH"},{"data":"Whirlwind","floor":23,"key":"SMITH"}],"circlet_count":0,"master_deck":["Strike_R","Strike_R+1","Strike_R","Strike_R+1","Defend_R+1","Defend_R","Defend_R","Defend_R","Bash","Metallicize+1","Metallicize+1","Limit Break+1","Twin Strike","Whirlwind+1","Rampage+1","Twin Strike+1"],"relics":["Burning Blood","NeowsBlessing","Golden Idol","Paper Frog","War Paint","Bottled Flame","Bag of Preparation","Empty Cage","Shovel"],"acts_visited":["Exordium","TheCity"],"potions_floor_usage":[16,16,21],"damage_taken":[{"damage":0,"enemies":"Small Slimes","floor":1,"turns":1},{"damage":0,"enemies":"Gremlin Nob","floor":7,"turns":1},{"damage":0,"enemies":"Lagavulin","floor":10,"turns":2},{"damage":1,"enemies":"2 Louse","floor":11,"turns":2},{"damage":9,"enemies":"Jaw Worm","floor":12,"turns":4},{"damage":14,"enemies":"Gremlin Nob","floor":14,"turns":5},{"damage":27,"enemies":"Hexaghost","floor":16,"turns":10},{"damage":16,"enemies":"Shell Parasite","floor":18,"turns":8},{"damage":19,"enemies":"Chosen","floor":19,"turns":8},{"damage":10,"enemies":"Centurion and Healer","floor":21,"turns":10},{"damage":19,"enemies":"Gremlin Leader","floor":24,"turns":5}],"seed_played":"-3380945731912103589","potions_obtained":[{"floor":1,"key":"HeartOfIron"},{"floor":7,"key":"Weak Potion"},{"floor":11,"key":"BloodPotion"},{"floor":18,"key":"EssenceOfSteel"}],"is_trial":false,"path_per_floor":["M","$","?","?","?","R","E","$","T","E","M","M","R","E","R","B",null,"M","M","?","M","?","R","E"],"character_chosen":"IRONCLAD","items_purchased":["Metallicize","Limit Break"],"campfire_rested":0,"item_purchase_floors":[2,8],"current_hp_per_floor":[80,80,69,53,53,53,59,59,59,65,70,67,67,59,59,54,80,70,57,57,53,53,53,34,34],"gold":441,"neow_bonus":"THREE_ENEMY_KILL","is_daily":false,"chose_seed":false,"campfire_upgraded":4,"win_rate":0.0,"timestamp":1611676149,"path_taken":["M","$","?","?","?","R","E","?","T","E","?","M","R","E","R","BOSS","M","?","?","M","?","R","E"],"items_purchased_type":["Card","Card"],"build_version":"2020-12-22","purchased_purges":1,"victory":false,"max_hp_per_floor":[80,80,80,80,80,80,80,80,80,80,80,80,80,80,80,80,80,80,80,80,80,80,80,80,80],"card_choices":[{"not_picked":["Sword Boomerang","Body Slam"],"picked":"Metallicize","floor":1},{"not_picked":["Dropkick","Power Through"],"picked":"Blood for Blood","floor":7},{"not_picked":["Warcry","Iron Wave"],"picked":"Twin Strike","floor":10},{"not_picked":["Infernal Blade","Perfected Strike"],"picked":"Whirlwind","floor":11},{"not_picked":["Warcry","Burning Pact"],"picked":"Rampage","floor":12},{"not_picked":["Dropkick","Limit Break","Fire Breathing"],"picked":"SKIP","floor":14},{"not_picked":["Wild Strike+1","Feel No Pain","Rampage"],"picked":"SKIP","floor":18},{"not_picked":["True Grit","Cleave","Wild Strike"],"picked":"SKIP","floor":19},{"not_picked":["Rupture","Bloodletting"],"picked":"Twin Strike+1","floor":21}],"player_experience":258663,"relics_obtained":[{"floor":7,"key":"Paper Frog"},{"floor":9,"key":"War Paint"},{"floor":10,"key":"Bottled Flame"},{"floor":14,"key":"Bag of Preparation"}],"event_choices":[{"damage_healed":0,"gold_gain":75,"player_choice":"Gather Gold","damage_taken":11,"max_hp_gain":0,"max_hp_loss":0,"event_name":"World of Goop","floor":3,"gold_loss":0},{"damage_healed":0,"gold_gain":0,"player_choice":"Entered Light","damage_taken":16,"max_hp_gain":0,"max_hp_loss":0,"event_name":"Shining Light","floor":4,"gold_loss":0,"cards_upgraded":["Strike_R","Strike_R"]},{"damage_healed":0,"gold_gain":0,"player_choice":"Take Wound","damage_taken":0,"relics_obtained":["Golden Idol"],"max_hp_gain":0,"max_hp_loss":0,"event_name":"Golden Idol","floor":5,"gold_loss":0,"cards_obtained":["Injury"]},{"damage_healed":0,"gold_gain":0,"player_choice":"Opened","damage_taken":0,"relics_obtained":["Shovel"],"max_hp_gain":0,"max_hp_loss":0,"event_name":"The Mausoleum","floor":20,"gold_loss":0},{"damage_healed":0,"gold_gain":99,"player_choice":"Stole From Cult","damage_taken":0,"max_hp_gain":0,"max_hp_loss":0,"event_name":"Nest","floor":22,"gold_loss":0}],"is_beta":false,"boss_relics":[{"not_picked":["Velvet Choker","Runic Dome"],"picked":"Empty Cage"}],"items_purged_floors":[8],"is_endless":false,"potions_floor_spawned":[1,7,11,14,18],"killed_by":"Gremlin Leader","ascension_level":1}}