{"host":"t7mx8yfj1no5p62f","time":1611639388,"event":{"mods":["BaseMod","Colored Map","Colored Powertips","Minty Spire (QoL Compilation)","Relic Stats","StSLib"],"gold_per_floor":[164,164,188,201,201,201,234,234,234,257,257,298,298,311,311,404,404,425,440,93,93,117,117,117,132,181,225,225,140,140,171,171,171,171],"floor_reached":33,"language":"ENG","playtime":1405,"items_purged":["Strike_B"],"score":596,"play_id":"b8b3e462-01d6-48e1-9c45-e3a047731d71","local_time":"20210126003628","is_ascension_mode":true,"campfire_choices":[{"data":"Go for the Eyes","floor":6,"key":"SMITH"},{"data":"Cold Snap","floor":8,"key":"SMITH"},{"data":"Conserve Battery","floor":11,"key":"SMITH"},{"floor":15,"key":"REST"},{"data":"Fission","floor":23,"key":"SMITH"},{"data":"Capacitor","floor":24,"key":"SMITH"},{"data":"Defragment","floor":28,"key":"SMITH"},{"data":"Coolheaded","floor":32,"key":"SMITH"}],"circlet_count":0,"master_deck":["AscendersBane","Defend_B","Defend_B+1","Defend_B","Zap","Dualcast","Go for the Eyes+1","Streamline+1","Cold Snap+1","Conserve Battery+1","Glacier","Reboot","Coolheaded+1","All For One","Beam Cell+1","BootSequence+1","Steam Power+1","Fission+1","Turbo","Capacitor+1","Defragment+1","Cold Snap","RitualDagger","Skim"],"relics":["Tiny House","Golden Idol","WingedGreaves","Emotion Chip","Bird Faced Urn","Astrolabe","ClockworkSouvenir","Bronze Scales","Tiny Chest","Frozen Egg 2","Red Mask"],"acts_visited":["Exordium","TheCity"],"potions_floor_usage":[7,10,12,12,16,27,31],"damage_taken":[{"damage":11,"enemies":"2 Louse","floor":1,"turns":3},{"damage":10,"enemies":"Small Slimes","floor":3,"turns":4},{"damage":1,"enemies":"Cultist","floor":4,"turns":5},{"damage":30,"enemies":"Gremlin Nob","floor":7,"turns":4},{"damage":17,"enemies":"Exordium Thugs","floor":10,"turns":6},{"damage":26,"enemies":"Lagavulin","floor":12,"turns":9},{"damage":0,"enemies":"Looter","floor":14,"turns":4},{"damage":9,"enemies":"The Guardian","floor":16,"turns":14},{"damage":21,"enemies":"Chosen","floor":18,"turns":8},{"damage":6,"enemies":"2 Thieves","floor":19,"turns":5},{"damage":6,"enemies":"Centurion and Healer","floor":22,"turns":7},{"damage":11,"enemies":"Sentry and Sphere","floor":25,"turns":7},{"damage":0,"enemies":"Slavers","floor":27,"turns":3},{"damage":0,"enemies":"Masked Bandits","floor":31,"turns":4},{"damage":20,"enemies":"Automaton","floor":33,"turns":6}],"seed_played":"7816756640871956269","potions_obtained":[{"floor":0,"key":"FearPotion"},{"floor":4,"key":"Regen Potion"},{"floor":7,"key":"Regen Potion"},{"floor":10,"key":"SkillPotion"},{"floor":12,"key":"DuplicationPotion"},{"floor":19,"key":"SkillPotion"},{"floor":31,"key":"BlessingOfTheForge"}],"is_trial":false,"path_per_floor":["M","?","M","M","?","R","E","R","T","M","R","E","?","M","R","B",null,"M","M","$","?","M","R","R","M","T","E","R","?","?","?","R","B"],"character_chosen":"DEFECT","items_purchased":["Turbo","ClockworkSouvenir","PowerPotion"],"campfire_rested":1,"item_purchase_floors":[20,20,20],"current_hp_per_floor":[58,58,48,47,47,47,17,17,17,15,15,4,4,4,24,15,56,35,29,29,29,23,23,23,14,14,16,16,16,10,14,14,0,0],"gold":171,"neow_bonus":"BOSS_RELIC","is_daily":false,"chose_seed":false,"campfire_upgraded":7,"win_rate":0.0,"timestamp":1611639388,"path_taken":["M","?","M","M","?","R","E","R","T","M","R","E","?","M","R","BOSS","M","M","$","?","?","R","R","M","T","E","R","?","?","?","R","BOSS"],"items_purchased_type":["Card","Relic","Potion"],"build_version":"2020-12-22","purchased_purges":1,"victory":false,"max_hp_per_floor":[76,69,69,69,69,69,69,69,69,69,69,69,69,69,69,69,69,69,69,69,69,69,69,69,69,69,69,69,69,69,69,69,69,69],"relic_stats":{"Emotion Chip":[33,5,27,0,1],"counters":[15,89],"Golden Idol":80,"Bird Faced Urn":[12],"Astrolabe":["Beam Cell","BootSequence","Steam Power"],"Bronze Scales":[54],"Tiny Chest":0,"obtain_stats":[{"Emotion Chip":9,"Tiny House":0,"Golden Idol":2,"Bird Faced Urn":12,"Astrolabe":17,"Bronze Scales":26,"Tiny Chest":27,"WingedGreaves":7,"Red Mask":31,"Frozen Egg 2":29,"Cracked Core":0,"ClockworkSouvenir":20},{"Emotion Chip":4,"Tiny House":0,"Golden Idol":1,"Bird Faced Urn":6,"Astrolabe":8,"Bronze Scales":12,"Tiny Chest":13,"WingedGreaves":4,"Red Mask":14,"Frozen Egg 2":13,"Cracked Core":0,"ClockworkSouvenir":10},{"Emotion Chip":16,"Tiny House":0,"Golden Idol":3,"Bird Faced Urn":31,"Astrolabe":49,"Bronze Scales":76,"Tiny Chest":79,"WingedGreaves":16,"Red Mask":83,"Frozen Egg 2":79,"Cracked Core":0,"ClockworkSouvenir":62}]},"card_choices":[{"not_picked":["Stack","Coolheaded"],"picked":"Go for the Eyes","floor":0},{"not_picked":["Gash","Turbo"],"picked":"Streamline","floor":1},{"not_picked":["Coolheaded","Stack"],"picked":"Cold Snap","floor":3},{"not_picked":["Coolheaded","Skim"],"picked":"Conserve Battery","floor":4},{"not_picked":["Redo","Stack","Conserve Battery"],"picked":"SKIP","floor":7},{"not_picked":["Go for the Eyes","Double Energy"],"picked":"Glacier","floor":10},{"not_picked":["Heatsinks","Rebound"],"picked":"Reboot","floor":12},{"not_picked":["Rebound","Steam"],"picked":"Coolheaded","floor":14},{"not_picked":["Meteor Strike","Reboot"],"picked":"All For One","floor":16},{"not_picked":["Rebound","Redo","Coolheaded"],"picked":"SKIP","floor":18},{"not_picked":["Streamline","Compile Driver"],"picked":"Fission","floor":19},{"not_picked":["Redo","Conserve Battery"],"picked":"Capacitor","floor":22},{"not_picked":["Redo","Turbo"],"picked":"Defragment","floor":25},{"not_picked":["Reprogram","Barrage"],"picked":"Cold Snap","floor":27},{"not_picked":["Sweeping Beam+1","Leap"],"picked":"Skim","floor":31}],"player_experience":1867425,"relics_obtained":[{"floor":7,"key":"WingedGreaves"},{"floor":9,"key":"Emotion Chip"},{"floor":12,"key":"Bird Faced Urn"},{"floor":26,"key":"Bronze Scales"},{"floor":27,"key":"Tiny Chest"},{"floor":31,"key":"Red Mask"}],"event_choices":[{"damage_healed":0,"gold_gain":0,"player_choice":"Lose Max HP","damage_taken":0,"relics_obtained":["Golden Idol"],"max_hp_gain":0,"max_hp_loss":7,"event_name":"Golden Idol","floor":2,"gold_loss":0},{"damage_healed":0,"gold_gain":0,"player_choice":"Grow","damage_taken":0,"max_hp_gain":0,"max_hp_loss":0,"event_name":"Living Wall","floor":5,"gold_loss":0,"cards_upgraded":["Streamline"]},{"damage_healed":0,"gold_gain":0,"player_choice":"Fled","damage_taken":0,"max_hp_gain":0,"max_hp_loss":0,"event_name":"Scrap Ooze","floor":13,"gold_loss":0},{"cards_removed":["Defend_B"],"damage_healed":0,"gold_gain":0,"player_choice":"Purged","damage_taken":0,"max_hp_gain":0,"max_hp_loss":0,"event_name":"Purifier","floor":21,"gold_loss":0},{"damage_healed":0,"gold_gain":0,"player_choice":"Obtained Relic","damage_taken":0,"relics_obtained":["Frozen Egg 2"],"max_hp_gain":0,"max_hp_loss":0,"event_name":"Addict","floor":29,"gold_loss":85},{"damage_healed":0,"gold_gain":0,"player_choice":"Joined the Cult","damage_taken":6,"max_hp_gain":0,"max_hp_loss":0,"event_name":"Nest","floor":30,"gold_loss":0,"cards_obtained":["RitualDagger"]},{"damage_healed":0,"gold_gain":0,"player_choice":"Fought Bandits","damage_taken":0,"max_hp_gain":0,"max_hp_loss":0,"event_name":"Masked Bandits","floor":31,"gold_loss":0}],"is_beta":false,"boss_relics":[{"not_picked":["SlaversCollar","Calling Bell"],"picked":"Astrolabe"}],"items_purged_floors":[20],"is_endless":false,"potions_floor_spawned":[4,7,10,12,19,25,31],"killed_by":"Automaton","ascension_level":20}}