{"host":"qg654vxoo1kzp6cj","time":1611647096,"event":{"mods":["100% Spire Juice","2.2 Compatiblity","Act Like it!","Aspiration","BaseMod","Better Altar","Better Skull","Better Third Choice","Better Vampires","Displayed Cursed Tome","Downfall","Elementarium","Gensokyo","GifTheSpireLib","Hallownest","HololiveMod","Hubris","Ironclad Rager","Menagerie","Minty Spire (QoL Compilation)","MostiFishMod","Pale of the Ancients","Reliquary","Replay The Spire","Spicy Shops","StSLib","Stuff the Spire","The Animator","The Bug Knight","The Runesmith","The Senshi","The Servant 0.9.4","TheHero","Wandering Minibosses","WarShipGirlsR/????R mod"],"gold_per_floor":[-1282,-1264,-1245,-1245,-1235,-1204,-1191,-1191,-1191,-1191,-1191,-1179,-1153,-1138,-1138,-1035,-1035,-1021,-1003,-1003,-1003,-753,-725,-725,-694,-694,-37,-37,-37],"floor_reached":28,"language":"ENG","playtime":1193,"items_purged":[],"score":504,"play_id":"a4aa4c1a-c23f-4d21-93b4-d98ba2160f7b","local_time":"20210126024456","is_ascension_mode":true,"campfire_choices":[{"data":"Moondial","floor":8,"key":"SMITH"},{"floor":15,"key":"REST"},{"data":"MurderousAura","floor":24,"key":"SMITH"}],"circlet_count":0,"master_deck":["Strike_S","Strike_S","Strike_S","Strike_S","Defend_S","Defend_S","Defend_S","Defend_S","KidneyShot","Exchange","ShatteredReality","Desolation","ShiftingGears","TheWorld","Moondial+1","StarChef","Sabotage","LightFlow","Snipe","MurderousAura+1","Clumsy","Clumsy","hubris:Compulsion","ReturningBlade","SilverBlades","Gensokyo:CrescentMoonSlash+1","Manipulate+1","InstantArmor"],"relics":["Uniform","DaveBox","SynthV:MejaisSoulstealer","SynthV:TestCard","StrikeDummy","Matryoshka","Mango","Replay:Ancient Bell","Anchor","Replay:Bottled Steam","BionicSphere","hubris:Icosahedron","Replay:Baseball","aspiration:DSix","Pen Nib"],"acts_visited":["Exordium","Gensokyo:Gensokyo"],"potions_floor_usage":[6,13,13,16,16,25],"damage_taken":[{"damage":6,"enemies":"Gensokyo:Python","floor":1,"turns":5},{"damage":1,"enemies":"Gensokyo:2_Kodama","floor":2,"turns":3},{"damage":0,"enemies":"Gensokyo:3_Fairies","floor":3,"turns":3},{"damage":0,"enemies":"Gensokyo:Python_and_Kodama","floor":5,"turns":2},{"damage":0,"enemies":"Gensokyo:Cirno","floor":6,"turns":4},{"damage":0,"enemies":"Gensokyo:CorruptedTreant","floor":7,"turns":2},{"damage":0,"enemies":"Gensokyo:5_Fairies","floor":12,"turns":2},{"damage":0,"enemies":"Gensokyo:Mamizou","floor":13,"turns":4},{"damage":10,"enemies":"Gensokyo:3_Kodama","floor":14,"turns":2},{"damage":0,"enemies":"Gensokyo:Yukari","floor":16,"turns":7},{"damage":0,"enemies":"Gensokyo:CosmicMonolith","floor":18,"turns":2},{"damage":0,"enemies":"Gensokyo:3_Dogs","floor":19,"turns":4},{"damage":10,"enemies":"Gensokyo:Tenshi","floor":23,"turns":2},{"damage":0,"enemies":"Gensokyo:Reisen","floor":25,"turns":4},{"damage":31,"enemies":"Gensokyo:Swordslinger","floor":28,"turns":4}],"seed_played":"8651714793505988780","potions_obtained":[{"floor":5,"key":"DistilledChaos"},{"floor":7,"key":"Weak Potion"},{"floor":12,"key":"PowerPotion"},{"floor":13,"key":"Adrenaline Potion"},{"floor":14,"key":"Flashbang"},{"floor":18,"key":"Dexterity Potion"}],"is_trial":false,"path_per_floor":["M","M","M","$","M","E","M","R","T","?","?","M","E","M","R","B",null,"M","M","?","?","?","E","R","E","T","?","M"],"character_chosen":"THE_SERVANT","items_purchased":[],"campfire_rested":1,"item_purchase_floors":[],"current_hp_per_floor":[65,64,64,64,64,64,64,64,64,57,57,57,57,47,72,72,85,85,85,85,85,85,75,75,85,85,15,0,0],"gold":-37,"neow_bonus":"TEN_PERCENT_HP_BONUS","is_daily":false,"chose_seed":false,"campfire_upgraded":2,"win_rate":0.0,"timestamp":1611647096,"path_taken":["M","M","M","$","M","E","M","R","T","?","?","M","E","M","R","BOSS","M","M","?","?","?","E","R","E","T","?","M"],"items_purchased_type":[],"build_version":"2020-12-22","purchased_purges":0,"victory":false,"max_hp_per_floor":[71,71,71,71,71,71,71,71,71,85,85,85,85,85,85,85,85,85,85,85,85,85,85,85,85,85,85,85,85],"card_choices":[{"not_picked":["TimeWarp","Unruled"],"picked":"ShatteredReality","floor":1},{"not_picked":["Comet","Potential","Replace","Rewind"],"picked":"Desolation","floor":2},{"not_picked":["Alleviate","FastForward","Desolation","Revamp"],"picked":"LightFlow","floor":3},{"not_picked":["Read","Replace","Rewind","Potential"],"picked":"ShiftingGears","floor":5},{"not_picked":["FastForward","Replace","Luminosity","DoubleEdge"],"picked":"TheWorld","floor":6},{"not_picked":["WasteNot","ShatteredReality","Collapse","Rearm"],"picked":"Moondial","floor":7},{"not_picked":["Alleviate","Defy","Replace","TimeTheft"],"picked":"StarChef","floor":12},{"not_picked":["Desolation","FastForward","Alleviate","Comet"],"picked":"Sabotage","floor":13},{"not_picked":["Replace","Duplication","TimeTheft","Starlight"],"picked":"Snipe","floor":14},{"not_picked":["FlawlessForm","FloweringNight","Deny","Dilation"],"picked":"MurderousAura","floor":16},{"not_picked":["animator:Curse_Nutcracker","hubris:Sloth","hubris:Compulsion","Writhe"],"picked":"Clumsy","floor":17},{"not_picked":["hubris:Despair","Writhe","Normality","hubris:Greed"],"picked":"Clumsy","floor":17},{"not_picked":["hubris:Envy","hubris:Sloth","hubris:Gluttony","hubris:Lust"],"picked":"hubris:Compulsion","floor":17},{"not_picked":["Comet","Alleviate","TimeWarp","Rearm"],"picked":"ReturningBlade","floor":18},{"not_picked":["Starlight+1","Alleviate","ShatteredReality+1","Collapse+1"],"picked":"SilverBlades","floor":19},{"not_picked":["Defy","Snipe","FastForward","ShatteredReality+1"],"picked":"Manipulate+1","floor":23},{"not_picked":["TimeTheft","Revamp","Deadline","Replace"],"picked":"InstantArmor","floor":25}],"player_experience":834264,"relics_obtained":[{"floor":1,"key":"SynthV:TestCard"},{"floor":6,"key":"StrikeDummy"},{"floor":9,"key":"Matryoshka"},{"floor":13,"key":"StuffTheSpire:Mouthbags"},{"floor":23,"key":"Replay:Baseball"},{"floor":25,"key":"aspiration:DSix"},{"floor":26,"key":"Pen Nib"}],"event_choices":[{"damage_healed":0,"gold_gain":657,"player_choice":"GO GO GO GO GO GO ","damage_taken":76,"relics_obtained":[],"max_hp_gain":0,"max_hp_loss":0,"event_name":"betterSkull:BetterSkull","floor":27,"gold_loss":0,"cards_upgraded":[]}],"is_beta":false,"boss_relics":[{"not_picked":["Hololive_Finger","BloodWine"],"picked":"Replay:Ancient Bell"},{"not_picked":["reliquary:TuningFork","StuffTheSpire:GrapeVine"],"picked":"Anchor"},{"not_picked":["Letter Opener","reliquary:QuartzCube"],"picked":"Replay:Bottled Steam"},{"not_picked":["hubris:64BitClover","aspiration:AnachronicSnailShell"],"picked":"BionicSphere"}],"items_purged_floors":[],"is_endless":false,"potions_floor_spawned":[5,7,12,13,14,18],"killed_by":"Gensokyo:Swordslinger","ascension_level":2}}