{"host":"uvmuduost5bzvojs","time":1611635307,"event":{"mods":["Aspiration","Bard","BaseMod","Better Match","Block Reminder","Conspire","Hermit","Highlight Path","Hubris","Infinite Spire","Jorbs\u0027s Wanderer Trilogy","Mad Scientist","Marisa????????","Mimic Mod","Minty Spire (QoL Compilation)","Potionbrewer","Replay The Spire","Robot Space Explorer","StSLib","The Blackbeard","The Construct","The Cursed","The Disciple","The Hayseed","The Hierophant","The Juggle","The Jungle","The Poker Player","The Runesmith","The Servant 0.9.4","The Spell Scribe","The Valiant","TheBandit"],"gold_per_floor":[112,123,48,48,58,58,88,88,88,98,78,48,75,92,92,92,92],"floor_reached":16,"language":"ENG","playtime":954,"items_purged":[],"score":110,"play_id":"8b88a215-1a1f-46b0-b085-5a0f77ae370c","local_time":"20210125232827","is_ascension_mode":false,"campfire_choices":[{"data":"bard:SixFourTime","floor":6,"key":"SMITH"},{"data":"bard:Inspire","floor":8,"key":"SMITH"},{"floor":15,"key":"REST"}],"circlet_count":0,"master_deck":["bard:Strike","bard:Strike","bard:Strike","bard:Defend","bard:Defend","bard:Defend","bard:Defend","bard:Riposte","bard:Inspire+1","bard:LingeringPerformance","bard:TinyHut","bard:Thunderwave","bard:SixFourTime+1","bard:Doot","bard:HideousLaughter","bard:InspiringSong","bard:Thunderwave"],"relics":["bard:PitchPipe","bard:BagPipes","potionbrewer:SlideRule","The Courier","Du-Vu Doll"],"acts_visited":["Exordium"],"potions_floor_usage":[13,13,13,16,16],"damage_taken":[{"damage":0,"enemies":"2 Louse","floor":1,"turns":4},{"damage":0,"enemies":"Small Slimes","floor":2,"turns":3},{"damage":0,"enemies":"Cultist","floor":5,"turns":2},{"damage":46,"enemies":"Gremlin Nob","floor":7,"turns":6},{"damage":19,"enemies":"3 Louse","floor":10,"turns":3},{"damage":1,"enemies":"Looter","floor":12,"turns":4},{"damage":2,"enemies":"3 Sentries","floor":13,"turns":5},{"damage":0,"enemies":"Lots of Slimes","floor":14,"turns":3},{"damage":24,"enemies":"The Guardian","floor":16,"turns":6}],"seed_played":"4065314660390892273","potions_obtained":[{"floor":7,"key":"construct:ShiftPotion"},{"floor":10,"key":"Weak Potion"},{"floor":11,"key":"Cursed Concoction"},{"floor":13,"key":"potionbrewer:ToxicPotion"},{"floor":14,"key":"potionbrewer:ToxicPotion"}],"is_trial":false,"path_per_floor":["M","M","$","?","M","R","E","R","T","M","?","M","E","M","R","B"],"character_chosen":"BARD","items_purchased":["bard:SixFourTime"],"campfire_rested":1,"item_purchase_floors":[3],"current_hp_per_floor":[70,70,70,70,70,70,24,24,24,5,5,4,2,2,23,0,0],"gold":92,"neow_bonus":"TRANSFORM_CARD","is_daily":false,"chose_seed":false,"campfire_upgraded":2,"win_rate":0.0,"timestamp":1611635307,"path_taken":["M","M","$","?","M","R","E","R","T","M","?","?","E","M","R","BOSS"],"items_purchased_type":["Card"],"build_version":"2020-12-22","purchased_purges":0,"victory":false,"max_hp_per_floor":[70,70,70,70,70,70,70,70,70,70,70,70,70,70,70,70,70],"card_choices":[{"not_picked":["bard:SongBolt","bard:Aphasia"],"picked":"bard:TinyHut","floor":1},{"not_picked":["bard:Parry","bard:GreaterMagicWeapon"],"picked":"bard:Thunderwave","floor":2},{"not_picked":["bard:GuardPoint","bard:Silence","bard:FeastOnFear"],"picked":"SKIP","floor":5},{"not_picked":["bard:Parry","bard:FeastOnFear","bard:Fermata"],"picked":"SKIP","floor":7},{"not_picked":["bard:SongBolt","bard:DervishDance"],"picked":"bard:Doot","floor":10},{"not_picked":["bard:LingeringEcho","bard:Greatness"],"picked":"bard:HideousLaughter","floor":12},{"not_picked":["bard:HideousLaughter","bard:Aphasia"],"picked":"bard:InspiringSong","floor":13},{"not_picked":["bard:EnGarde","bard:SongBolt"],"picked":"bard:Thunderwave","floor":14}],"player_experience":1814548,"relics_obtained":[{"floor":7,"key":"potionbrewer:SlideRule"},{"floor":9,"key":"The Courier"},{"floor":13,"key":"Du-Vu Doll"}],"event_choices":[{"damage_healed":0,"gold_gain":0,"player_choice":"Leave","damage_taken":0,"max_hp_gain":0,"max_hp_loss":0,"event_name":"conspire:Investor","floor":4,"gold_loss":0},{"damage_healed":0,"gold_gain":0,"player_choice":"Bought 1 Potion","damage_taken":0,"max_hp_gain":0,"max_hp_loss":0,"event_name":"The Woman in Blue","floor":11,"gold_loss":0}],"is_beta":false,"boss_relics":[],"items_purged_floors":[],"is_endless":false,"potions_floor_spawned":[7,10,13,14],"killed_by":"The Guardian","ascension_level":0}}