{"host":"z8n47vy4vaymw9pl","time":1611689833,"event":{"mods":["2.2 Compatiblity","Act Like it!","Always Whale","BaseMod","Better Altar","Better Match","Better Note","Better Sensory Stone","Better Skull","Better Third Choice","Colored Map","Colored Powertips","Defuse TimeMaze Blight","Downfall","Energized Spire","Hubris","Minty Spire (QoL Compilation)","Reliquary","Replay The Spire","Robot Space Explorer","Spire Arcade","StSLib","The Blue Laboratory","The Caster","TheSurvivalist","TheSwordswoman","Unceasing Turn Reminder","Wandering Minibosses"],"gold_per_floor":[113,93,112,112,36,36,55,55,78,78,98,125,137,163,163,263,363,380,380,395,408,333,353,353,353,353],"floor_reached":25,"language":"ENG","playtime":2380,"items_purged":[],"score":213,"play_id":"3da559f4-ffd4-4db9-ad04-7a6d36aa0294","local_time":"20210126113713","is_ascension_mode":false,"campfire_choices":[{"floor":6,"key":"RECALL"},{"data":"survmod:FlareQuiver","floor":8,"key":"SMITH"},{"data":"survmod:Sprint","floor":10,"key":"SMITH"},{"data":"survmod:ComplexMutation","floor":15,"key":"SMITH"},{"data":"survmod:VersatilePower","floor":24,"key":"SMITH"}],"circlet_count":0,"master_deck":["survmod:Strike","survmod:Defend","survmod:Defend","survmod:Defend","survmod:Defend","survmod:VersatileOffense+1","survmod:Sprint+1","survmod:ComplexMutation+1","survmod:MarkedShot","survmod:AcidArrow","survmod:FlareQuiver+1","survmod:ExplosiveTrap","survmod:NockAnArrow","survmod:NockAnArrow","survmod:VersatilePower+1","survmod:SimpleMutation+1","survmod:CloseCombat+1","survmod:PenetratingShot","survmod:PoisonTrap","survmod:PinningSnipe+1"],"relics":["survmod:InnateMutation","hubris:Towel","hubris:TenFootPole","reliquary:Stiletto","Replay:Grab Bag","energizedSpire:MagnifyingGlass","Replay:Wanted Poster","Astrolabe"],"acts_visited":["Exordium","TheCity"],"potions_floor_usage":[13,13,13,13,13,21,21,21],"damage_taken":[{"damage":0,"enemies":"Jaw Worm","floor":1,"turns":5},{"damage":4,"enemies":"Cultist","floor":3,"turns":4},{"damage":0,"enemies":"2 Louse","floor":7,"turns":7},{"damage":0,"enemies":"Exordium Wildlife","floor":11,"turns":5},{"damage":4,"enemies":"Lagavulin","floor":12,"turns":6},{"damage":12,"enemies":"Lots of Slimes","floor":13,"turns":7},{"damage":4,"enemies":"3 Sentries","floor":14,"turns":10},{"damage":18,"enemies":"Slime Boss","floor":16,"turns":19},{"damage":2,"enemies":"Chosen","floor":18,"turns":7},{"damage":4,"enemies":"Shell Parasite","floor":20,"turns":5},{"damage":27,"enemies":"Snake Plant","floor":21,"turns":7},{"damage":13,"enemies":"Centurion and Healer","floor":23,"turns":8},{"damage":5,"enemies":"Book of Stabbing","floor":25,"turns":5}],"seed_played":"-1803316803281871197","potions_obtained":[{"floor":1,"key":"CultistPotion"},{"floor":2,"key":"EntropicBrew"},{"floor":12,"key":"blueLaboratory:HorrorPotion"},{"floor":14,"key":"blueLaboratory:PhilterOfMotion"},{"floor":16,"key":"DistilledChaos"},{"floor":20,"key":"Swift Potion"},{"floor":21,"key":"bronze:BurnAndBuffPotion"}],"is_trial":false,"path_per_floor":["M","?","M","?","$","R","M","R","T","R","M","E","M","E","R","B",null,"M","?","M","M","?","M","R","E"],"character_chosen":"THE_SURVIVOR","items_purchased":["survmod:AcidArrow"],"campfire_rested":0,"item_purchase_floors":[5],"current_hp_per_floor":[50,50,46,46,46,46,46,46,46,46,46,42,30,26,26,8,50,48,48,44,17,17,4,4,0,0],"gold":353,"neow_bonus":"UPGRADE_CARD","is_daily":false,"chose_seed":false,"campfire_upgraded":4,"win_rate":0.0,"timestamp":1611689833,"path_taken":["M","?","?","?","$","R","M","R","T","R","M","E","M","E","R","BOSS","M","?","M","?","?","M","R","E"],"items_purchased_type":["Card"],"build_version":"2020-12-22","purchased_purges":0,"victory":false,"max_hp_per_floor":[50,50,50,50,50,50,50,50,50,50,50,50,50,50,50,50,50,50,50,50,50,50,50,50,50,50],"card_choices":[{"not_picked":["survmod:NockAnArrow","survmod:RejectWeakness"],"picked":"survmod:ComplexMutation","floor":1},{"not_picked":["survmod:LongShot","survmod:TakeAim"],"picked":"survmod:MarkedShot","floor":3},{"not_picked":["survmod:GoForFace","survmod:FlashbangTrap"],"picked":"survmod:FlareQuiver","floor":7},{"not_picked":["survmod:SimpleMutation","survmod:FenceTrap","survmod:FocusedFire"],"picked":"SKIP","floor":11},{"not_picked":["survmod:Adaptability","survmod:PiercingShot"],"picked":"survmod:ExplosiveTrap","floor":12},{"not_picked":["survmod:AcidTrap","survmod:OverwhelmingAssault"],"picked":"survmod:NockAnArrow","floor":13},{"not_picked":["survmod:SwiftKick","survmod:CloseCall"],"picked":"survmod:NockAnArrow","floor":14},{"not_picked":["survmod:EscapeMechanism","survmod:LeapingShot"],"picked":"survmod:VersatilePower","floor":16},{"not_picked":["survmod:LongShot","survmod:ShrapnelTraps+1"],"picked":"survmod:PenetratingShot","floor":18},{"not_picked":["survmod:BearTrap","survmod:MarkTrap"],"picked":"survmod:PoisonTrap","floor":20},{"not_picked":["survmod:PersonalMark","survmod:Heartseeker","survmod:OverexertingShot+1"],"picked":"SKIP","floor":21},{"not_picked":["survmod:Adaptability","survmod:FindCover+1"],"picked":"survmod:PinningSnipe+1","floor":23}],"player_experience":541024,"relics_obtained":[{"floor":12,"key":"hubris:TenFootPole"},{"floor":14,"key":"reliquary:Stiletto"}],"event_choices":[{"damage_healed":0,"gold_gain":0,"player_choice":"Bought 1 Potion","damage_taken":0,"max_hp_gain":0,"max_hp_loss":0,"event_name":"The Woman in Blue","floor":2,"gold_loss":0},{"damage_healed":0,"gold_gain":0,"player_choice":"Ignored","damage_taken":0,"max_hp_gain":0,"max_hp_loss":0,"event_name":"betterNote:BetterNote","floor":19,"gold_loss":0,"cards_obtained":["Ghostly"]},{"cards_removed":["survmod:FindCover"],"damage_healed":0,"gold_gain":0,"player_choice":"Gave Gold","damage_taken":0,"max_hp_gain":0,"max_hp_loss":0,"event_name":"Beggar","floor":22,"gold_loss":75}],"is_beta":false,"boss_relics":[{"not_picked":["Replay:Bronze Core","reliquary:RedPaperclip"],"picked":"Replay:Grab Bag"},{"not_picked":["reliquary:WritOfMandamus","ReplayTheSpireMod:DimensionalGlitch"],"picked":"energizedSpire:MagnifyingGlass"},{"not_picked":["hubris:TerracottaHorce","energizedSpire:EnergizedDie"],"picked":"Replay:Wanted Poster"},{"not_picked":["hubris:BlackHole","Runic Pyramid"],"picked":"Astrolabe"}],"items_purged_floors":[],"is_endless":false,"potions_floor_spawned":[1,12,14,16,20,21],"killed_by":"Book of Stabbing","ascension_level":0}}