{"host":"bvp2uifzy1c463d9","time":1611687310,"event":{"mods":["BaseMod","Block Reminder","Colored Map","Colored Powertips","Hermit","Highlight Path","Infinite Spire","Minty Spire (QoL Compilation)","Random Character Button","Relic Stats","Replay The Spire","StSLib","The Jungle"],"gold_per_floor":[114,126,126,137,13,13,28,28,53,79,79,89,122,122,122,122,122],"floor_reached":16,"language":"ENG","playtime":913,"items_purged":[],"score":102,"play_id":"516c5510-e2d6-45b4-9332-b2ded2806fb7","local_time":"20210126125510","is_ascension_mode":false,"campfire_choices":[{"data":"hermit:Manifest","floor":6,"key":"SMITH"},{"data":"hermit:TakeCover","floor":8,"key":"SMITH"},{"data":"hermit:Spite","floor":11,"key":"SMITH"},{"data":"hermit:Showdown","floor":15,"key":"PURGE"}],"circlet_count":0,"master_deck":["hermit:Strike_Hermit","hermit:Strike_Hermit","hermit:Strike_Hermit","hermit:Defend_Hermit","hermit:Defend_Hermit","hermit:Defend_Hermit","hermit:Snapshot","hermit:Covet","hermit:HeroicBravado","hermit:Horror","hermit:TakeCover+1","hermit:Spite+1","hermit:ShadowCloak","hermit:Manifest+1","hermit:ShadowCloak","hermit:Coalescence","hermit:Brawl","hermit:Determination","Injury","hermit:Desperado"],"relics":["hermit:Momento","Boot","Blue Doll"],"acts_visited":["Exordium"],"potions_floor_usage":[13],"damage_taken":[{"damage":2,"enemies":"Jaw Worm","floor":1,"turns":4},{"damage":1,"enemies":"Cultist","floor":2,"turns":3},{"damage":0,"enemies":"2 Louse","floor":4,"turns":3},{"damage":14,"enemies":"Gremlin Gang","floor":7,"turns":5},{"damage":7,"enemies":"Gremlin Nob","floor":10,"turns":4},{"damage":1,"enemies":"Blue Slaver","floor":12,"turns":2},{"damage":5,"enemies":"3 Louse","floor":13,"turns":3},{"damage":46,"enemies":"Fading Forest","floor":16,"turns":4}],"seed_played":"-4959126924761091960","potions_obtained":[{"floor":1,"key":"SmokeBomb"},{"floor":2,"key":"SpeedPotion"},{"floor":7,"key":"AttackPotion"},{"floor":13,"key":"Elixir"}],"is_trial":false,"path_per_floor":["M","M","?","M","$","R","M","R","T","E","R","M","M","?","R_BF","B"],"character_chosen":"HERMIT","items_purchased":["hermit:ShadowCloak","hermit:Manifest"],"campfire_rested":0,"item_purchase_floors":[5,5],"current_hp_per_floor":[73,72,72,72,72,72,58,58,58,51,51,50,45,45,45,0,0],"gold":122,"neow_bonus":"RANDOM_EVENT","is_daily":false,"chose_seed":false,"campfire_upgraded":3,"win_rate":0.0,"timestamp":1611687310,"path_taken":["M","M","?","?","$","R","M","R","T","E","R","M","M","?","R_BF","BOSS"],"items_purchased_type":["Card","Card"],"build_version":"2020-12-22","purchased_purges":0,"victory":false,"max_hp_per_floor":[75,75,75,75,75,75,75,75,75,75,75,75,75,75,75,75,75],"relic_stats":{"counters":[8,28],"Boot":[0],"obtain_stats":[{"Blue Doll":10,"Boot":9,"hermit:Momento":0},{"Blue Doll":5,"Boot":4,"hermit:Momento":0},{"Blue Doll":19,"Boot":15,"hermit:Momento":0}]},"card_choices":[{"not_picked":["hermit:ItchyTrigger","hermit:LowProfile"],"picked":"hermit:Horror","floor":1},{"not_picked":["hermit:Misfire","hermit:GhostlyPresence"],"picked":"hermit:TakeCover","floor":2},{"not_picked":["hermit:DeadMansHand","hermit:LowProfile"],"picked":"hermit:Showdown","floor":4},{"not_picked":["hermit:Glare","hermit:WideOpen"],"picked":"hermit:ShadowCloak","floor":7},{"not_picked":["hermit:LuckOfTheDraw","hermit:Combo"],"picked":"hermit:Coalescence","floor":10},{"not_picked":["hermit:HighCaliber","hermit:Magnum"],"picked":"hermit:Brawl","floor":12},{"not_picked":["hermit:Manifest","hermit:Roulette"],"picked":"hermit:Determination","floor":13}],"player_experience":179942,"relics_obtained":[{"floor":9,"key":"Boot"},{"floor":10,"key":"Blue Doll"}],"event_choices":[{"damage_healed":0,"gold_gain":0,"cards_transformed":["hermit:Strike_Hermit"],"player_choice":"Change","damage_taken":0,"max_hp_gain":0,"max_hp_loss":0,"event_name":"Living Wall","floor":0,"gold_loss":0,"cards_obtained":["hermit:HeroicBravado"]},{"damage_healed":0,"gold_gain":0,"cards_transformed":["hermit:Defend_Hermit"],"player_choice":"Transformed","damage_taken":0,"max_hp_gain":0,"max_hp_loss":0,"event_name":"Transmorgrifier","floor":3,"gold_loss":0,"cards_obtained":["hermit:Spite"]},{"damage_healed":0,"gold_gain":0,"player_choice":"2 cards matched","damage_taken":0,"max_hp_gain":0,"max_hp_loss":0,"event_name":"Match and Keep!","floor":14,"gold_loss":0,"cards_obtained":["Injury","hermit:Desperado"]}],"is_beta":false,"boss_relics":[],"items_purged_floors":[],"is_endless":false,"potions_floor_spawned":[1,2,7,13],"killed_by":"Fading Forest","ascension_level":0}}