{"host":"8nqgve6y8ahjd8xo","time":1611661837,"event":{"mods":["ATMod(阿瑾Mod)","AchievementEnabler","BaseMod","Better Vampires","Better-Laid Plans","Colored Map","Colored Powertips","Minty Spire (QoL Compilation)","MostiFishMod","Quick Restart","Red Circlet Mod","Replay The Spire","RumiaBox-露米娅的神秘盒子","Ryuuou龙王","Shop Mod","StSLib","TestMod","Uncapped","Waifu the Spire","[IsaacMod]以撒尖塔","[功能]功能增强和修复MOD","【功能Mod】Neow奖励","【功能Mod】混沌之环修复补丁","【遗物Mod】死灵法师NEW","【遗物Mod】简单游戏","【遗物卡牌】REMEMod","没有小屋子和绿帽子啦","篝火指南"],"gold_per_floor":[120,67,67,67,67,67,104,104,104,137,137],"floor_reached":10,"language":"ZHS","playtime":367,"items_purged":["Defend_P"],"score":124,"play_id":"7375899d-6744-4d63-81f6-ea41a2b18244","local_time":"20210126195037","is_ascension_mode":true,"campfire_choices":[{"data":"MostiFishMod:LegendTransform","floor":6,"key":"SMITH"}],"circlet_count":0,"master_deck":["AscendersBane","Eruption+1","Vigilance","EpicFetus","AT_FamilyPortrait","testmod-ChaoticCore","DeceiveReality+1","InnerPeace+1","ForeignInfluence+1","MostiFishMod:LegendTransform+1","EmptyMind","AT_DivineConfetti","Halt+1","MostiFishMod:LegendTransform","Wish"],"relics":["EasyRelic","HushsDoor","testmod-TestBox","DaveBox","AT_ATBox","REME_ComplimentaryCards","BelialBook","White Beast Statue","testmod-DeterminationOfClimber","Astrolabe","SynthV:TestCard","AT_SunfireAegis"],"acts_visited":["Exordium"],"potions_floor_usage":[7],"damage_taken":[{"damage":2,"enemies":"Small Slimes","floor":1,"turns":3},{"damage":32,"enemies":"Lagavulin","floor":7,"turns":4},{"damage":11,"enemies":"Replay:BlueRogue","floor":10,"turns":3}],"seed_played":"-2755197792904815060","potions_obtained":[{"floor":1,"key":"LifebloodPotion"},{"floor":1,"key":"Weak Potion"},{"floor":7,"key":"StancePotion"},{"floor":7,"key":"testmod-SpacePotion"},{"floor":7,"key":"Adrenaline Potion"},{"floor":7,"key":"SpeedPotion"}],"is_trial":false,"path_per_floor":["M","$","?","$","?","R","E","?","T","E"],"character_chosen":"WATCHER","items_purchased":[],"campfire_rested":0,"item_purchase_floors":[],"current_hp_per_floor":[64,64,64,64,44,44,20,25,25,22,22],"gold":137,"neow_bonus":"BOSS_RELIC","is_daily":false,"chose_seed":false,"campfire_upgraded":1,"win_rate":0.0,"timestamp":1611661837,"path_taken":["M","$","?","$","?","R","E","?","T","E"],"items_purchased_type":[],"build_version":"2020-12-22","purchased_purges":1,"victory":false,"max_hp_per_floor":[68,68,68,68,68,68,68,73,73,73,73],"card_choices":[{"not_picked":[],"picked":"EpicFetus","floor":0},{"not_picked":["WheelKick","WaveOfTheHand"],"picked":"MostiFishMod:LegendTransform","floor":1},{"not_picked":["Bomb","InnerPeace","WaveOfTheHand","ThirdEye"],"picked":"Wish","floor":7}],"player_experience":1344336,"relics_obtained":[{"floor":1,"key":"SynthV:TestCard"},{"floor":7,"key":"AT_SunfireAegis"}],"event_choices":[{"damage_healed":0,"gold_gain":0,"player_choice":"Swap Relic","damage_taken":0,"relics_obtained":["Pandora\u0027s Box"],"max_hp_gain":0,"max_hp_loss":0,"event_name":"给自己的盒子","floor":3,"relics_lost":["Pandora\u0027s Box"],"gold_loss":0},{"damage_healed":0,"gold_gain":0,"player_choice":"Entered Light","damage_taken":20,"max_hp_gain":0,"max_hp_loss":0,"event_name":"Shining Light","floor":5,"gold_loss":0,"cards_upgraded":["Halt","Eruption"]},{"damage_healed":0,"gold_gain":0,"player_choice":"Donut","damage_taken":0,"max_hp_gain":5,"max_hp_loss":0,"event_name":"Big Fish","floor":8,"gold_loss":0}],"is_beta":false,"boss_relics":[],"items_purged_floors":[2],"is_endless":false,"potions_floor_spawned":[1,1,1,7,7,7,7],"killed_by":"Replay:BlueRogue","ascension_level":20}}