{"host":"8ef2eyqaps3igadt","time":1611655682,"event":{"mods":["AchievementEnabler","Act Like it!","Aspiration","BaseMod","Better Altar","Better Match","Better Skull","Better Third Choice","Better Vampires","BetterRewards","Conspire","Curses Come First","Defuse TimeMaze Blight","Disable Question Mark Monsters","Displayed Cursed Tome","Energized Spire","Fox Events","GifTheSpireLib","Hallownest","Highlight Path","Hubris","Infinite Spire","Marked Mod","Mimic Mod","Minty Spire (QoL Compilation)","Quick Restart","Replay The Spire","Shop Mod","Spicy Shops","Spikes Relics","StS++","StSLib","Stuff the Spire","SuperFastMode","The Marked","Trackpad","Unceasing Turn Reminder","Virulent Crown","Wandering Minibosses"],"gold_per_floor":[113,33,33,65,65,100,110,110,233,262,262,274,300,316,316,316,316],"floor_reached":16,"language":"ENG","playtime":268,"items_purged":[],"score":176,"play_id":"d3707715-09db-435d-a5fe-3546296d4e07","local_time":"20210126110802","is_ascension_mode":true,"campfire_choices":[{"data":"Heavy Blade","floor":8.0,"key":"SMITH"},{"floor":15.0,"key":"REST"}],"circlet_count":0,"master_deck":["Strike_R","Strike_R","Strike_R","Strike_R","Strike_R","Defend_R","Defend_R","Defend_R","Defend_R","Bash","infinitespire:OneForAll+1","Heavy Blade+1","StSpp:BladeOfBlood","Absolvement","StSpp:Betrayal","Clash"],"relics":["Burning Blood","NeowsBlessing","foxEvents:LuckyCharm","Snack Pack","Strawberry","Darkstone Periapt","trackpad:SappingStone"],"acts_visited":["Exordium"],"potions_floor_usage":[16,16],"damage_taken":[{"damage":0.0,"enemies":"2 Louse","floor":1.0,"turns":1.0},{"damage":0.0,"enemies":"Colosseum Slavers","floor":4.0,"turns":1.0},{"damage":0.0,"enemies":"Gremlin Nob","floor":6.0,"turns":1.0},{"damage":0.0,"enemies":"Small Slimes","floor":7.0,"turns":3.0},{"damage":72.0,"enemies":"Lagavulin","floor":10.0,"turns":8.0},{"damage":16.0,"enemies":"Cultist","floor":12.0,"turns":1.0},{"damage":12.0,"enemies":"Gremlin Nob","floor":13.0,"turns":2.0},{"damage":7.0,"enemies":"Looter","floor":14.0,"turns":2.0},{"damage":66,"enemies":"Hexaghost","floor":16,"turns":11}],"seed_played":"1764595693715254297","potions_obtained":[{"floor":6.0,"key":"BloodPotion"},{"floor":12.0,"key":"BlessingOfTheForge"}],"is_trial":false,"path_per_floor":["M","$","?","?","?","E","M","R","T","E","?","M","E","M","R","B"],"character_chosen":"IRONCLAD","items_purchased":["conspire:Charge"],"campfire_rested":1,"item_purchase_floors":[2],"current_hp_per_floor":[80,80,80,80,80,80,80,80,87,23,32,22,18,17,43,0,0],"gold":316,"neow_bonus":"THREE_ENEMY_KILL","is_daily":false,"chose_seed":false,"campfire_upgraded":1,"win_rate":0.0,"timestamp":1611655682,"path_taken":["M","$","?","?","?","E","?","R","T","E","?","M","E","?","R","BOSS"],"items_purchased_type":["Card"],"build_version":"2020-12-22","purchased_purges":0,"victory":false,"max_hp_per_floor":[80,80,80,80,80,80,80,80,87,87,87,87,87,87,87,87,87],"card_choices":[{"not_picked":["conspire:ExplosiveBarrier","Anger"],"picked":"infinitespire:OneForAll","floor":1.0},{"not_picked":["StuffTheSpire:BloodClot","StuffTheSpire:RockThrow"],"picked":"Heavy Blade","floor":4.0},{"not_picked":["Dual Wield","Iron Wave","StuffTheSpire:Incineration"],"picked":"SKIP","floor":6.0},{"not_picked":["Replay:Undeath\u0027s Touch","Sword Boomerang","Body Slam"],"picked":"SKIP","floor":7.0},{"not_picked":["StSpp:Succumb","Armaments"],"picked":"StSpp:BladeOfBlood","floor":10.0},{"not_picked":["StSpp:Sprint","Searing Blow"],"picked":"Absolvement","floor":12.0},{"not_picked":["StSpp:CounterStrike","Armaments"],"picked":"StSpp:Betrayal","floor":13.0},{"not_picked":["StSpp:TheBiggerTheyAre","Pommel Strike"],"picked":"Clash","floor":14.0}],"player_experience":3132,"relics_obtained":[{"floor":4.0,"key":"foxEvents:LuckyCharm"},{"floor":6.0,"key":"Snack Pack"},{"floor":9.0,"key":"Strawberry"},{"floor":10.0,"key":"Darkstone Periapt"},{"floor":13.0,"key":"trackpad:SappingStone"}],"event_choices":[{"damage_healed":0.0,"max_hp_gain":0.0,"max_hp_loss":0.0,"gold_gain":0.0,"event_name":"Living Wall","player_choice":"Grow","floor":3.0,"gold_loss":0.0,"damage_taken":0.0,"cards_upgraded":["infinitespire:OneForAll"]},{"cards_removed":["conspire:Charge"],"damage_healed":0.0,"max_hp_gain":0.0,"max_hp_loss":0.0,"gold_gain":0.0,"event_name":"Bonfire Elementals","player_choice":"Offered Uncommon","floor":5.0,"gold_loss":0.0,"damage_taken":0.0}],"is_beta":false,"boss_relics":[],"items_purged_floors":[],"is_endless":false,"potions_floor_spawned":[4,6,12,14],"killed_by":"Hexaghost","ascension_level":1}}