{"host":"hrn9sk6g3e0vcjdq","time":1611675752,"event":{"mods":["AchievementEnabler","BaseMod","BetterRewards","Colored Map","Colored Powertips","Hubris","Minty Spire (QoL Compilation)","Quick Restart","StSLib"],"gold_per_floor":[109,184,201,201,226,260,260,260,260,260,260,260,274,299,299,420,420,433,448,462,112,131,131,174,187,239,239,273,273,273,398,398,526,526,541,441,461,524,549,549,592,592,619,952,1174,1219,484,495,495,495],"floor_reached":51,"language":"ENG","playtime":4806,"items_purged":["Strike_R","Strike_R","Strike_R"],"score":743,"play_id":"040d4ac3-5836-4f97-85a2-854ce1b88e80","local_time":"20210126154232","is_ascension_mode":false,"campfire_choices":[{"data":"Armaments","floor":8,"key":"SMITH"},{"data":"Iron Wave","floor":10,"key":"SMITH"},{"data":"Whirlwind","floor":15,"key":"SMITH"},{"floor":23,"key":"REST"},{"data":"Inflame","floor":27,"key":"SMITH"},{"data":"Disarm","floor":30,"key":"SMITH"},{"data":"Rampage","floor":32,"key":"SMITH"},{"data":"1","floor":40,"key":"LIFT"},{"floor":42,"key":"REST"},{"data":"2","floor":49,"key":"LIFT"}],"circlet_count":0,"master_deck":["Strike_R+1","Strike_R","Defend_R","Defend_R","Defend_R","Defend_R","Bash+1","Armaments+1","Iron Wave+1","True Grit+1","Pummel","Thunderclap","Whirlwind+1","Rampage+1","Barricade","Shrug It Off+1","Rage+1","Inflame+1","Disarm+1","Disarm+1","Reaper","Spot Weakness+1","Twin Strike"],"relics":["Burning Blood","TungstenRod","Whetstone","hubris:Icosahedron","HornCleat","Mark of Pain","Blood Vial","Ornamental Fan","hubris:SlimyHat","Red Mask","hubris:Towel","hubris:CuriousFeather","Bottled Flame","Girya","Paper Frog","Juzu Bracelet","Lizard Tail","Lee\u0027s Waffle","Vajra","StoneCalendar"],"acts_visited":["Exordium","TheCity","TheBeyond"],"potions_floor_usage":[16,16,16,20,24,28,28,31,31,39,48,50,50],"damage_taken":[{"damage":9,"enemies":"2 Louse","floor":1,"turns":3},{"damage":1,"enemies":"Jaw Worm","floor":3,"turns":4},{"damage":3,"enemies":"Small Slimes","floor":5,"turns":4},{"damage":29,"enemies":"3 Sentries","floor":6,"turns":11},{"damage":5,"enemies":"Gremlin Gang","floor":13,"turns":8},{"damage":7,"enemies":"2 Fungi Beasts","floor":14,"turns":4},{"damage":46,"enemies":"Hexaghost","floor":16,"turns":18},{"damage":32,"enemies":"Chosen","floor":18,"turns":7},{"damage":0,"enemies":"3 Byrds","floor":19,"turns":4},{"damage":3,"enemies":"Snake Plant","floor":20,"turns":8},{"damage":20,"enemies":"Sentry and Sphere","floor":22,"turns":7},{"damage":0,"enemies":"Book of Stabbing","floor":24,"turns":7},{"damage":2,"enemies":"Chosen and Byrds","floor":25,"turns":6},{"damage":0,"enemies":"Masked Bandits","floor":28,"turns":2},{"damage":3,"enemies":"Colosseum Slavers","floor":31,"turns":6},{"damage":4,"enemies":"Colosseum Nobs","floor":31,"turns":6},{"damage":0,"enemies":"Champ","floor":33,"turns":13},{"damage":10,"enemies":"Orb Walker","floor":35,"turns":4},{"damage":12,"enemies":"3 Shapes","floor":37,"turns":3},{"damage":5,"enemies":"Mind Bloom Boss Battle","floor":38,"turns":6},{"damage":10,"enemies":"Maw","floor":39,"turns":9},{"damage":38,"enemies":"Reptomancer","floor":41,"turns":7},{"damage":50,"enemies":"2 Orb Walkers","floor":46,"turns":6},{"damage":22,"enemies":"Spire Growth","floor":48,"turns":5},{"damage":37,"enemies":"Donu and Deca","floor":50,"turns":12}],"seed_played":"-149603170048725950","potions_obtained":[{"floor":3,"key":"Ancient Potion"},{"floor":6,"key":"FearPotion"},{"floor":14,"key":"HeartOfIron"},{"floor":16,"key":"Block Potion"},{"floor":22,"key":"Strength Potion"},{"floor":24,"key":"Weak Potion"},{"floor":25,"key":"AttackPotion"},{"floor":28,"key":"Dexterity Potion"},{"floor":33,"key":"BlessingOfTheForge"},{"floor":35,"key":"Fruit Juice"},{"floor":38,"key":"Energy Potion"},{"floor":39,"key":"LiquidBronze"}],"is_trial":false,"path_per_floor":["M","?","M","?","M","E","?","R","T","R","?","?","M","M","R","B",null,"M","M","M","$","M","R","E","M","T","R","?","?","R","?","R","B",null,"M","$","M","?","M","R","E","R","T","?","?","?","$","M","R","B",null],"character_chosen":"IRONCLAD","items_purchased":["Armaments","Inflame","Disarm","Blood Vial","Lee\u0027s Waffle","Vajra","StoneCalendar"],"campfire_rested":2,"item_purchase_floors":[0,21,21,21,47,47,47],"current_hp_per_floor":[77,66,71,71,74,51,51,51,51,51,51,51,52,51,51,11,74,48,54,57,57,45,67,74,74,74,74,74,74,74,74,74,74,74,70,70,66,74,75,75,55,78,78,78,78,35,86,86,86,56],"gold":495,"neow_bonus":"","is_daily":false,"chose_seed":false,"campfire_upgraded":6,"win_rate":0.0,"timestamp":1611675752,"path_taken":["M","?","M","?","M","E","?","R","T","R","?","?","M","M","R","BOSS","M","M","?","$","?","R","E","M","T","R","?","?","R","?","R","BOSS","M","$","M","?","M","R","E","R","T","?","?","?","$","M","R","BOSS"],"items_purchased_type":["Card","Card","Card","Relic","Relic","Relic","Relic"],"build_version":"2020-12-22","purchased_purges":3,"victory":true,"max_hp_per_floor":[80,80,80,74,74,74,74,74,74,74,74,74,74,74,74,74,74,74,74,74,74,74,74,74,74,74,74,74,74,74,74,74,74,74,74,74,74,74,79,79,79,79,79,79,79,79,86,86,86,86],"card_choices":[{"not_picked":["Carnage","Havoc"],"picked":"Iron Wave","floor":1},{"not_picked":["Iron Wave","Blood for Blood"],"picked":"True Grit","floor":3},{"not_picked":["Hemokinesis","hubris:ReadiedAction"],"picked":"Pummel","floor":5},{"not_picked":["Warcry","hubris:ReadiedAction"],"picked":"Thunderclap","floor":6},{"not_picked":["Body Slam","Clothesline"],"picked":"Whirlwind","floor":13},{"not_picked":["Iron Wave","Combust"],"picked":"Rampage","floor":14},{"not_picked":["Exhume","hubris:StunningStrike"],"picked":"Barricade","floor":16},{"not_picked":["Armaments","Second Wind"],"picked":"Shrug It Off+1","floor":18},{"not_picked":["Havoc","Armaments","Clash"],"picked":"SKIP","floor":19},{"not_picked":["Second Wind","Carnage"],"picked":"Rage+1","floor":20},{"not_picked":["Perfected Strike+1","Entrench+1"],"picked":"Disarm+1","floor":22},{"not_picked":["Reckless Charge+1","Rage","Corruption"],"picked":"SKIP","floor":24},{"not_picked":["Shrug It Off+1","Clothesline","Heavy Blade"],"picked":"SKIP","floor":25},{"not_picked":["Juggernaut","Fiend Fire"],"picked":"Reaper","floor":33},{"not_picked":["Rampage","Dual Wield"],"picked":"Spot Weakness+1","floor":35},{"not_picked":["Warcry+1","Clothesline","Sword Boomerang"],"picked":"SKIP","floor":37},{"not_picked":["Spot Weakness+1","Shrug It Off"],"picked":"Twin Strike","floor":38},{"not_picked":["Thunderclap+1","Shrug It Off+1","Sever Soul+1"],"picked":"SKIP","floor":39},{"not_picked":["Warcry","Sentinel","Fiend Fire"],"picked":"SKIP","floor":41},{"not_picked":["Pommel Strike+1","Armaments","Perfected Strike+1"],"picked":"SKIP","floor":48}],"player_experience":612887,"relics_obtained":[{"floor":6,"key":"TungstenRod"},{"floor":9,"key":"Whetstone"},{"floor":24,"key":"Ornamental Fan"},{"floor":26,"key":"hubris:SlimyHat"},{"floor":28,"key":"Red Mask"},{"floor":31,"key":"hubris:CuriousFeather"},{"floor":31,"key":"Bottled Flame"},{"floor":38,"key":"Girya"},{"floor":41,"key":"Paper Frog"},{"floor":43,"key":"Juzu Bracelet"},{"floor":46,"key":"Lizard Tail"}],"event_choices":[{"damage_healed":0,"gold_gain":75,"player_choice":"Gather Gold","damage_taken":11,"max_hp_gain":0,"max_hp_loss":0,"event_name":"World of Goop","floor":2,"gold_loss":0},{"damage_healed":0,"gold_gain":0,"player_choice":"Lose Max HP","damage_taken":0,"relics_obtained":["Golden Idol"],"max_hp_gain":0,"max_hp_loss":6,"event_name":"Golden Idol","floor":4,"gold_loss":0},{"damage_healed":0,"gold_gain":0,"player_choice":"Gave Potion","damage_taken":0,"relics_obtained":["HornCleat"],"max_hp_gain":0,"max_hp_loss":0,"event_name":"WeMeetAgain","floor":12,"gold_loss":0},{"damage_healed":0,"gold_gain":0,"player_choice":"Fought Bandits","damage_taken":0,"max_hp_gain":0,"max_hp_loss":0,"event_name":"Masked Bandits","floor":28,"gold_loss":0},{"damage_healed":0,"gold_gain":0,"player_choice":"Fight","damage_taken":0,"max_hp_gain":0,"max_hp_loss":0,"event_name":"Colosseum","floor":31,"gold_loss":0},{"damage_healed":0,"gold_gain":0,"player_choice":"Fought Nobs","damage_taken":0,"max_hp_gain":0,"max_hp_loss":0,"event_name":"Colosseum","floor":31,"gold_loss":0},{"damage_healed":0,"gold_gain":0,"player_choice":"Fight","damage_taken":0,"max_hp_gain":0,"max_hp_loss":0,"event_name":"MindBloom","floor":38,"gold_loss":0},{"damage_healed":0,"gold_gain":333,"player_choice":"Gave Idol","damage_taken":0,"max_hp_gain":0,"max_hp_loss":0,"event_name":"The Moai Head","floor":44,"relics_lost":["Golden Idol"],"gold_loss":0},{"damage_healed":0,"gold_gain":222,"player_choice":"Wore Mask","damage_taken":0,"max_hp_gain":0,"max_hp_loss":0,"event_name":"Tomb of Lord Red Mask","floor":45,"gold_loss":0},{"damage_healed":0,"gold_gain":0,"player_choice":"Fight","damage_taken":0,"max_hp_gain":0,"max_hp_loss":0,"event_name":"Mysterious Sphere","floor":46,"gold_loss":0}],"is_beta":false,"boss_relics":[{"not_picked":["Runic Pyramid","Runic Cube"],"picked":"Mark of Pain"},{"not_picked":["hubris:TerracottaHorce","hubris:RunicObelisk","hubris:Stopwatch"]}],"items_purged_floors":[21,36,47],"is_endless":false,"potions_floor_spawned":[3,6,14,16,22,24,25,28,31,33,35,38,39,46],"ascension_level":0}}