{"host":"vyjryxuuuxkt43k4","time":1611635267,"event":{"mods":["AchievementEnabler","BaseMod","Colored Map","DeckTracker","Keyboard Shortcuts","Minty Spire (QoL Compilation)","Permanent Neow","Quick Restart","Rare Cards Sparkle","StSLib","SuperFastMode","everything is the same but u backflip on backflip"],"gold_per_floor":[112,62,81,81,101,101,130,142,217,217,246,246,30,45,45,122,122,136,136,61,71,81,81,81,107,107,136,2,2,27,42,42,119,119,131,92,92,117,132,132,149,149,173,200,200,200,226,53,53,53,53],"floor_reached":50,"language":"KOR","playtime":9374,"items_purged":["Strike_R","Strike_R","Defend_R"],"score":1278,"play_id":"f3dc5fe1-2272-4793-92e0-d851482dd0de","local_time":"20210126132747","is_ascension_mode":true,"campfire_choices":[{"data":"Whirlwind","floor":6.0,"key":"SMITH"},{"data":"Immolate","floor":10.0,"key":"SMITH"},{"data":"Spot Weakness","floor":12.0,"key":"SMITH"},{"data":"Disarm","floor":15.0,"key":"SMITH"},{"floor":23.0,"key":"REST"},{"data":"Rage","floor":32.0,"key":"SMITH"},{"floor":40.0,"key":"REST"},{"data":"Entrench","floor":42.0,"key":"SMITH"},{"floor":49,"key":"REST"}],"circlet_count":0,"master_deck":["AscendersBane","Bash","Sword Boomerang","Shrug It Off","Whirlwind+1","Immolate+1","Spot Weakness+1","Disarm+1","Offering","Armaments+1","Havoc+1","Corruption+1","Fire Breathing+1","Intimidate","Headbutt+1","Sentinel","Entrench+1","Offering","Dual Wield","Ghostly Armor","Ghostly Armor","Rage+1","Fiend Fire","Body Slam+1","Feel No Pain","Trip","Metamorphosis","Flame Barrier","True Grit+1","Disarm"],"relics":["Burning Blood","Smiling Mask","Torii","Mercury Hourglass","Tiny Chest","Ancient Tea Set","Astrolabe","Bag of Marbles","Potion Belt","Orichalcum","White Beast Statue","StoneCalendar","Philosopher\u0027s Stone","Incense Burner","Art of War","Happy Flower","Red Skull","Toy Ornithopter"],"acts_visited":["Exordium","TheCity","TheBeyond"],"potions_floor_usage":[50,50],"damage_taken":[{"damage":8.0,"enemies":"Small Slimes","floor":1.0,"turns":6.0},{"damage":6.0,"enemies":"2 Louse","floor":3.0,"turns":4.0},{"damage":12.0,"enemies":"Jaw Worm","floor":5.0,"turns":5.0},{"damage":2.0,"enemies":"3 Sentries","floor":7.0,"turns":5.0},{"damage":0.0,"enemies":"Large Slime","floor":8.0,"turns":3.0},{"damage":0.0,"enemies":"Gremlin Nob","floor":11.0,"turns":2.0},{"damage":12.0,"enemies":"Looter","floor":14.0,"turns":3.0},{"damage":13.0,"enemies":"The Guardian","floor":16.0,"turns":7.0},{"damage":19.0,"enemies":"Shell Parasite","floor":18.0,"turns":2.0},{"damage":18.0,"enemies":"2 Thieves","floor":21.0,"turns":2.0},{"damage":17.0,"enemies":"Shelled Parasite and Fungi","floor":22.0,"turns":4.0},{"damage":11.0,"enemies":"Book of Stabbing","floor":25.0,"turns":4.0},{"damage":12.0,"enemies":"Slavers","floor":27.0,"turns":2.0},{"damage":12.0,"enemies":"Gremlin Leader","floor":30.0,"turns":3.0},{"damage":12.0,"enemies":"Centurion and Healer","floor":31.0,"turns":6.0},{"damage":13.0,"enemies":"Collector","floor":33.0,"turns":5.0},{"damage":6.0,"enemies":"3 Darklings","floor":35.0,"turns":2.0},{"damage":15.0,"enemies":"Mind Bloom Boss Battle","floor":38.0,"turns":4.0},{"damage":28.0,"enemies":"3 Shapes","floor":39.0,"turns":4.0},{"damage":2.0,"enemies":"Jaw Worm Horde","floor":41.0,"turns":2.0},{"damage":36.0,"enemies":"Nemesis","floor":44.0,"turns":7.0},{"damage":50.0,"enemies":"Reptomancer","floor":47.0,"turns":6.0},{"damage":53,"enemies":"Time Eater","floor":50,"turns":6}],"seed_played":"-8963983477281218443","potions_obtained":[{"floor":1.0,"key":"LiquidMemories"},{"floor":5.0,"key":"Fire Potion"},{"floor":8.0,"key":"GamblersBrew"},{"floor":11.0,"key":"HeartOfIron"},{"floor":21.0,"key":"PowerPotion"},{"floor":22.0,"key":"EntropicBrew"},{"floor":27.0,"key":"Energy Potion"},{"floor":30.0,"key":"Energy Potion"},{"floor":31.0,"key":"EntropicBrew"},{"floor":33.0,"key":"Swift Potion"},{"floor":35.0,"key":"AttackPotion"},{"floor":38.0,"key":"Swift Potion"},{"floor":39.0,"key":"Fruit Juice"},{"floor":41.0,"key":"Swift Potion"},{"floor":44.0,"key":"Explosive Potion"},{"floor":47.0,"key":"DistilledChaos"}],"is_trial":false,"path_per_floor":["M","$","M","?","M","R","E","M","T","R","E","R","$","M","R","B",null,"M","?","?","M","M","R","?","E","T","E","$","T","E","M","R","B",null,"M","$","?","?","M","R","M","R","T","E","?","T","E","$","R","B"],"character_chosen":"IRONCLAD","items_purchased":["Ancient Tea Set","Ghostly Armor","Feel No Pain","Toy Ornithopter"],"campfire_rested":3,"item_purchase_floors":[13,28,36,48],"current_hp_per_floor":[66,66,66,66,60,60,64,70,70,70,75,75,75,69,69,62,72,59,59,59,47,36,58,58,53,53,47,47,47,41,35,35,28,63,63,63,53,44,27,51,55,55,55,25,66,66,22,22,41,0,0],"gold":53,"neow_bonus":"RANDOM_COMMON_RELIC","is_daily":false,"chose_seed":false,"campfire_upgraded":6,"win_rate":0.0,"timestamp":1611635267,"path_taken":["M","$","M","?","M","R","E","M","T","R","E","R","$","M","R","BOSS","M","?","?","M","M","R","?","E","T","E","$","?","E","M","R","BOSS","M","$","?","?","M","R","M","R","T","E","?","?","E","$","R","BOSS"],"items_purchased_type":["Relic","Card","Card","Relic"],"build_version":"2020-12-22","purchased_purges":3,"victory":false,"max_hp_per_floor":[75,75,75,75,75,75,75,75,75,75,75,75,75,75,75,75,75,75,75,75,75,75,75,75,75,75,75,75,75,75,75,75,75,75,75,75,75,75,80,80,80,80,80,80,66,66,66,66,66,66,66],"card_choices":[{"not_picked":["Power Through","Armaments"],"picked":"Sword Boomerang","floor":1.0},{"not_picked":["Twin Strike","Entrench"],"picked":"Shrug It Off","floor":3.0},{"not_picked":["Clothesline","Twin Strike"],"picked":"Whirlwind","floor":5.0},{"not_picked":["Rupture","Armaments"],"picked":"Immolate","floor":7.0},{"not_picked":["Cleave","Infernal Blade","Thunderclap"],"picked":"SKIP","floor":8.0},{"not_picked":["Rupture","Pommel Strike"],"picked":"Spot Weakness","floor":11.0},{"not_picked":["Wild Strike","Shrug It Off"],"picked":"Disarm","floor":14.0},{"not_picked":["Immolate","Reaper"],"picked":"Offering","floor":16.0},{"not_picked":["True Grit","Anger+1"],"picked":"Fire Breathing+1","floor":18.0},{"not_picked":["Heavy Blade+1","Clash"],"picked":"Intimidate","floor":21.0},{"not_picked":["Cleave","Blood for Blood"],"picked":"Headbutt+1","floor":22.0},{"not_picked":["Sword Boomerang","Clothesline"],"picked":"Offering","floor":25.0},{"not_picked":["Iron Wave","Flex"],"picked":"Dual Wield","floor":27.0},{"not_picked":["Warcry","Sword Boomerang"],"picked":"Ghostly Armor","floor":30.0},{"not_picked":["Metallicize","Clothesline"],"picked":"Rage","floor":31.0},{"not_picked":["Brutality","Offering"],"picked":"Fiend Fire","floor":33.0},{"not_picked":["Blood for Blood","Heavy Blade"],"picked":"Body Slam+1","floor":35.0},{"not_picked":["Bandage Up","Metamorphosis"],"picked":"Trip","floor":37.0},{"not_picked":["Good Instincts","Trip"],"picked":"Metamorphosis","floor":37.0},{"not_picked":["Thunderclap","Heavy Blade+1"],"picked":"Flame Barrier","floor":38.0},{"not_picked":["Armaments+1","Body Slam"],"picked":"True Grit+1","floor":39.0},{"not_picked":["Sword Boomerang","Iron Wave","Clothesline"],"picked":"SKIP","floor":41.0},{"not_picked":["Blood for Blood","Cleave","Anger"],"picked":"SKIP","floor":44.0},{"not_picked":["Armaments","Body Slam"],"picked":"Disarm","floor":47.0}],"player_experience":349900,"relics_obtained":[{"floor":7.0,"key":"Torii"},{"floor":9.0,"key":"Mercury Hourglass"},{"floor":11.0,"key":"Tiny Chest"},{"floor":25.0,"key":"Bag of Marbles"},{"floor":26.0,"key":"Potion Belt"},{"floor":27.0,"key":"Orichalcum"},{"floor":29.0,"key":"White Beast Statue"},{"floor":30.0,"key":"StoneCalendar"},{"floor":38.0,"key":"Incense Burner"},{"floor":44.0,"key":"Art of War"},{"floor":46.0,"key":"Happy Flower"},{"floor":47.0,"key":"Red Skull"}],"event_choices":[{"damage_healed":0.0,"max_hp_gain":0.0,"max_hp_loss":0.0,"gold_gain":0.0,"event_name":"Liars Game","player_choice":"Ignored","floor":4.0,"gold_loss":0.0,"damage_taken":0.0},{"damage_healed":0.0,"max_hp_gain":0.0,"max_hp_loss":0.0,"gold_gain":0.0,"event_name":"Vampires","player_choice":"Ignored","floor":19.0,"gold_loss":0.0,"damage_taken":0.0},{"cards_removed":["Defend_R"],"damage_healed":0.0,"max_hp_gain":0.0,"max_hp_loss":0.0,"gold_gain":0.0,"event_name":"Beggar","player_choice":"Gave Gold","floor":20.0,"gold_loss":75.0,"damage_taken":0.0},{"damage_healed":0.0,"max_hp_gain":0.0,"max_hp_loss":0.0,"gold_gain":0.0,"cards_transformed":["Defend_R","Defend_R"],"event_name":"Drug Dealer","player_choice":"Became Test Subject","floor":24.0,"gold_loss":0.0,"damage_taken":0.0,"cards_obtained":["Sentinel","Entrench"]},{"damage_healed":0.0,"max_hp_gain":0.0,"max_hp_loss":0.0,"gold_gain":0.0,"event_name":"SensoryStone","player_choice":"Memory 3","floor":37.0,"gold_loss":0.0,"damage_taken":10.0},{"damage_healed":0.0,"max_hp_gain":0.0,"max_hp_loss":0.0,"gold_gain":0.0,"event_name":"MindBloom","player_choice":"Fight","floor":38.0,"gold_loss":0.0,"damage_taken":0.0},{"damage_healed":66.0,"max_hp_gain":0.0,"max_hp_loss":14.0,"gold_gain":0.0,"event_name":"The Moai Head","player_choice":"Heal","floor":45.0,"gold_loss":0.0,"damage_taken":0.0}],"is_beta":false,"boss_relics":[{"not_picked":["Empty Cage","Black Blood"],"picked":"Astrolabe"},{"not_picked":["Tiny House","Calling Bell"],"picked":"Philosopher\u0027s Stone"}],"items_purged_floors":[2,13,28],"is_endless":false,"potions_floor_spawned":[1,5,8,11,21,22,27,30,31,33,35,38,39,41,44,47],"killed_by":"Time Eater","ascension_level":20}}