{"host":"l5zfpd2l2htson6l","time":1611642651,"event":{"mods":["AchievementEnabler","BaseMod","Colored Map","Colored Powertips","Minty Spire (QoL Compilation)","Permanent Neow","Quick Restart","Rare Cards Sparkle","Relic Stats","SuperFastMode"],"gold_per_floor":[211,226,238,257,432,458,458,483,509,102,102,126,156,170,170,274,274,290,300,4,4,21,21,46,46,46,64,64,64],"floor_reached":28,"language":"ENG","playtime":5400,"items_purged":["Doubt"],"score":297,"play_id":"0e57043d-b128-40e9-b0c6-4771fcdf9d31","local_time":"20210125223051","is_ascension_mode":true,"campfire_choices":[{"data":"Blood for Blood","floor":7.0,"key":"SMITH"},{"data":"Shrug It Off","floor":15,"key":"SMITH"},{"data":"Warcry","floor":23,"key":"SMITH"},{"data":"Uppercut","floor":25,"key":"SMITH"}],"circlet_count":0,"master_deck":["Strike_R","Strike_R","Strike_R","Strike_R","Defend_R","Defend_R","Defend_R","Defend_R","Bash","Sever Soul","Second Wind","Clothesline","Blood for Blood+1","Uppercut+1","Shrug It Off+1","Thunderclap+1","Wild Strike+1","Barricade","Feel No Pain+1","Warcry+1","Panacea","Dual Wield","Dark Embrace","Shockwave+1"],"relics":["Burning Blood","Centennial Puzzle","Happy Flower","Boot","Membership Card","Molten Egg 2","Art of War","Pen Nib","Omamori","Calling Bell","Bag of Preparation","Shuriken","Magic Flower","HornCleat","Sundial","Singing Bowl","Pear"],"acts_visited":["Exordium","TheCity"],"potions_floor_usage":[13,16,27],"damage_taken":[{"damage":1.0,"enemies":"Cultist","floor":1.0,"turns":3.0},{"damage":9.0,"enemies":"2 Louse","floor":2.0,"turns":2.0},{"damage":2.0,"enemies":"Jaw Worm","floor":3.0,"turns":3.0},{"damage":5.0,"enemies":"Blue Slaver","floor":4.0,"turns":4.0},{"damage":50.0,"enemies":"Lagavulin","floor":6.0,"turns":7.0},{"damage":30.0,"enemies":"3 Sentries","floor":8.0,"turns":6.0},{"damage":27,"enemies":"Lagavulin","floor":13,"turns":7},{"damage":3,"enemies":"3 Louse","floor":14,"turns":4},{"damage":14,"enemies":"Hexaghost","floor":16,"turns":11},{"damage":20,"enemies":"2 Thieves","floor":18,"turns":3},{"damage":8,"enemies":"Spheric Guardian","floor":19,"turns":5},{"damage":28,"enemies":"Snake Plant","floor":22,"turns":4},{"damage":28,"enemies":"Gremlin Leader","floor":24,"turns":9},{"damage":43,"enemies":"3 Cultists","floor":27,"turns":7},{"damage":35,"enemies":"Slavers","floor":28,"turns":5}],"seed_played":"3175117328642323465","potions_obtained":[{"floor":1.0,"key":"BloodPotion"},{"floor":3.0,"key":"SteroidPotion"},{"floor":4.0,"key":"GamblersBrew"},{"floor":6.0,"key":"Regen Potion"},{"floor":14,"key":"PowerPotion"},{"floor":19,"key":"CultistPotion"},{"floor":24,"key":"BloodPotion"}],"is_trial":false,"path_per_floor":["M","M","M","M","?","E","R","E","T","$","?","T","E","M","R","B",null,"M","M","$","?","M","R","E","R","T","M","E"],"character_chosen":"IRONCLAD","items_purchased":["Membership Card","Shrug It Off","Molten Egg 2","Art of War","HornCleat","Sundial","Panacea"],"campfire_rested":0,"item_purchase_floors":[10,10,10,10,20,20,20],"current_hp_per_floor":[80,77,80,80,80,52,52,28,28,28,21,21,14,17,17,9,80,69,70,70,70,51,51,32,32,42,35,0,0],"gold":64,"neow_bonus":"HUNDRED_GOLD","is_daily":false,"chose_seed":false,"campfire_upgraded":4,"win_rate":0.0,"timestamp":1611642651,"path_taken":["M","M","M","?","?","E","R","E","T","$","?","?","E","M","R","BOSS","M","M","$","?","M","R","E","R","T","M","E"],"items_purchased_type":["Relic","Card","Relic","Relic","Relic","Relic","Card"],"build_version":"2020-12-22","purchased_purges":1,"victory":false,"max_hp_per_floor":[80,80,80,80,80,80,80,80,80,80,80,80,80,80,80,80,80,80,80,80,80,80,80,80,80,90,90,90,90],"relic_stats":{"Happy Flower":[18],"Singing Bowl":0,"counters":[15,80],"Magic Flower":[24],"Pen Nib":[8],"Bag of Preparation":[12],"Boot":[15],"Burning Blood":92,"Centennial Puzzle":[30],"Shuriken":[5],"Sundial":[4],"Art of War":[4],"obtain_stats":[{"Pear":26,"Happy Flower":8,"Singing Bowl":24,"Magic Flower":17,"Pen Nib":12,"Omamori":13,"Bag of Preparation":17,"Boot":9,"Burning Blood":0,"Calling Bell":17,"Centennial Puzzle":6,"HornCleat":20,"Shuriken":17,"Sundial":20,"Molten Egg 2":10,"Art of War":10,"Membership Card":10},{"Pear":13,"Happy Flower":6,"Singing Bowl":13,"Magic Flower":9,"Pen Nib":6,"Omamori":7,"Bag of Preparation":9,"Boot":6,"Burning Blood":0,"Calling Bell":9,"Centennial Puzzle":5,"HornCleat":11,"Shuriken":9,"Sundial":11,"Molten Egg 2":6,"Art of War":6,"Membership Card":6},{"Pear":68,"Happy Flower":25,"Singing Bowl":68,"Magic Flower":47,"Pen Nib":25,"Omamori":32,"Bag of Preparation":47,"Boot":25,"Burning Blood":0,"Calling Bell":47,"Centennial Puzzle":19,"HornCleat":55,"Shuriken":47,"Sundial":55,"Molten Egg 2":25,"Art of War":25,"Membership Card":25}]},"card_choices":[{"not_picked":["Sword Boomerang","Warcry"],"picked":"Sever Soul","floor":1.0},{"not_picked":["Entrench","Flex"],"picked":"Second Wind","floor":2.0},{"not_picked":["Wild Strike","Hemokinesis"],"picked":"Clothesline","floor":3.0},{"not_picked":["Perfected Strike","Sever Soul","Entrench"],"picked":"SKIP","floor":4.0},{"not_picked":["Pommel Strike","Second Wind"],"picked":"Blood for Blood","floor":6.0},{"not_picked":["Warcry","Carnage"],"picked":"Uppercut","floor":8.0},{"not_picked":["Infernal Blade","Anger+1"],"picked":"Thunderclap+1","floor":13},{"not_picked":["Pommel Strike+1","Sword Boomerang+1"],"picked":"Wild Strike+1","floor":14},{"not_picked":["Brutality","Juggernaut"],"picked":"Barricade","floor":16},{"not_picked":["Headbutt+1","Blood for Blood+1"],"picked":"Feel No Pain+1","floor":18},{"not_picked":["Clothesline+1","Headbutt+1"],"picked":"Warcry","floor":19},{"not_picked":["Blood for Blood+1","Perfected Strike+1"],"picked":"Dual Wield","floor":22},{"not_picked":["Wild Strike+1","True Grit"],"picked":"Dark Embrace","floor":24},{"not_picked":["Pommel Strike+1","Carnage+1"],"picked":"Shockwave+1","floor":27}],"player_experience":679511,"relics_obtained":[{"floor":6.0,"key":"Centennial Puzzle"},{"floor":8.0,"key":"Happy Flower"},{"floor":9.0,"key":"Boot"},{"floor":12.0,"key":"Pen Nib"},{"floor":13,"key":"Omamori"},{"floor":17,"key":"Bag of Preparation"},{"floor":17,"key":"Shuriken"},{"floor":17,"key":"Magic Flower"},{"floor":24,"key":"Singing Bowl"},{"floor":26,"key":"Pear"}],"event_choices":[{"damage_healed":0.0,"max_hp_gain":0.0,"max_hp_loss":0.0,"gold_gain":175.0,"event_name":"Liars Game","player_choice":"AGREE","floor":5.0,"gold_loss":0.0,"damage_taken":0.0,"cards_obtained":["Doubt"]},{"cards_removed":["Strike_R"],"damage_healed":0.0,"max_hp_gain":0.0,"max_hp_loss":0.0,"gold_gain":0.0,"event_name":"Golden Wing","player_choice":"Card Removal","floor":11.0,"gold_loss":0.0,"damage_taken":7.0},{"damage_healed":0,"gold_gain":0,"player_choice":"Ignored","damage_taken":0,"max_hp_gain":0,"max_hp_loss":0,"event_name":"Ghosts","floor":21,"gold_loss":0}],"is_beta":false,"boss_relics":[{"not_picked":["Runic Cube","Ectoplasm"],"picked":"Calling Bell"}],"items_purged_floors":[10],"is_endless":false,"potions_floor_spawned":[1,3,4,6,14,19,24],"killed_by":"Slavers","ascension_level":3}}