{"host":"o5or1zybx7au40zl","time":1611676715,"event":{"mods":["Act Like it!","Aspiration","BaseMod","Better Third Choice","Conspire","Dota2Spire","GungeonMod","Halation","Hubris","Infinite Spire","Minty Spire (QoL Compilation)","Replay The Spire","Robot Space Explorer","StSLib","The Jungle","Yuri Mod"],"gold_per_floor":[109,127,127,127,138,172,186,201,201,220,220,274,274,308,308,411,411,411,411,9,9,9,9,9,9,9,9,9,9,9,9,9,9,9,9,9,9,9,9,9,9],"floor_reached":40,"language":"ENG","playtime":815,"items_purged":[],"score":464,"play_id":"aef240f1-bde8-43d1-acb6-7b91fc6ef099","local_time":"20210126165835","is_ascension_mode":false,"campfire_choices":[{"floor":11,"key":"REST"},{"data":"DemoMod:Unity","floor":15,"key":"SMITH"},{"floor":23,"key":"RECALL"},{"data":"Limit Break","floor":25,"key":"SMITH"},{"floor":32,"key":"REST"}],"circlet_count":0,"master_deck":["DemoMod:Strike_Huntress","DemoMod:Strike_Huntress","DemoMod:Strike_Huntress","DemoMod:Defend_Huntress","DemoMod:Defend_Huntress","DemoMod:Defend_Huntress","DemoMod:Defend_Huntress","DemoMod:Roll","DemoMod:ManualReload","DemoMod:RustySidearm","DemoMod:CrossBow","DemoMod:Evolver","DemoMod:HuntsMan+1","DemoMod:CursedBullets+1","DemoMod:Casey","DemoMod:HuntsMan","DemoMod:ZorGun","DemoMod:AWP","DemoMod:Unity+1","DemoMod:AbyssalTentacle","Parasite","DemoMod:HuntsMan","DemoMod:BlankBullets","DemoMod:HuntsMan","ReplayUltimateDefense","Limit Break+1","DemoMod:SpreadAmmo","DemoMod:DarkMarker","DemoMod:FinishedGun"],"relics":["DemoMod:Dog","infinitespire:Beetle Shell","Dota2Spire:AghanimScepter","aspiration:TomeofQuesting","Ectoplasm","hubris:DisguiseKit","hubris:TinFlute","Pantograph","Painkiller Herb","aspiration:SecretTechniqueScroll","hubris:Towel"],"acts_visited":["Exordium","Exordium","TheBeyond"],"potions_floor_usage":[10,24],"damage_taken":[{"damage":6,"enemies":"Jaw Worm","floor":1,"turns":3},{"damage":16,"enemies":"infinitespire:Voidling","floor":2,"turns":4},{"damage":5,"enemies":"2 Louse","floor":5,"turns":2},{"damage":27,"enemies":"3 Sentries","floor":6,"turns":7},{"damage":0,"enemies":"Exordium Wildlife","floor":7,"turns":2},{"damage":12,"enemies":"Blue Slaver","floor":8,"turns":3},{"damage":0,"enemies":"Gremlin Gang","floor":10,"turns":1},{"damage":22,"enemies":"Exordium Wildlife","floor":12,"turns":3},{"damage":0,"enemies":"Gremlin Nob","floor":14,"turns":3},{"damage":9,"enemies":"Slime Boss","floor":16,"turns":4},{"damage":14,"enemies":"theJungle:Flameango_and_Byrd","floor":18,"turns":3},{"damage":0,"enemies":"theJungle:MUSHROOMGANG","floor":19,"turns":4},{"damage":3,"enemies":"theJungle:2_Phrogs","floor":24,"turns":5},{"damage":13,"enemies":"theJungle:MUSHROOMGANG","floor":28,"turns":2},{"damage":9,"enemies":"theJungle:QueenSpyder","floor":33,"turns":3},{"damage":0,"enemies":"Orb Walker","floor":35,"turns":1},{"damage":41,"enemies":"3 Shapes","floor":38,"turns":2},{"damage":0,"enemies":"Sphere and 2 Shapes","floor":39,"turns":1},{"damage":59,"enemies":"Nemesis","floor":40,"turns":2}],"seed_played":"4807243983422531631","potions_obtained":[{"floor":5,"key":"Ancient Potion"},{"floor":6,"key":"Adrenaline Potion"},{"floor":8,"key":"Swift Potion"},{"floor":10,"key":"Weak Potion"},{"floor":24,"key":"DemoMod:LeadSkinPotion"},{"floor":28,"key":"Strength Potion"}],"is_trial":false,"path_per_floor":["M","M","?","?","M","E","M","M","T","M","R","M","?","E","R","B",null,"M","?","$","?","?","R","E","R","T","?","M","?","$","AVR","T","B",null,"?","?","?","?","?","E"],"character_chosen":"HUNTRESS","items_purchased":["ReplayUltimateDefense","hubris:DisguiseKit"],"campfire_rested":2,"item_purchase_floors":[20,20],"current_hp_per_floor":[64,55,55,55,50,23,23,11,11,11,32,10,27,27,27,18,70,56,56,56,56,46,46,43,43,43,43,30,30,30,30,49,56,65,65,65,65,24,24,0,0],"gold":9,"neow_bonus":"THREE_CARDS","is_daily":false,"chose_seed":false,"campfire_upgraded":2,"win_rate":0.0,"timestamp":1611676715,"path_taken":["M","M","?","?","M","E","M","M","T","M","R","?","?","E","R","BOSS","M","?","$","?","?","R","E","R","T","?","M","?","?","AVR","T","BOSS","?","?","?","?","?","E"],"items_purchased_type":["Card","Relic"],"build_version":"2020-12-22","purchased_purges":0,"victory":false,"max_hp_per_floor":[70,70,70,70,70,70,70,70,70,70,70,70,70,70,70,70,70,70,70,70,70,70,70,70,70,70,65,65,65,65,65,65,65,65,65,65,65,65,65,65,65],"card_choices":[{"not_picked":["DemoMod:MachoBrace","DemoMod:HardPowerCard"],"picked":"DemoMod:Evolver","floor":0},{"not_picked":["DemoMod:MachoBrace","DemoMod:SkilledReload"],"picked":"DemoMod:HuntsMan","floor":1},{"not_picked":["DemoMod:GunstockTap","DemoMod:TableSutra"],"picked":"DemoMod:CursedBullets","floor":2},{"not_picked":["DemoMod:FastSwitch","DemoMod:FeignSurrender"],"picked":"DemoMod:Casey","floor":5},{"not_picked":["DemoMod:HardPowerCard","DemoMod:Casey"],"picked":"DemoMod:HuntsMan","floor":6},{"not_picked":["DemoMod:Replace","DemoMod:GunstockTap"],"picked":"DemoMod:ZorGun","floor":7},{"not_picked":["DemoMod:FeignSurrender","DemoMod:FortunesFavor"],"picked":"DemoMod:AWP","floor":8},{"not_picked":["DemoMod:Ejector","DemoMod:Replace"],"picked":"DemoMod:Unity","floor":10},{"not_picked":["DemoMod:JK47","DemoMod:HardPowerCard"],"picked":"DemoMod:AbyssalTentacle","floor":12},{"not_picked":["DemoMod:CombinedRifle","DemoMod:EasyReloadBullets"],"picked":"DemoMod:HuntsMan","floor":14},{"not_picked":["DemoMod:SuppressiveFire","DemoMod:Behold!"],"picked":"DemoMod:BlankBullets","floor":16},{"not_picked":["DemoMod:Unmoved+1","DemoMod:ProbeStrike","DemoMod:StickyCrossBow"],"picked":"SKIP","floor":18},{"not_picked":["DemoMod:GunstockTap","DemoMod:FeignSurrender+1"],"picked":"DemoMod:HuntsMan","floor":19},{"not_picked":["DemoMod:CombinedRifle","DemoMod:FastSwitch","DemoMod:AbyssalTentacle+1"],"picked":"Limit Break","floor":24},{"not_picked":["DemoMod:Replace","DemoMod:JK47","Shrug It Off"],"picked":"DemoMod:DarkMarker","floor":28},{"not_picked":["DemoMod:Slinger","DemoMod:DarkMarker","conspire:Purge"],"picked":"DemoMod:FinishedGun","floor":33},{"not_picked":["DemoMod:HardPowerCard+1","DemoMod:HighKaliber","DemoMod:AbyssalTentacle","Spot Weakness"],"picked":"SKIP","floor":35},{"not_picked":["DemoMod:StickyCrossBow","DemoMod:CombinedRifle","DemoMod:TeaPot","Run Through"],"picked":"SKIP","floor":38},{"not_picked":["DemoMod:StickyCrossBow","DemoMod:TripleGun+1","DemoMod:JK47+1","ReplayTheSpireMod:Stacked"],"picked":"SKIP","floor":39}],"player_experience":986860,"relics_obtained":[{"floor":6,"key":"infinitespire:Beetle Shell"},{"floor":9,"key":"Dota2Spire:AghanimScepter"},{"floor":14,"key":"aspiration:TomeofQuesting"},{"floor":24,"key":"hubris:TinFlute"},{"floor":26,"key":"Pantograph"}],"event_choices":[{"damage_healed":0,"gold_gain":0,"player_choice":"Grow","damage_taken":0,"max_hp_gain":0,"max_hp_loss":0,"event_name":"Living Wall","floor":3,"gold_loss":0,"cards_upgraded":["DemoMod:CursedBullets"]},{"damage_healed":0,"gold_gain":0,"player_choice":"Upgraded","damage_taken":0,"max_hp_gain":0,"max_hp_loss":0,"event_name":"Upgrade Shrine","floor":4,"gold_loss":0,"cards_upgraded":["DemoMod:HuntsMan"]},{"damage_healed":17,"gold_gain":0,"player_choice":"Healed and dodged fight","damage_taken":0,"max_hp_gain":0,"max_hp_loss":0,"event_name":"Mushrooms","floor":13,"gold_loss":0,"cards_obtained":["Parasite"]},{"damage_healed":0,"gold_gain":0,"player_choice":"Leave","damage_taken":0,"max_hp_gain":0,"max_hp_loss":0,"event_name":"conspire:Investor","floor":29,"gold_loss":0}],"is_beta":false,"boss_relics":[{"not_picked":["Kintsugi","hubris:Stopwatch"],"picked":"Ectoplasm"},{"not_picked":["SlaversCollar","Replay:Bronze Core"],"picked":"aspiration:SecretTechniqueScroll"}],"items_purged_floors":[],"is_endless":false,"potions_floor_spawned":[5,6,8,10,14,24,28],"killed_by":"Nemesis","ascension_level":0}}