{"host":"7gewg82ormp6yt4e","time":1611662574,"event":{"mods":["BaseMod","Block Reminder","Colored Map","DeckTracker","Highlight Path","Minty Spire (QoL Compilation)","Relic Stats","StSLib","ojb\u0027s Info Mod"],"gold_per_floor":[367,5,18,29,29,29,62,62,62,88,88,88,88,123,123,222,222,237,257,257,271,284,284,334,334,334,365,132,165,165,2,2,93,93,109,130,463,482,494,494,127,158,158,158,158,187,187,187,187,187,187,187],"floor_reached":51,"language":"JPN","playtime":3818,"items_purged":["Strike_B"],"score":1689,"play_id":"c49d8f13-346f-45c2-8dc9-b10d50190e22","local_time":"20210126210254","is_ascension_mode":true,"campfire_choices":[{"floor":6.0,"key":"REST"},{"data":"Sweeping Beam","floor":8.0,"key":"SMITH"},{"floor":11.0,"key":"REST"},{"data":"Beam Cell","floor":15.0,"key":"SMITH"},{"data":"Hyperbeam","floor":23.0,"key":"SMITH"},{"data":"Reprogram","floor":30.0,"key":"SMITH"},{"data":"Skim","floor":32.0,"key":"SMITH"},{"data":"Reboot","floor":40.0,"key":"SMITH"},{"floor":45.0,"key":"RECALL"},{"data":"Turbo","floor":47.0,"key":"SMITH"},{"data":"Hyperbeam","floor":49.0,"key":"SMITH"}],"circlet_count":0,"master_deck":["AscendersBane","Strike_B","Defend_B","Defend_B","Defend_B","Defend_B","Dualcast","Beam Cell+1","Ball Lightning","Sweeping Beam+1","Conserve Battery","FTL","Meteor Strike","Steam","Hyperbeam+1","Buffer+1","Barrage+1","Core Surge+1","Turbo+1","Skim+1","Reprogram+1","Hyperbeam+1","Rebound","Meteor Strike","Master of Strategy","Reboot+1","Hologram+1","Sunder+1","Machine Learning","Steam","Undo+1","Normality","Doubt","Steam+1","Decay"],"relics":["Cracked Core","Membership Card","Happy Flower","Bag of Preparation","Shuriken","Question Card","Bottled Flame","Meat on the Bone","Astrolabe","Pear","Vajra","Bottled Lightning","Potion Belt","Eternal Feather","Juzu Bracelet","Cursed Key","Strange Spoon","HornCleat","Pen Nib","Darkstone Periapt","Mango"],"acts_visited":["Exordium","TheCity","TheBeyond"],"potions_floor_usage":[50,50],"damage_taken":[{"damage":14.0,"enemies":"Small Slimes","floor":1.0,"turns":4.0},{"damage":0.0,"enemies":"Cultist","floor":3.0,"turns":3.0},{"damage":2.0,"enemies":"Jaw Worm","floor":4.0,"turns":2.0},{"damage":0.0,"enemies":"Gremlin Nob","floor":7.0,"turns":3.0},{"damage":23.0,"enemies":"Lagavulin","floor":10.0,"turns":5.0},{"damage":21.0,"enemies":"3 Sentries","floor":14.0,"turns":7.0},{"damage":25.0,"enemies":"The Guardian","floor":16.0,"turns":12.0},{"damage":0.0,"enemies":"Chosen","floor":18.0,"turns":5.0},{"damage":0.0,"enemies":"Spheric Guardian","floor":19.0,"turns":3.0},{"damage":32.0,"enemies":"Chosen and Byrds","floor":21.0,"turns":6.0},{"damage":15.0,"enemies":"Snake Plant","floor":22.0,"turns":3.0},{"damage":11.0,"enemies":"Gremlin Leader","floor":27.0,"turns":6.0},{"damage":0.0,"enemies":"Slavers","floor":29.0,"turns":1.0},{"damage":40.0,"enemies":"Automaton","floor":33.0,"turns":9.0},{"damage":0.0,"enemies":"3 Shapes","floor":35.0,"turns":1.0},{"damage":0.0,"enemies":"3 Darklings","floor":36.0,"turns":2.0},{"damage":11.0,"enemies":"Writhing Mass","floor":38.0,"turns":7.0},{"damage":24.0,"enemies":"Jaw Worm Horde","floor":39.0,"turns":3.0},{"damage":0.0,"enemies":"Reptomancer","floor":42.0,"turns":4.0},{"damage":38.0,"enemies":"Nemesis","floor":46.0,"turns":11.0},{"damage":50,"enemies":"Awakened One","floor":50,"turns":13},{"damage":64,"enemies":"Donu and Deca","floor":51,"turns":6}],"seed_played":"-8741976089523699995","potions_obtained":[{"floor":1.0,"key":"EssenceOfSteel"},{"floor":3.0,"key":"EssenceOfSteel"},{"floor":10.0,"key":"Fruit Juice"},{"floor":21.0,"key":"Energy Potion"},{"floor":27.0,"key":"Swift Potion"},{"floor":29.0,"key":"LiquidMemories"},{"floor":38.0,"key":"LiquidBronze"},{"floor":46.0,"key":"FocusPotion"}],"is_trial":false,"path_per_floor":["M","$","M","M","?","R","E","R","T","E","R","?","?","E","R","B",null,"M","M","T","M","M","R","?","T","T","E","$","E","R","$","R","B",null,"M","M","?","M","M","R","$","E","T","T","R","E","R","?","R","B","B"],"character_chosen":"DEFECT","items_purchased":["Membership Card","Happy Flower","Bag of Preparation","Ball Lightning","Eternal Feather","BlessingOfTheForge","Strength Potion","LiquidMemories","Meteor Strike","Master of Strategy","BlessingOfTheForge","Strange Spoon","Steam","HornCleat","ColorlessPotion","DistilledChaos"],"campfire_rested":2,"item_purchase_floors":[2,2,2,2,28,28,28,28,31,31,31,41,41,41,41,41],"current_hp_per_floor":[32,32,32,30,30,51,51,51,51,28,49,54,54,33,33,20,57,57,57,67,47,44,44,44,44,44,45,45,45,57,57,72,44,70,70,70,70,59,47,65,65,65,65,65,79,55,73,79,99,61,0,0],"gold":187,"neow_bonus":"TWO_FIFTY_GOLD","is_daily":false,"chose_seed":false,"campfire_upgraded":8,"win_rate":0.0,"timestamp":1611662574,"path_taken":["M","$","M","M","?","R","E","R","T","E","R","?","?","E","R","BOSS","M","M","?","M","M","R","?","?","T","E","?","E","R","$","R","BOSS","M","M","?","M","M","R","$","E","T","?","R","E","R","?","R","BOSS","BOSS"],"items_purchased_type":["Relic","Relic","Relic","Card","Relic","Potion","Potion","Potion","Card","Card","Potion","Relic","Card","Relic","Potion","Potion"],"build_version":"2020-12-22","purchased_purges":1,"victory":false,"max_hp_per_floor":[71,71,71,71,71,71,71,71,71,71,71,69,69,69,69,69,69,69,69,79,79,79,79,79,79,79,79,79,79,79,79,79,79,79,79,79,79,79,79,79,79,79,79,79,79,93,93,99,99,99,99,99],"relic_stats":{"Darkstone Periapt":6,"Happy Flower":[37],"counters":[22,116],"Astrolabe":["Buffer","Barrage","Core Surge"],"Eternal Feather":97,"Pen Nib":[5],"Bag of Preparation":[42],"Juzu Bracelet":0,"Question Card":16,"Cursed Key":2,"Strange Spoon":[8],"Shuriken":[42],"obtain_stats":[{"Potion Belt":27,"Darkstone Periapt":44,"Pear":20,"Happy Flower":2,"Golden Idol":12,"Astrolabe":17,"Vajra":25,"Eternal Feather":28,"Mango":46,"Pen Nib":42,"Bag of Preparation":2,"Juzu Bracelet":29,"Question Card":9,"Cursed Key":34,"Strange Spoon":41,"Bottled Flame":10,"HornCleat":41,"Shuriken":7,"Membership Card":2,"Bottled Lightning":26,"Cracked Core":0,"Meat on the Bone":14},{"Potion Belt":12,"Darkstone Periapt":19,"Pear":9,"Happy Flower":1,"Golden Idol":5,"Astrolabe":7,"Vajra":11,"Eternal Feather":12,"Mango":20,"Pen Nib":19,"Bag of Preparation":1,"Juzu Bracelet":13,"Question Card":4,"Cursed Key":14,"Strange Spoon":18,"Bottled Flame":5,"HornCleat":18,"Shuriken":4,"Membership Card":1,"Bottled Lightning":11,"Cracked Core":0,"Meat on the Bone":6},{"Potion Belt":59,"Darkstone Periapt":86,"Pear":44,"Happy Flower":4,"Golden Idol":17,"Astrolabe":36,"Vajra":53,"Eternal Feather":59,"Mango":97,"Pen Nib":86,"Bag of Preparation":4,"Juzu Bracelet":60,"Question Card":12,"Cursed Key":69,"Strange Spoon":82,"Bottled Flame":17,"HornCleat":82,"Shuriken":12,"Membership Card":4,"Bottled Lightning":53,"Cracked Core":0,"Meat on the Bone":24}],"Meat on the Bone":84},"card_choices":[{"not_picked":["Scrape","Redo"],"picked":"Beam Cell","floor":1.0},{"not_picked":["Hologram","Rebound"],"picked":"Sweeping Beam","floor":3.0},{"not_picked":["Chaos","Redo"],"picked":"Conserve Battery","floor":4.0},{"not_picked":["Steam","Compile Driver","Aggregate"],"picked":"SKIP","floor":7.0},{"not_picked":["Beam Cell","All For One","Coolheaded"],"picked":"FTL","floor":10.0},{"not_picked":["Stack","Redo","Gash"],"picked":"Steam","floor":14.0},{"not_picked":["Amplify","Rainbow","Machine Learning"],"picked":"Hyperbeam","floor":16.0},{"not_picked":["Cold Snap","Defragment","FTL"],"picked":"Turbo","floor":18.0},{"not_picked":["Barrage","Beam Cell","Aggregate"],"picked":"Skim","floor":19.0},{"not_picked":["Streamline","White Noise","Sweeping Beam"],"picked":"Reprogram","floor":21.0},{"not_picked":["Leap","Conserve Battery","Barrage"],"picked":"Hyperbeam","floor":22.0},{"not_picked":["Compile Driver+1","Beam Cell","Stack"],"picked":"Rebound","floor":27.0},{"not_picked":["Lockon","Force Field","Defragment","Genetic Algorithm"],"picked":"SKIP","floor":29.0},{"not_picked":["Amplify","Biased Cognition","Core Surge"],"picked":"Reboot","floor":33.0},{"not_picked":["Streamline","Aggregate+1","Undo+1"],"picked":"Hologram+1","floor":35.0},{"not_picked":["Coolheaded","Stack+1","Sweeping Beam+1"],"picked":"Sunder+1","floor":36.0},{"not_picked":["Static Discharge","Stack","Barrage"],"picked":"Machine Learning","floor":38.0},{"not_picked":["Doom and Gloom","Ball Lightning+1","Capacitor","Coolheaded+1"],"picked":"SKIP","floor":39.0},{"not_picked":["Loop","Static Discharge","Double Energy"],"picked":"Undo+1","floor":42.0},{"not_picked":["Doom and Gloom","Streamline+1","Defragment+1"],"picked":"Steam+1","floor":46.0}],"player_experience":2692697,"relics_obtained":[{"floor":7.0,"key":"Shuriken"},{"floor":9.0,"key":"Question Card"},{"floor":10.0,"key":"Bottled Flame"},{"floor":14.0,"key":"Meat on the Bone"},{"floor":20.0,"key":"Pear"},{"floor":25.0,"key":"Vajra"},{"floor":26.0,"key":"Bottled Lightning"},{"floor":27.0,"key":"Potion Belt"},{"floor":29.0,"key":"Juzu Bracelet"},{"floor":42.0,"key":"Pen Nib"},{"floor":44.0,"key":"Darkstone Periapt"},{"floor":46.0,"key":"Mango"}],"event_choices":[{"damage_healed":0.0,"max_hp_gain":0.0,"max_hp_loss":0.0,"gold_gain":0.0,"event_name":"Shining Light","player_choice":"Ignored","floor":5.0,"gold_loss":0.0,"damage_taken":0.0},{"damage_healed":0.0,"max_hp_gain":0.0,"max_hp_loss":7.0,"gold_gain":0.0,"event_name":"Golden Idol","player_choice":"Lose Max HP","floor":12.0,"gold_loss":0.0,"damage_taken":0.0,"relics_obtained":["Golden Idol"]},{"damage_healed":0.0,"max_hp_gain":0.0,"max_hp_loss":0.0,"gold_gain":0.0,"event_name":"Match and Keep!","player_choice":"1 cards matched","floor":13.0,"gold_loss":0.0,"damage_taken":0.0,"cards_obtained":["Meteor Strike"]},{"damage_healed":0.0,"max_hp_gain":0.0,"max_hp_loss":0.0,"gold_gain":50.0,"event_name":"Nest","player_choice":"Stole From Cult","floor":24.0,"gold_loss":0.0,"damage_taken":0.0},{"damage_healed":0.0,"max_hp_gain":0.0,"max_hp_loss":0.0,"gold_gain":333.0,"event_name":"The Moai Head","player_choice":"Gave Idol","floor":37.0,"relics_lost":["Golden Idol"],"gold_loss":0.0,"damage_taken":0.0},{"damage_healed":0.0,"max_hp_gain":0.0,"max_hp_loss":0.0,"gold_gain":0.0,"event_name":"Wheel of Change","player_choice":"Cursed","floor":48.0,"gold_loss":0.0,"damage_taken":0.0,"cards_obtained":["Decay"]}],"is_beta":false,"boss_relics":[{"not_picked":["Velvet Choker","Empty Cage"],"picked":"Astrolabe"},{"not_picked":["Fusion Hammer","FrozenCore"],"picked":"Cursed Key"}],"items_purged_floors":[41],"is_endless":false,"potions_floor_spawned":[1,3,10,21,27,29,38,46],"killed_by":"Donu and Deca","ascension_level":20}}