{"host":"1dz819zv7fs9tsdy","time":1611676391,"event":{"mods":["AchievementEnabler","BaseMod","Colored Powertips","Curses Come First","Hubris","Minty Spire (QoL Compilation)","Rare Cards Sparkle","StSLib"],"gold_per_floor":[109,109,73,73,193,118,153,153,179,194,211,236,249,284,284,386,386,402,402,502,520,4,18,34,68,68,68,81,81,114,130,130,225,225,237,90,70,83,98,124,124,151,174,185,205,284,317,328,328,328,328],"floor_reached":50,"language":"ENG","playtime":4675,"items_purged":["Strike_R"],"score":871,"play_id":"536377e3-3176-482d-adac-a2c9ffc2efb1","local_time":"20210126155311","is_ascension_mode":true,"campfire_choices":[{"data":"Pummel","floor":8,"key":"SMITH"},{"floor":15,"key":"REST"},{"data":"Barricade","floor":27,"key":"SMITH"},{"data":"Bloodletting","floor":29,"key":"SMITH"},{"floor":32,"key":"RECALL"},{"data":"Demon Form","floor":41,"key":"SMITH"},{"data":"Metallicize","floor":49,"key":"SMITH"}],"circlet_count":0,"master_deck":["Metamorphosis+1","Strike_R","Strike_R","Strike_R","Defend_R","Defend_R","Defend_R","Defend_R","Bash","Twin Strike","Fiend Fire","Pummel+1","Bloodletting+1","Body Slam","Feel No Pain","Dropkick","Inflame","Clothesline","Reaper","Disarm+1","Shrug It Off","Metallicize+1","Burning Pact","Cleave","Barricade+1","Armaments+1","Sentinel","Heavy Blade","Demon Form+1","Warcry","Dark Embrace","Armaments+1","Rage","Evolve","Ghostly Armor","Clash","Body Slam","Metallicize+1"],"relics":["hubris:VirtuousBlindfold","hubris:Icosahedron","Centennial Puzzle","Happy Flower","PreservedInsect","Bottled Flame","Velvet Choker","hubris:BottledHeart","Mango","hubris:EmptyBottle","Omamori","Matryoshka","Tiny Chest","SacredBark","hubris:Zylophone","Bag of Preparation","Strawberry","Ancient Tea Set","Bottled Tornado","Paper Frog"],"acts_visited":["Exordium","TheCity","TheBeyond"],"potions_floor_usage":[11,14,16,18,21,30,33,33,35,39,39,40,40,45,45,50,50],"damage_taken":[{"damage":2,"enemies":"Jaw Worm","floor":1,"turns":3},{"damage":1,"enemies":"Cultist","floor":5,"turns":3},{"damage":13,"enemies":"Gremlin Nob","floor":7,"turns":4},{"damage":0,"enemies":"Small Slimes","floor":10,"turns":3},{"damage":3,"enemies":"Looter","floor":11,"turns":1},{"damage":15,"enemies":"Lagavulin","floor":12,"turns":6},{"damage":4,"enemies":"Red Slaver","floor":13,"turns":2},{"damage":15,"enemies":"3 Sentries","floor":14,"turns":3},{"damage":39,"enemies":"The Guardian","floor":16,"turns":11},{"damage":12,"enemies":"Chosen","floor":18,"turns":4},{"damage":0,"enemies":"3 Byrds","floor":21,"turns":4},{"damage":0,"enemies":"Shelled Parasite and Fungi","floor":23,"turns":4},{"damage":0,"enemies":"Sentry and Sphere","floor":24,"turns":6},{"damage":0,"enemies":"Slavers","floor":25,"turns":5},{"damage":0,"enemies":"Chosen and Byrds","floor":28,"turns":6},{"damage":0,"enemies":"Book of Stabbing","floor":30,"turns":5},{"damage":0,"enemies":"Cultist and Chosen","floor":31,"turns":8},{"damage":0,"enemies":"Collector","floor":33,"turns":8},{"damage":0,"enemies":"3 Darklings","floor":35,"turns":4},{"damage":0,"enemies":"3 Shapes","floor":38,"turns":6},{"damage":0,"enemies":"3 Darklings","floor":39,"turns":6},{"damage":0,"enemies":"Nemesis","floor":40,"turns":7},{"damage":0,"enemies":"Jaw Worm Horde","floor":44,"turns":5},{"damage":0,"enemies":"Sphere and 2 Shapes","floor":45,"turns":7},{"damage":0,"enemies":"Giant Head","floor":47,"turns":7},{"damage":0,"enemies":"Spire Growth","floor":48,"turns":6},{"damage":25,"enemies":"Awakened One","floor":50,"turns":14}],"seed_played":"-3583960365735217530","potions_obtained":[{"floor":5,"key":"Swift Potion"},{"floor":10,"key":"Energy Potion"},{"floor":11,"key":"Dexterity Potion"},{"floor":13,"key":"AttackPotion"},{"floor":16,"key":"FairyPotion"},{"floor":18,"key":"Explosive Potion"},{"floor":24,"key":"ElixirPotion"},{"floor":31,"key":"Fire Potion"},{"floor":37,"key":"Strength Potion"},{"floor":44,"key":"AttackPotion"},{"floor":48,"key":"DistilledChaos"}],"is_trial":false,"path_per_floor":["M","?","$","?","M","$","E","R","T","M","M","E","M","E","R","B",null,"M","?","?","M","$","M","M","E","T","R","M","R","E","M","R","B",null,"M","$","?","M","M","E","R","T","T","M","M","T","E","M","R","B"],"character_chosen":"IRONCLAD","items_purchased":["Pummel","Mango","hubris:EmptyBottle","Metallicize","EssenceOfSteel","Dark Embrace"],"campfire_rested":1,"item_purchase_floors":[3,22,22,22,36,36],"current_hp_per_floor":[78,78,78,78,77,77,64,64,64,64,61,46,42,27,51,12,80,68,1,1,1,1,1,1,1,1,1,1,1,1,1,1,1,1,1,1,1,1,1,1,1,1,1,1,1,1,1,1,1,0,0],"gold":328,"neow_bonus":"BOSS_RELIC","is_daily":false,"chose_seed":false,"campfire_upgraded":5,"win_rate":0.0,"timestamp":1611676391,"path_taken":["M","?","?","?","M","$","E","R","T","M","M","E","M","E","R","BOSS","M","?","?","?","$","M","M","E","T","R","M","R","E","M","R","BOSS","M","$","?","?","M","E","R","?","T","M","M","?","E","M","R","BOSS"],"items_purchased_type":["Card","Relic","Relic","Card","Potion","Card"],"build_version":"2020-12-22","purchased_purges":1,"victory":false,"max_hp_per_floor":[80,80,80,80,80,80,80,80,80,80,80,80,80,80,80,80,80,80,1,1,1,1,1,1,1,1,1,1,1,1,1,1,1,1,1,1,1,1,1,1,1,1,1,1,1,1,1,1,1,1,1],"card_choices":[{"not_picked":["Havoc","Body Slam"],"picked":"Twin Strike","floor":1},{"not_picked":["Armaments","hubris:CleavingFinish"],"picked":"Bloodletting","floor":5},{"not_picked":["Clash","Cleave"],"picked":"Body Slam","floor":7},{"not_picked":["Second Wind","Heavy Blade"],"picked":"Feel No Pain","floor":10},{"not_picked":["Headbutt","Armaments"],"picked":"Dropkick","floor":11},{"not_picked":["Iron Wave","Infernal Blade"],"picked":"Inflame","floor":12},{"not_picked":["Body Slam","Wild Strike"],"picked":"Clothesline","floor":13},{"not_picked":["Whirlwind","Twin Strike","Berserk"],"picked":"SKIP","floor":14},{"not_picked":["Exhume","Immolate"],"picked":"Reaper","floor":16},{"not_picked":["Perfected Strike","True Grit"],"picked":"Disarm+1","floor":18},{"not_picked":["Fire Breathing+1","Flex+1"],"picked":"Shrug It Off","floor":21},{"not_picked":["Clothesline","Body Slam"],"picked":"Burning Pact","floor":23},{"not_picked":["Twin Strike","Perfected Strike"],"picked":"Cleave","floor":24},{"not_picked":["Anger+1","Thunderclap+1"],"picked":"Barricade","floor":25},{"not_picked":["Clash","Twin Strike"],"picked":"Armaments+1","floor":28},{"not_picked":["Searing Blow+1","Evolve"],"picked":"Sentinel","floor":30},{"not_picked":["Clothesline","Twin Strike+1"],"picked":"Heavy Blade","floor":31},{"not_picked":["Immolate","Limit Break"],"picked":"Demon Form","floor":33},{"not_picked":["Pommel Strike+1","Second Wind+1"],"picked":"Warcry","floor":35},{"not_picked":["Pommel Strike+1","Havoc"],"picked":"Armaments+1","floor":38},{"not_picked":["Burning Pact+1","Ghostly Armor"],"picked":"Rage","floor":39},{"not_picked":["Sword Boomerang+1","Thunderclap"],"picked":"Evolve","floor":40},{"not_picked":["Evolve+1","Havoc+1"],"picked":"Ghostly Armor","floor":44},{"not_picked":["Clothesline+1","Body Slam"],"picked":"Clash","floor":45},{"not_picked":["True Grit","Sword Boomerang+1"],"picked":"Body Slam","floor":47},{"not_picked":["Dropkick+1","hubris:ReadiedAction+1"],"picked":"Metallicize+1","floor":48}],"player_experience":323563,"relics_obtained":[{"floor":7,"key":"Centennial Puzzle"},{"floor":9,"key":"Happy Flower"},{"floor":12,"key":"PreservedInsect"},{"floor":14,"key":"Bottled Flame"},{"floor":25,"key":"Omamori"},{"floor":26,"key":"Matryoshka"},{"floor":30,"key":"Tiny Chest"},{"floor":40,"key":"hubris:Zylophone"},{"floor":42,"key":"Bag of Preparation"},{"floor":43,"key":"Strawberry"},{"floor":43,"key":"Ancient Tea Set"},{"floor":46,"key":"Bottled Tornado"},{"floor":47,"key":"Paper Frog"}],"event_choices":[{"damage_healed":0,"gold_gain":0,"cards_transformed":["Strike_R"],"player_choice":"Transformed","damage_taken":0,"max_hp_gain":0,"max_hp_loss":0,"event_name":"Transmorgrifier","floor":2,"gold_loss":0,"cards_obtained":["Fiend Fire"]},{"damage_healed":0,"gold_gain":100,"player_choice":"Pray","damage_taken":0,"max_hp_gain":0,"max_hp_loss":0,"event_name":"Golden Shrine","floor":20,"gold_loss":0},{"damage_healed":0,"gold_gain":0,"player_choice":"Bought 1 Potion","damage_taken":0,"max_hp_gain":0,"max_hp_loss":0,"event_name":"The Woman in Blue","floor":37,"gold_loss":0}],"is_beta":false,"boss_relics":[{"not_picked":["Snecko Eye","Fusion Hammer"],"picked":"Velvet Choker"},{"not_picked":["Sozu","hubris:ScarierMask"],"picked":"SacredBark"}],"items_purged_floors":[6],"is_endless":false,"potions_floor_spawned":[5,10,11,13,16,18,24,31,38,44,48],"killed_by":"Awakened One","ascension_level":3}}