{"host":"vpcwwncyo54nsck6","time":1611642979,"event":{"mods":["BaseMod","Downfall","Minty Spire (QoL Compilation)","StSLib"],"gold_per_floor":[99,117,117,130,130,150,150,180,192,192,92,125,125,136,152,248,248,148,163,163,183,198,198,198,198,2,35,35,61,74,74,93,192,192,92,109,19,30,30,30,81,110,110,110,110,110,210,260,272,272,272,302,32,32,32,32],"floor_reached":57,"language":"ENG","playtime":7071,"items_purged":["Guardian:Defend_Guardian"],"score":1328,"play_id":"2269ecf9-bdc7-433f-839e-aee253c4b8b4","local_time":"20210125223619","is_ascension_mode":false,"campfire_choices":[{"floor":1,"key":"RECALL"},{"data":"Guardian:ChargeUp","floor":11,"key":"SMITH"},{"data":"Guardian:BaubleBeam","floor":18,"key":"SMITH"},{"data":"Guardian:PrimingBeam","floor":23,"key":"SMITH"},{"data":"Guardian:TimeCapacitor","floor":35,"key":"SMITH"},{"data":"Guardian:TwinSlam","floor":40,"key":"SMITH"},{"data":"Guardian:ChargeUp","floor":44,"key":"SMITH"},{"data":"Guardian:Emergency","floor":54,"key":"SMITH"}],"circlet_count":0,"master_deck":["Guardian:Defend_Guardian+1","Guardian:CurlUp","Guardian:TwinSlam+1","Guardian:Planning+1","Guardian:TimeBomb","Guardian:ChargeUp+1","Guardian:PrimingBeam+1","Guardian:TimeCapacitor+1","Guardian:BaubleBeam+1","Guardian:PrimingBeam+1","Guardian:ShieldSpikes+1","Guardian:Clone","Guardian:StasisField","Slimebound:Tackle+1","Slimebound:Tackle+1","Slimebound:Tackle+1","Guardian:StasisEngine","Guardian:Incinerate+1","Guardian:ChargeUp+1","downfall:Malfunctioning","Writhe","Guardian:SphericShield","Guardian:BronzeOrb","Guardian:PolyBeam+1","Guardian:Emergency+1","expansioncontent:InvincibleStrength"],"relics":["Guardian:ModeShifter","Pantograph","Gremlin Horn","Anchor","downfall:HeartBlessingGreen","Incense Burner","Astrolabe","downfall:HeartBlessingRed","Juzu Bracelet","OrangePellets","War Paint","Du-Vu Doll","Coffee Dripper","downfall:HeartBlessingBlue","Guardian:PocketSentry","Blue Candle","Blood Vial","downfall:ExtraCursedKey","champ:DeflectingBracers","Guardian:StasisCodex","Cauldron"],"acts_visited":["Exordium","TheCity","TheBeyond","TheEnding"],"potions_floor_usage":[42,52,52],"damage_taken":[{"damage":0,"enemies":"2 Louse","floor":2,"turns":4},{"damage":7,"enemies":"Small Slimes","floor":4,"turns":4},{"damage":16,"enemies":"Jaw Worm","floor":6,"turns":5},{"damage":75,"enemies":"Gremlin Nob","floor":8,"turns":7},{"damage":7,"enemies":"Exordium Wildlife","floor":9,"turns":3},{"damage":1,"enemies":"Lagavulin","floor":12,"turns":5},{"damage":1,"enemies":"Red Slaver","floor":14,"turns":4},{"damage":3,"enemies":"Large Slime","floor":15,"turns":5},{"damage":8,"enemies":"DF_ARCHETYPE_STREAMLINE","floor":16,"turns":11},{"damage":3,"enemies":"Shell Parasite","floor":19,"turns":4},{"damage":21,"enemies":"Centurion and Healer","floor":21,"turns":6},{"damage":13,"enemies":"Snake Plant","floor":22,"turns":5},{"damage":7,"enemies":"downfall:FleeingMerchant","floor":26,"turns":4},{"damage":3,"enemies":"Gremlin Leader","floor":27,"turns":5},{"damage":8,"enemies":"Book of Stabbing","floor":29,"turns":5},{"damage":1,"enemies":"3 Cultists","floor":30,"turns":5},{"damage":0,"enemies":"Centurion and Healer","floor":32,"turns":5},{"damage":2,"enemies":"IC_MUSHROOM_ARCHETYPE","floor":33,"turns":8},{"damage":0,"enemies":"3 Darklings","floor":36,"turns":4},{"damage":0,"enemies":"downfall:FleeingMerchant","floor":37,"turns":4},{"damage":3,"enemies":"Orb Walker","floor":38,"turns":4},{"damage":0,"enemies":"Reptomancer","floor":42,"turns":4},{"damage":13,"enemies":"2 Orb Walkers","floor":48,"turns":4},{"damage":1,"enemies":"Spire Growth","floor":49,"turns":3},{"damage":5,"enemies":"WA_ARCHETYPE_DIVINITY","floor":50,"turns":7},{"damage":11,"enemies":"downfall:CharBossMerchant","floor":52,"turns":7},{"damage":35,"enemies":"downfall:NeowBoss","floor":55,"turns":5},{"damage":46,"enemies":"downfall:NeowBossFinal","floor":56,"turns":11}],"seed_played":"1826538022039704540","potions_obtained":[{"floor":4,"key":"Block Potion"},{"floor":6,"key":"FairyPotion"},{"floor":12,"key":"sneckomod:MuddlingPotion"},{"floor":14,"key":"Swift Potion"},{"floor":25,"key":"PowerPotion"},{"floor":25,"key":"Energy Potion"},{"floor":32,"key":"SteroidPotion"},{"floor":33,"key":"Guardian:BlockOnCardUsePotion"},{"floor":42,"key":"Block Potion"},{"floor":53,"key":"AttackPotion"},{"floor":53,"key":"Block Potion"}],"is_trial":false,"path_per_floor":["R","M","?","M","?","M","T","E","M","?","R","E","T","M","M","B",null,"R","M","?","M","M","R","T","?","$","E","?","E","M","?","M","B",null,"R","M","$","M","?","R","T","E","T","R","?","?","?","?","M","B",null,"E","$","R","B","B",null],"character_chosen":"GUARDIAN","items_purchased":["OrangePellets","Guardian:Gem_Purple","Guardian:Emergency","Cauldron","expansioncontent:InvincibleStrength"],"campfire_rested":0,"item_purchase_floors":[26,26,53,53,53],"current_hp_per_floor":[88,88,82,75,75,59,59,26,19,19,19,18,18,17,14,31,88,88,85,85,64,51,51,51,51,44,41,41,33,32,32,32,55,88,98,98,98,95,95,95,95,95,95,95,95,98,98,85,86,93,98,87,87,87,63,44],"gold":32,"neow_bonus":"TEN_PERCENT_HP_BONUS","is_daily":false,"chose_seed":false,"campfire_upgraded":7,"win_rate":0.0,"timestamp":1611642979,"path_taken":["R","M","?","M","?","M","T","E","M","?","R","E","?","?","M","BOSS","R","M","?","M","M","R","T","?","?","E","?","E","M","?","M","BOSS","R","M","$","M","?","R","T","E","?","R","?","?","?","?","M","BOSS","E","$","R","BOSS","BOSS"],"items_purchased_type":["Relic","Card","Card","Relic","Card"],"build_version":"2020-12-22","purchased_purges":1,"victory":true,"max_hp_per_floor":[88,88,88,88,88,88,88,88,88,88,88,88,88,88,88,88,88,88,88,88,88,88,88,88,88,88,88,88,88,88,88,88,88,88,98,98,98,98,98,98,98,98,98,98,98,98,98,98,98,98,98,98,98,98,98,98],"card_choices":[{"not_picked":["Guardian:TemporalStrike","Guardian:Gem_Yellow"],"picked":"Guardian:ChargeCore","floor":2},{"not_picked":["Guardian:Gem_Blue","Guardian:Gem_Red"],"picked":"Guardian:Planning","floor":4},{"not_picked":["Guardian:Gem_White","Guardian:Gem_Green"],"picked":"Guardian:Gem_Crimson","floor":6},{"not_picked":["Guardian:Gem_Green","Guardian:Planning"],"picked":"Guardian:TimeBomb","floor":8},{"not_picked":["Guardian:CrystalBeam","Guardian:PrimingBeam"],"picked":"Guardian:ChargeUp","floor":9},{"not_picked":["Guardian:FuturePlans","Guardian:TemporalShield"],"picked":"Guardian:Gem_Crimson","floor":12},{"not_picked":["Guardian:ShieldCharger","Guardian:ChargeUp"],"picked":"Guardian:PrimingBeam","floor":14},{"not_picked":["Guardian:Repulse","Guardian:Reroute"],"picked":"Guardian:TimeCapacitor","floor":15},{"not_picked":["Guardian:RevengeProtocol","Guardian:HyperBeam_Guardian"],"picked":"Guardian:BaubleBeam","floor":16},{"not_picked":["Guardian:WalkerClaw","Guardian:Recover"],"picked":"Guardian:TemporalShield+1","floor":19},{"not_picked":["Guardian:Gem_Red","Guardian:ChargeCore"],"picked":"Guardian:Gem_Cyan","floor":21},{"not_picked":["Guardian:Gem_Red","Guardian:Gem_Cyan"],"picked":"Guardian:Clone","floor":22},{"not_picked":["Guardian:Recover","Guardian:MultiBeam"],"picked":"Guardian:Gem_Cyan","floor":26},{"not_picked":["Guardian:Gem_White","Guardian:GuardianWhirl"],"picked":"Guardian:StasisField","floor":27},{"not_picked":["Guardian:PiercingHide","Guardian:Gem_Lightblue","Guardian:Gem_Cyan"],"picked":"SKIP","floor":29},{"not_picked":["Guardian:Gem_Cyan","Guardian:Gem_Crimson","Guardian:ChargeCore"],"picked":"SKIP","floor":30},{"not_picked":["Guardian:Suspension","Guardian:TemporalShield","Guardian:Reroute"],"picked":"SKIP","floor":32},{"not_picked":["Guardian:GemFinder","Guardian:Gem_Orange"],"picked":"Guardian:StasisEngine","floor":33},{"not_picked":["Guardian:WalkerClaw","Guardian:ShieldCharger"],"picked":"Guardian:Gem_Blue","floor":36},{"not_picked":["Guardian:DonusPower","Guardian:Gem_Red"],"picked":"Guardian:Incinerate+1","floor":37},{"not_picked":["Guardian:StasisField","Guardian:PrismaticBeam+1"],"picked":"Guardian:ChargeUp","floor":38},{"not_picked":["Guardian:PrimingBeam","Guardian:VentSteam+1","Guardian:Suspension+1"],"picked":"SKIP","floor":42},{"not_picked":["Guardian:TemporalShield","Guardian:Recover+1"],"picked":"Guardian:BronzeOrb","floor":49},{"not_picked":["Guardian:GemFinder","Guardian:Gem_Cyan"],"picked":"Guardian:PolyBeam+1","floor":52}],"player_experience":2449952,"relics_obtained":[{"floor":7,"key":"Gremlin Horn"},{"floor":8,"key":"Anchor"},{"floor":12,"key":"Incense Burner"},{"floor":24,"key":"Juzu Bracelet"},{"floor":27,"key":"War Paint"},{"floor":29,"key":"Du-Vu Doll"},{"floor":41,"key":"Guardian:PocketSentry"},{"floor":42,"key":"Blue Candle"},{"floor":43,"key":"Blood Vial"},{"floor":48,"key":"champ:DeflectingBracers"},{"floor":52,"key":"Guardian:StasisCodex"}],"event_choices":[{"damage_healed":0,"gold_gain":0,"player_choice":"Box","damage_taken":0,"relics_obtained":["Pantograph"],"max_hp_gain":0,"max_hp_loss":0,"event_name":"Big Fish","floor":5,"gold_loss":0,"cards_obtained":["Regret"]},{"cards_removed":["Iron Wave"],"damage_healed":0,"gold_gain":0,"player_choice":"Took Card","damage_taken":0,"max_hp_gain":0,"max_hp_loss":0,"event_name":"NoteForYourself","floor":20,"gold_loss":0,"cards_obtained":["Iron Wave"]},{"damage_healed":0,"gold_gain":0,"player_choice":"Got Potions","damage_taken":0,"max_hp_gain":0,"max_hp_loss":0,"event_name":"Lab","floor":25,"gold_loss":0},{"cards_removed":["Guardian:TemporalShield"],"damage_healed":0,"gold_gain":0,"player_choice":"Removed Skill","damage_taken":0,"max_hp_gain":0,"max_hp_loss":0,"event_name":"Falling","floor":45,"gold_loss":0},{"cards_removed":["Guardian:ChargeCore"],"damage_healed":5,"gold_gain":0,"player_choice":"Offered Common","damage_taken":0,"max_hp_gain":0,"max_hp_loss":0,"event_name":"Bonfire Elementals","floor":46,"gold_loss":0},{"cards_removed":["Guardian:ChargeCore"],"damage_healed":5,"gold_gain":0,"player_choice":"Offered Special","damage_taken":0,"max_hp_gain":0,"max_hp_loss":0,"event_name":"Bonfire Elementals","floor":46,"gold_loss":0},{"damage_healed":0,"gold_gain":0,"player_choice":"Fight","damage_taken":0,"max_hp_gain":0,"max_hp_loss":0,"event_name":"Mysterious Sphere","floor":48,"gold_loss":0}],"is_beta":false,"boss_relics":[{"not_picked":["bronze:MakeshiftBattery","Runic Dome"],"picked":"Astrolabe"},{"not_picked":["Philosopher\u0027s Stone","Calling Bell"],"picked":"Coffee Dripper"}],"items_purged_floors":[37],"is_endless":false,"potions_floor_spawned":[4,6,12,14,19,32,33,42],"ascension_level":0}}