{"host":"Alvar","time":1611676786,"event":{"mods":["AchievementEnabler","BaseMod","Minty Spire (QoL Compilation)","StSLib"],"gold_per_floor":[210,229,229,245,29,55,55,130,157,134,173,214,226,271,283,372,384,408,447,459,521,545,583,614,657,669,699,727,756,793,821,833,923,935,961,998,590,590,13,45,45,71,71,85,99,110,139,139,139,139,139,139,139,3,37,37],"floor_reached":57,"language":"ENG","playtime":3533,"items_purged":["Strike_G"],"score":2986,"play_id":"2b3ce9c8-55c3-4cdb-9be2-5a480238298f","local_time":"20210126225946","is_ascension_mode":true,"campfire_choices":[{"data":"Apotheosis","floor":7.0,"key":"SMITH"},{"data":"Malaise","floor":13.0,"key":"SMITH"},{"data":"Dash","floor":15.0,"key":"SMITH"},{"floor":32.0,"key":"REST"},{"floor":41,"key":"REST"},{"floor":49,"key":"RECALL"},{"floor":53,"key":"REST"}],"circlet_count":0,"master_deck":["AscendersBane","Strike_G","Strike_G","Defend_G","Defend_G","Defend_G+1","Defend_G","Defend_G","Survivor","Neutralize","Poisoned Stab","Blade Dance","Poisoned Stab","Apotheosis+1","Malaise+1","Dash+1","Wraith Form v2","Malaise+1","Noxious Fumes","Acrobatics","Dodge and Roll","Terror","Predator","Envenom","Adrenaline","PiercingWail","Footwork","Tools of the Trade","Deflect+1","Catalyst","Tactician+1","Well Laid Plans"],"relics":["Ring of the Snake","PreservedInsect","MawBank","Anchor","The Specimen","Blood Vial","Fusion Hammer","Red Mask","War Paint","Meat on the Bone","Tingsha","HoveringKite","Tough Bandages","TungstenRod","Calipers","Medical Kit","White Beast Statue","Toy Ornithopter","Unceasing Top","Singing Bowl","Happy Flower"],"acts_visited":["Exordium","TheCity","TheBeyond","TheEnding"],"potions_floor_usage":[44,45,50,51,55,56],"damage_taken":[{"damage":1.0,"enemies":"Jaw Worm","floor":1.0,"turns":5.0},{"damage":5.0,"enemies":"2 Louse","floor":2.0,"turns":4.0},{"damage":0.0,"enemies":"Small Slimes","floor":4.0,"turns":3.0},{"damage":11.0,"enemies":"Lagavulin","floor":6.0,"turns":8.0},{"damage":0.0,"enemies":"Gremlin Nob","floor":12.0,"turns":3.0},{"damage":0.0,"enemies":"Lagavulin","floor":14.0,"turns":6.0},{"damage":10.0,"enemies":"The Guardian","floor":16.0,"turns":13.0},{"damage":7.0,"enemies":"3 Byrds","floor":18.0,"turns":6.0},{"damage":9.0,"enemies":"Masked Bandits","floor":19.0,"turns":6.0},{"damage":10.0,"enemies":"Spheric Guardian","floor":22.0,"turns":6.0},{"damage":1.0,"enemies":"Book of Stabbing","floor":23.0,"turns":6.0},{"damage":15.0,"enemies":"Cultist and Chosen","floor":24.0,"turns":8.0},{"damage":1.0,"enemies":"Gremlin Leader","floor":25.0,"turns":9.0},{"damage":0.0,"enemies":"Snake Plant","floor":27.0,"turns":6.0},{"damage":29.0,"enemies":"3 Cultists","floor":28.0,"turns":7.0},{"damage":3.0,"enemies":"Shelled Parasite and Fungi","floor":29.0,"turns":8.0},{"damage":15.0,"enemies":"Slavers","floor":30.0,"turns":5.0},{"damage":0.0,"enemies":"Snake Plant","floor":31.0,"turns":6.0},{"damage":44.0,"enemies":"Champ","floor":33.0,"turns":16.0},{"damage":16.0,"enemies":"Orb Walker","floor":35.0,"turns":5.0},{"damage":5.0,"enemies":"Mind Bloom Boss Battle","floor":36.0,"turns":7.0},{"damage":21,"enemies":"Giant Head","floor":40,"turns":8},{"damage":0,"enemies":"Reptomancer","floor":42,"turns":5},{"damage":0,"enemies":"3 Shapes","floor":44,"turns":5},{"damage":4,"enemies":"Jaw Worm Horde","floor":45,"turns":6},{"damage":20,"enemies":"Transient","floor":46,"turns":6},{"damage":5,"enemies":"Giant Head","floor":47,"turns":7},{"damage":22,"enemies":"Awakened One","floor":50,"turns":14},{"damage":4,"enemies":"Donu and Deca","floor":51,"turns":9},{"damage":18,"enemies":"Shield and Spear","floor":55,"turns":8},{"damage":55,"enemies":"The Heart","floor":56,"turns":11}],"seed_played":"9215763684896846414","potions_obtained":[{"floor":2.0,"key":"AttackPotion"},{"floor":6.0,"key":"Dexterity Potion"},{"floor":14.0,"key":"BlessingOfTheForge"},{"floor":24.0,"key":"Explosive Potion"},{"floor":28.0,"key":"GamblersBrew"},{"floor":30.0,"key":"Regen Potion"},{"floor":33.0,"key":"Regen Potion"},{"floor":36.0,"key":"Strength Potion"},{"floor":44,"key":"LiquidBronze"},{"floor":45,"key":"CultistPotion"},{"floor":46,"key":"Dexterity Potion"},{"floor":55,"key":"DistilledChaos"}],"is_trial":false,"path_per_floor":["M","M","?","M","$","E","R","?","T","?","T","E","R","E","R","B",null,"M","?","?","?","M","E","M","E","T","M","M","M","E","M","R","B",null,"M","?","$","?","$","E","R","E","T","M","M","M","E","?","R","B","B",null,"R","$","E","B",null],"character_chosen":"THE_SILENT","items_purchased":["Apotheosis","TungstenRod","Footwork","Calipers","Medical Kit","Well Laid Plans","Energy Potion"],"campfire_rested":3,"item_purchase_floors":[5,37,39,39,39,54,54],"current_hp_per_floor":[58,53,46,46,46,35,35,24,24,40,40,40,40,40,40,32,58,53,46,46,46,38,39,26,27,27,41,26,37,36,38,57,27,56,51,48,48,48,48,41,59,61,61,63,59,41,38,40,40,37,40,59,65,65,54,18],"gold":37,"neow_bonus":"HUNDRED_GOLD","is_daily":false,"chose_seed":false,"campfire_upgraded":3,"win_rate":0.0,"timestamp":1611676786,"path_taken":["M","M","?","M","$","E","R","?","T","?","?","E","R","E","R","BOSS","M","?","?","?","M","E","M","E","T","?","M","M","E","M","R","BOSS","M","?","$","?","?","E","R","E","T","M","M","M","E","?","R","BOSS","BOSS","R","$","E","BOSS"],"items_purchased_type":["Card","Relic","Card","Relic","Relic","Card","Potion"],"build_version":"2020-12-18","purchased_purges":1,"victory":true,"max_hp_per_floor":[66,66,66,66,66,66,66,66,66,66,66,66,66,66,66,66,66,66,66,66,66,66,66,66,66,66,66,66,66,66,66,66,66,66,66,66,66,63,63,63,63,63,63,63,63,63,63,65,65,65,65,65,65,65,67,67],"card_choices":[{"not_picked":["Calculated Gamble","Quick Slash"],"picked":"Poisoned Stab","floor":1.0},{"not_picked":["PiercingWail","Outmaneuver"],"picked":"Blade Dance","floor":2.0},{"not_picked":["Dodge and Roll","Cloak And Dagger"],"picked":"Poisoned Stab","floor":4.0},{"not_picked":["Dagger Throw","Poisoned Stab"],"picked":"Malaise","floor":6.0},{"not_picked":["Reflex","PiercingWail"],"picked":"Dash","floor":12.0},{"not_picked":["Choke","Riddle With Holes","Heel Hook"],"picked":"SKIP","floor":14.0},{"not_picked":["Doppelganger","Die Die Die"],"picked":"Wraith Form v2","floor":16.0},{"not_picked":["Blade Dance","Underhanded Strike","Dagger Throw+1"],"picked":"SKIP","floor":18.0},{"not_picked":["Masterful Stab","Underhanded Strike","Flechettes+1"],"picked":"SKIP","floor":22.0},{"not_picked":["Calculated Gamble","Underhanded Strike"],"picked":"Malaise","floor":23.0},{"not_picked":["Cloak And Dagger","Masterful Stab","Dagger Spray"],"picked":"SKIP","floor":24.0},{"not_picked":["Deadly Poison+1","Blade Dance"],"picked":"Noxious Fumes","floor":25.0},{"not_picked":["Blur","Infinite Blades"],"picked":"Acrobatics","floor":27.0},{"not_picked":["Slice","Bane"],"picked":"Dodge and Roll","floor":28.0},{"not_picked":["Masterful Stab+1","Choke"],"picked":"Terror","floor":29.0},{"not_picked":["Dodge and Roll","Acrobatics+1"],"picked":"Predator","floor":30.0},{"not_picked":["Escape Plan","Skewer+1"],"picked":"Envenom","floor":31.0},{"not_picked":["Unload","Tools of the Trade"],"picked":"Adrenaline","floor":33.0},{"not_picked":["Bane","Deadly Poison","Bouncing Flask"],"picked":"SKIP","floor":35.0},{"not_picked":["Backstab","Underhanded Strike"],"picked":"PiercingWail","floor":36.0},{"not_picked":["Bouncing Flask+1","Die Die Die"],"picked":"Tools of the Trade","floor":40},{"not_picked":["Backstab","Infinite Blades","PiercingWail"],"picked":"SKIP","floor":42},{"not_picked":["Poisoned Stab","Terror+1"],"picked":"Deflect+1","floor":44},{"not_picked":["Finisher","Underhanded Strike"],"picked":"Catalyst","floor":45},{"not_picked":["Choke","Noxious Fumes","Blade Dance"],"picked":"SKIP","floor":46},{"not_picked":["Deflect+1","Cloak And Dagger"],"picked":"Tactician+1","floor":47},{"not_picked":["Good Instincts","Mind Blast","Metamorphosis"],"picked":"Singing Bowl","floor":48},{"not_picked":["Blur","Dagger Throw+1","Backstab"],"picked":"Singing Bowl","floor":55}],"player_experience":783650,"relics_obtained":[{"floor":6.0,"key":"PreservedInsect"},{"floor":9.0,"key":"MawBank"},{"floor":11.0,"key":"Anchor"},{"floor":12.0,"key":"The Specimen"},{"floor":14.0,"key":"Blood Vial"},{"floor":19.0,"key":"Red Mask"},{"floor":23.0,"key":"War Paint"},{"floor":25.0,"key":"Meat on the Bone"},{"floor":30.0,"key":"Tingsha"},{"floor":36.0,"key":"Tough Bandages"},{"floor":40,"key":"White Beast Statue"},{"floor":42,"key":"Toy Ornithopter"},{"floor":43,"key":"Unceasing Top"},{"floor":47,"key":"Singing Bowl"},{"floor":55,"key":"Happy Flower"}],"event_choices":[{"cards_removed":["Strike_G"],"damage_healed":0.0,"max_hp_gain":0.0,"max_hp_loss":0.0,"gold_gain":0.0,"event_name":"Golden Wing","player_choice":"Card Removal","floor":3.0,"gold_loss":0.0,"damage_taken":7.0},{"damage_healed":0.0,"max_hp_gain":0.0,"max_hp_loss":0.0,"gold_gain":75.0,"event_name":"World of Goop","player_choice":"Gather Gold","floor":8.0,"gold_loss":0.0,"damage_taken":11.0},{"damage_healed":16.0,"max_hp_gain":0.0,"max_hp_loss":0.0,"gold_gain":0.0,"event_name":"The Cleric","player_choice":"Healed","floor":10.0,"gold_loss":35.0,"damage_taken":0.0},{"damage_healed":0.0,"max_hp_gain":0.0,"max_hp_loss":0.0,"gold_gain":0.0,"event_name":"Masked Bandits","player_choice":"Fought Bandits","floor":19.0,"gold_loss":0.0,"damage_taken":0.0},{"cards_removed":["Strike_G"],"damage_healed":0.0,"max_hp_gain":0.0,"max_hp_loss":0.0,"gold_gain":0.0,"event_name":"Back to Basics","player_choice":"Elegance","floor":20.0,"gold_loss":0.0,"damage_taken":0.0},{"damage_healed":0.0,"max_hp_gain":0.0,"max_hp_loss":0.0,"gold_gain":50.0,"event_name":"Golden Shrine","player_choice":"Pray","floor":21.0,"gold_loss":0.0,"damage_taken":0.0},{"damage_healed":0.0,"max_hp_gain":0.0,"max_hp_loss":0.0,"gold_gain":0.0,"event_name":"MindBloom","player_choice":"Fight","floor":36.0,"gold_loss":0.0,"damage_taken":0.0},{"damage_healed":0,"gold_gain":0,"player_choice":"Max HP","damage_taken":0,"max_hp_gain":0,"max_hp_loss":3,"event_name":"Winding Halls","floor":38,"gold_loss":0},{"damage_healed":0,"gold_gain":0,"player_choice":"Memory 1","damage_taken":0,"max_hp_gain":0,"max_hp_loss":0,"event_name":"SensoryStone","floor":48,"gold_loss":0}],"is_beta":true,"boss_relics":[{"not_picked":["Busted Crown","Ring of the Serpent"],"picked":"Fusion Hammer"},{"not_picked":["Tiny House","WristBlade"],"picked":"HoveringKite"}],"items_purged_floors":[37],"is_endless":false,"potions_floor_spawned":[2,6,14,19,24,28,30,33,36,42,44,45,46,47,55],"ascension_level":20}}