{"host":"jeza3f7qwapecycc","time":1611647457,"event":{"mods":["BaseMod","Downfall","Minty Spire (QoL Compilation)","Relic Stats","StSLib"],"gold_per_floor":[99,99,99,99,99,110,110,130,149,149,25,42,42,60,70,168,168,168,186,271,28,128,128,128,139,139,139,152,165,165,165,165,165],"floor_reached":31,"language":"ZHS","playtime":1490,"items_purged":["Slimebound:Strike_Slimebound"],"score":225,"play_id":"2058b27a-8b73-45f6-a456-f401ffd7df3e","local_time":"20210126155057","is_ascension_mode":false,"campfire_choices":[{"data":"Slimebound:Split","floor":1.0,"key":"SMITH"},{"data":"Slimebound:LevelUp","floor":10.0,"key":"SMITH"},{"data":"Slimebound:ProtectTheBoss","floor":13.0,"key":"SMITH"},{"data":"Slimebound:SplitBruiser","floor":18.0,"key":"SMITH"},{"data":"Slimebound:Overexert","floor":23.0,"key":"SMITH"},{"floor":26.0,"key":"REST"}],"circlet_count":0,"master_deck":["Slimebound:Strike_Slimebound","Slimebound:Tackle","Slimebound:Defend_Slimebound","Slimebound:Defend_Slimebound","Slimebound:Defend_Slimebound","Slimebound:Defend_Slimebound","Slimebound:Split+1","Slimebound:CorrosiveSpit","Slimebound:RainOfGoop+1","Slimebound:SplitBruiser+1","Slimebound:LeechEnergy","Slimebound:LevelUp+1","Slimebound:RallyTheTroops","Slimebound:PressTheAttack","Slimebound:SplitBruiser","Slimebound:Repurpose","Slimebound:GrowthPunch","Slimebound:ProtectTheBoss+1","Slimebound:ProtectTheBoss","Slimebound:FinishingTackle","Slimebound:Overexert+1","Slimebound:RainOfGoop+1","Slimebound:RollThrough","Slimebound:MegaLick","Slimebound:SplitAcid","Slimebound:SamplingLick","Slimebound:FormOfPuddle+1"],"relics":["Slimebound:AbsorbEndCombat","downfall:HeartsMalice","StrikeDummy","Velvet Choker","Blood Vial","Turnip","The Courier","Strawberry"],"acts_visited":["Exordium","TheCity"],"potions_floor_usage":[31],"damage_taken":[{"damage":0.0,"enemies":"Small Slimes","floor":2.0,"turns":1.0},{"damage":0.0,"enemies":"Cultist","floor":3.0,"turns":1.0},{"damage":0.0,"enemies":"Jaw Worm","floor":5.0,"turns":1.0},{"damage":11.0,"enemies":"2 Fungi Beasts","floor":6.0,"turns":3.0},{"damage":12.0,"enemies":"3 Louse","floor":8.0,"turns":3.0},{"damage":3.0,"enemies":"Large Slime","floor":9.0,"turns":3.0},{"damage":0.0,"enemies":"downfall:FleeingMerchant","floor":11.0,"turns":4.0},{"damage":31.0,"enemies":"Gremlin Gang","floor":12.0,"turns":3.0},{"damage":0.0,"enemies":"2 Fungi Beasts","floor":14.0,"turns":3.0},{"damage":3.0,"enemies":"Large Slime","floor":15.0,"turns":5.0},{"damage":12.0,"enemies":"SI_SHIV_ARCHETYPE","floor":16.0,"turns":6.0},{"damage":8.0,"enemies":"Spheric Guardian","floor":19.0,"turns":3.0},{"damage":15.0,"enemies":"downfall:FleeingMerchant","floor":21.0,"turns":4.0},{"damage":6.0,"enemies":"Colosseum Nobs","floor":22.0,"turns":4.0},{"damage":32.0,"enemies":"Snake Plant","floor":25.0,"turns":3.0},{"damage":16,"enemies":"Centurion and Healer","floor":28,"turns":5},{"damage":17,"enemies":"Shelled Parasite and Fungi","floor":29,"turns":5},{"damage":35,"enemies":"downfall:Augmenter","floor":31,"turns":5}],"seed_played":"-8576297539991923419","potions_obtained":[{"floor":6.0,"key":"AttackPotion"},{"floor":8.0,"key":"Energy Potion"},{"floor":9.0,"key":"LiquidBronze"},{"floor":14.0,"key":"DistilledChaos"},{"floor":28,"key":"Dexterity Potion"},{"floor":29,"key":"Strength Potion"}],"is_trial":false,"path_per_floor":["R","M","M","?","M","M","T","M","M","R","$","M","R","M","M","B",null,"R","M","?","$","?","R","T","M","R","?","M","M","?","?"],"character_chosen":"SLIMEBOUND","items_purchased":["Slimebound:Repurpose","Slimebound:GrowthPunch","Blood Vial"],"campfire_rested":1,"item_purchase_floors":[11,11,21],"current_hp_per_floor":[65,65,65,65,65,58,58,46,47,47,53,24,24,24,25,15,65,65,59,47,36,38,38,45,17,38,38,30,23,23,0,0,0],"gold":165,"neow_bonus":"THREE_ENEMY_KILL","is_daily":false,"chose_seed":false,"campfire_upgraded":5,"win_rate":0.0,"timestamp":1611647457,"path_taken":["R","M","M","?","?","M","T","M","M","R","$","M","R","M","M","BOSS","R","M","?","$","?","R","T","M","R","?","M","M","?","?"],"items_purchased_type":["Card","Card","Relic"],"build_version":"2020-12-22","purchased_purges":1,"victory":false,"max_hp_per_floor":[65,65,65,65,65,65,65,65,65,65,65,65,65,65,65,65,65,65,65,65,65,65,65,72,72,72,72,72,72,72,72,72,72],"relic_stats":{"Blood Vial":10,"counters":[18,58],"Turnip":[4],"obtain_stats":[{"Blood Vial":21,"Strawberry":24,"Velvet Choker":17,"downfall:HeartsMalice":0,"Turnip":22,"The Courier":22,"Slimebound:AbsorbEndCombat":0,"StrikeDummy":7},{"Blood Vial":13,"Strawberry":14,"Velvet Choker":11,"downfall:HeartsMalice":0,"Turnip":14,"The Courier":14,"Slimebound:AbsorbEndCombat":0,"StrikeDummy":4},{"Blood Vial":36,"Strawberry":40,"Velvet Choker":29,"downfall:HeartsMalice":0,"Turnip":40,"The Courier":40,"Slimebound:AbsorbEndCombat":0,"StrikeDummy":3}]},"card_choices":[{"not_picked":["Slimebound:TongueLash","Slimebound:HauntingLick"],"picked":"Slimebound:RainOfGoop","floor":2.0},{"not_picked":["Slimebound:Schlurp","Slimebound:LeechEnergy"],"picked":"Slimebound:SplitBruiser","floor":3.0},{"not_picked":["Slimebound:Prepare","Slimebound:SlimeSpikes"],"picked":"Slimebound:LeechEnergy","floor":5.0},{"not_picked":["Slimebound:HauntingLick","Slimebound:LivingWall"],"picked":"Slimebound:LevelUp","floor":6.0},{"not_picked":["Slimebound:HauntingLick","Slimebound:BestDefense"],"picked":"Slimebound:RallyTheTroops","floor":8.0},{"not_picked":["Slimebound:GoopTackle","Slimebound:Prepare"],"picked":"Slimebound:PressTheAttack","floor":9.0},{"not_picked":["Slimebound:ComboTackle","Slimebound:PressTheAttack"],"picked":"Slimebound:SplitBruiser","floor":11.0},{"not_picked":["Slimebound:SplitMire","Slimebound:RejuvenatingLick"],"picked":"Slimebound:ProtectTheBoss","floor":12.0},{"not_picked":["Slimebound:PressTheAttack","Slimebound:GoopTackle"],"picked":"Slimebound:ProtectTheBoss","floor":14.0},{"not_picked":["Slimebound:SlimeSpikes","Slimebound:Replication"],"picked":"Slimebound:FinishingTackle","floor":15.0},{"not_picked":["Slimebound:DouseInSlime","Slimebound:WasteNot"],"picked":"Slimebound:Overexert","floor":16.0},{"not_picked":["Slimebound:LivingWall+1","Slimebound:ItLooksTasty+1"],"picked":"Slimebound:RainOfGoop+1","floor":19.0},{"not_picked":["Slimebound:PressTheAttack","Slimebound:HauntingLick"],"picked":"Slimebound:RollThrough","floor":21.0},{"not_picked":["Slimebound:ForwardTackle","Slimebound:BestDefense"],"picked":"Slimebound:MegaLick","floor":22.0},{"not_picked":["Slimebound:SpikyOuterGoop","Slimebound:FormOfPuddle"],"picked":"Slimebound:SplitAcid","floor":25.0},{"not_picked":["Slimebound:MegaLick","Slimebound:LeechEnergy"],"picked":"Slimebound:SamplingLick","floor":28},{"not_picked":["Slimebound:DisruptingSlam","Slimebound:SelfFormingGoo"],"picked":"Slimebound:FormOfPuddle+1","floor":29}],"player_experience":784636,"relics_obtained":[{"floor":7.0,"key":"StrikeDummy"},{"floor":22.0,"key":"Turnip"},{"floor":22.0,"key":"The Courier"},{"floor":24.0,"key":"Strawberry"}],"event_choices":[],"is_beta":false,"boss_relics":[{"not_picked":["Runic Dome","Philosopher\u0027s Stone"],"picked":"Velvet Choker"}],"items_purged_floors":[21],"is_endless":false,"potions_floor_spawned":[6,8,9,14,28,29],"killed_by":"downfall:Augmenter","ascension_level":0}}