{"host":"kpyf5rnb72uwap8k","time":1611681896,"event":{"mods":["AchievementEnabler","BaseMod","Colored Map","Colored Powertips","DeckTracker","Minty Spire (QoL Compilation)","Permanent Neow","Quick Restart","StSLib","SuperFastMode"],"gold_per_floor":[115,75,0,19,33,33,70,70,118,18,18,18,42,55,55,167,167,188,213,213,234,234,234,109,124,147,147,170,170,170],"floor_reached":29,"language":"KOR","playtime":1138,"items_purged":["Strike_R","Strike_R","Strike_R"],"score":248,"play_id":"4cf2f23e-cd2d-431f-96bf-fd882216ae41","local_time":"20210127022456","is_ascension_mode":true,"campfire_choices":[{"data":"Shrug It Off","floor":6.0,"key":"SMITH"},{"data":"Rampage","floor":8.0,"key":"SMITH"},{"floor":15.0,"key":"REST"},{"floor":23,"key":"REST"},{"data":"Corruption","floor":27,"key":"SMITH"}],"circlet_count":0,"master_deck":["Strike_R","Strike_R","Defend_R","Defend_R+1","Defend_R+1","Defend_R","Bash","Finesse","Ghostly Armor","Shrug It Off+1","True Grit","Rampage+1","Pommel Strike","Corruption+1","Clash+1","Dark Embrace+1","True Grit+1","Rampage"],"relics":["Burning Blood","CeramicFish","Regal Pillow","Black Star","MutagenicStrength","War Paint"],"acts_visited":["Exordium","TheCity"],"potions_floor_usage":[16,16,16,21,21],"damage_taken":[{"damage":7.0,"enemies":"Small Slimes","floor":1.0,"turns":6.0},{"damage":10.0,"enemies":"Cultist","floor":4.0,"turns":4.0},{"damage":21.0,"enemies":"Jaw Worm","floor":5.0,"turns":8.0},{"damage":21.0,"enemies":"3 Sentries","floor":7.0,"turns":15.0},{"damage":10.0,"enemies":"Exordium Wildlife","floor":13.0,"turns":8.0},{"damage":6.0,"enemies":"Blue Slaver","floor":14.0,"turns":5.0},{"damage":64,"enemies":"Slime Boss","floor":16,"turns":17},{"damage":24,"enemies":"Chosen","floor":18,"turns":8},{"damage":32,"enemies":"Spheric Guardian","floor":19,"turns":6},{"damage":22,"enemies":"Centurion and Healer","floor":21,"turns":7},{"damage":17,"enemies":"Sentry and Sphere","floor":25,"turns":7},{"damage":23,"enemies":"Snecko","floor":28,"turns":6},{"damage":30,"enemies":"Cultist and Chosen","floor":29,"turns":6}],"seed_played":"1912485408795849212","potions_obtained":[{"floor":1.0,"key":"PowerPotion"},{"floor":2.0,"key":"Fire Potion"},{"floor":2.0,"key":"DuplicationPotion"},{"floor":7.0,"key":"ElixirPotion"},{"floor":14.0,"key":"Block Potion"},{"floor":16,"key":"GamblersBrew"},{"floor":19,"key":"AttackPotion"},{"floor":28,"key":"ColorlessPotion"}],"is_trial":false,"path_per_floor":["M","?","$","M","M","R","E","R","T","$","?","?","M","M","R","B",null,"M","M","?","M","?","R","$","M","T","R","M","M"],"character_chosen":"IRONCLAD","items_purchased":[],"campfire_rested":2,"item_purchase_floors":[],"current_hp_per_floor":[79,79,79,75,60,60,45,45,45,45,45,50,46,46,85,27,85,67,41,32,16,16,56,56,45,45,45,28,0,0],"gold":170,"neow_bonus":"RANDOM_COLORLESS","is_daily":false,"chose_seed":false,"campfire_upgraded":3,"win_rate":0.0,"timestamp":1611681896,"path_taken":["M","?","$","?","M","R","E","R","T","$","?","?","?","M","R","BOSS","M","M","?","M","?","R","?","M","T","R","M","M"],"items_purchased_type":[],"build_version":"2020-12-22","purchased_purges":3,"victory":false,"max_hp_per_floor":[80,80,80,80,80,80,80,80,80,80,80,85,85,85,85,85,85,85,85,85,85,85,85,85,85,85,85,85,85,85],"card_choices":[{"not_picked":["Trip","Discovery"],"picked":"Finesse","floor":0.0},{"not_picked":["Twin Strike","Dark Embrace"],"picked":"Ghostly Armor","floor":1.0},{"not_picked":["Twin Strike","Thunderclap"],"picked":"Shrug It Off","floor":4.0},{"not_picked":["Ghostly Armor","Bloodletting"],"picked":"True Grit","floor":5.0},{"not_picked":["Double Tap","Anger"],"picked":"Rampage","floor":7.0},{"not_picked":["Heavy Blade","Spot Weakness"],"picked":"Pommel Strike","floor":13.0},{"not_picked":["Perfected Strike","Sword Boomerang","Anger"],"picked":"SKIP","floor":14.0},{"not_picked":["Reaper","Immolate"],"picked":"Corruption","floor":16},{"not_picked":["Armaments","Rupture"],"picked":"Clash+1","floor":18},{"not_picked":["Heavy Blade","Havoc"],"picked":"Dark Embrace+1","floor":19},{"not_picked":["Sword Boomerang","Iron Wave"],"picked":"True Grit+1","floor":21},{"not_picked":["Body Slam+1","Armaments+1","Clash"],"picked":"SKIP","floor":25},{"not_picked":["Anger","Hemokinesis"],"picked":"Rampage","floor":28}],"player_experience":167807,"relics_obtained":[{"floor":7.0,"key":"CeramicFish"},{"floor":9.0,"key":"Regal Pillow"},{"floor":26,"key":"War Paint"}],"event_choices":[{"damage_healed":0.0,"max_hp_gain":0.0,"max_hp_loss":0.0,"gold_gain":0.0,"event_name":"The Woman in Blue","player_choice":"Bought 3 Potions","floor":2.0,"gold_loss":0.0,"damage_taken":0.0},{"damage_healed":0.0,"max_hp_gain":0.0,"max_hp_loss":0.0,"gold_gain":0.0,"event_name":"Dead Adventurer","player_choice":"Searched \u00270\u0027 times","floor":11.0,"gold_loss":0.0,"damage_taken":0.0},{"damage_healed":0.0,"max_hp_gain":5.0,"max_hp_loss":0.0,"gold_gain":0.0,"event_name":"Big Fish","player_choice":"Donut","floor":12.0,"gold_loss":0.0,"damage_taken":0.0},{"damage_healed":0,"gold_gain":0,"player_choice":"Stopped","damage_taken":9,"max_hp_gain":0,"max_hp_loss":0,"event_name":"Cursed Tome","floor":20,"gold_loss":0},{"damage_healed":0,"gold_gain":0,"player_choice":"Inject Mutagens","damage_taken":0,"relics_obtained":["MutagenicStrength"],"max_hp_gain":0,"max_hp_loss":0,"event_name":"Drug Dealer","floor":22,"gold_loss":0}],"is_beta":false,"boss_relics":[{"not_picked":["Tiny House","Cursed Key"],"picked":"Black Star"}],"items_purged_floors":[3,10,24],"is_endless":false,"potions_floor_spawned":[1,7,14,16,19,28],"killed_by":"Cultist and Chosen","ascension_level":2}}