{"host":"x8sop9v6zw8yitbt","time":1611633291,"event":{"mods":["BaseMod","Best Route Mod","Block Reminder","Colored Powertips","Dark Map","DeckTracker","Minty Spire (QoL Compilation)","Permanent Neow","Quick Restart","Relic Stats","Slay-I","StSLib"],"gold_per_floor":[114,114,125,45,57,57,86,86,86,86,115,115,147,162,162,261,261,276,289,289,301,320,320,353,353,353,385,23,23,23,23,23,125,125,141,91,91,102,102,133,133,164,164,199,199,234,246,265,265,265],"floor_reached":51,"language":"ENG","playtime":1715,"items_purged":["Defend_G","Strike_G"],"score":962,"play_id":"3359f5fd-6180-43ca-aa57-03725e5ee226","local_time":"20210125225451","is_ascension_mode":true,"campfire_choices":[{"data":"Terror","floor":6.0,"key":"SMITH"},{"data":"Neutralize","floor":8.0,"key":"SMITH"},{"data":"Dramatic Entrance","floor":10.0,"key":"SMITH"},{"data":"Backstab","floor":12.0,"key":"SMITH"},{"data":"Accuracy","floor":15.0,"key":"SMITH"},{"data":"Finisher","floor":23.0,"key":"SMITH"},{"data":"Blade Dance","floor":25.0,"key":"SMITH"},{"data":"Leg Sweep","floor":30.0,"key":"SMITH"},{"data":"Quick Slash","floor":32.0,"key":"SMITH"},{"floor":41.0,"key":"REST"},{"floor":49.0,"key":"REST"}],"circlet_count":0,"master_deck":["Strike_G","Strike_G","Strike_G","Defend_G","Defend_G","Defend_G","Defend_G","Survivor","Neutralize+1","Dramatic Entrance+1","Terror+1","Infinite Blades","Quick Slash+1","Accuracy+1","Backstab+1","Blade Dance+1","Leg Sweep+1","Footwork+1","Finisher+1","Burst+1","Adrenaline+1","Deflect+1","Backflip+1","Accuracy+1"],"relics":["Ring of the Snake","Ornamental Fan","Blue Candle","Pear","Question Card","Black Star","Smiling Mask","Bottled Tornado","StoneCalendar","Happy Flower","Tiny Chest","Ginger","SlaversCollar","Molten Egg 2","Centennial Puzzle","Ninja Scroll","Mercury Hourglass","Tough Bandages","Bottled Lightning","PreservedInsect","Darkstone Periapt","Singing Bowl","Regal Pillow"],"acts_visited":["Exordium","TheCity","TheBeyond"],"potions_floor_usage":[50,50,50],"damage_taken":[{"damage":0.0,"enemies":"Jaw Worm","floor":1.0,"turns":4.0},{"damage":0.0,"enemies":"Cultist","floor":3.0,"turns":5.0},{"damage":7.0,"enemies":"Small Slimes","floor":5.0,"turns":2.0},{"damage":27.0,"enemies":"3 Sentries","floor":7.0,"turns":9.0},{"damage":4.0,"enemies":"Lagavulin","floor":11.0,"turns":5.0},{"damage":4.0,"enemies":"3 Sentries","floor":13.0,"turns":6.0},{"damage":0.0,"enemies":"Blue Slaver","floor":14.0,"turns":1.0},{"damage":25.0,"enemies":"Slime Boss","floor":16.0,"turns":7.0},{"damage":3.0,"enemies":"Shell Parasite","floor":18.0,"turns":4.0},{"damage":11.0,"enemies":"Spheric Guardian","floor":19.0,"turns":4.0},{"damage":10.0,"enemies":"Snecko","floor":21.0,"turns":4.0},{"damage":8.0,"enemies":"Cultist and Chosen","floor":22.0,"turns":5.0},{"damage":20.0,"enemies":"Slavers","floor":24.0,"turns":6.0},{"damage":18.0,"enemies":"Book of Stabbing","floor":27.0,"turns":7.0},{"damage":17.0,"enemies":"Champ","floor":33.0,"turns":9.0},{"damage":4.0,"enemies":"3 Darklings","floor":35.0,"turns":4.0},{"damage":23.0,"enemies":"3 Shapes","floor":38.0,"turns":4.0},{"damage":24.0,"enemies":"Nemesis","floor":40.0,"turns":7.0},{"damage":0.0,"enemies":"Reptomancer","floor":42.0,"turns":4.0},{"damage":0.0,"enemies":"Giant Head","floor":44.0,"turns":4.0},{"damage":0.0,"enemies":"Reptomancer","floor":46.0,"turns":2.0},{"damage":0.0,"enemies":"Jaw Worm Horde","floor":47.0,"turns":2.0},{"damage":2.0,"enemies":"Sphere and 2 Shapes","floor":48.0,"turns":3.0},{"damage":11,"enemies":"Awakened One","floor":50,"turns":13}],"seed_played":"-7893188754175857113","potions_obtained":[{"floor":5.0,"key":"FearPotion"},{"floor":7.0,"key":"Poison Potion"},{"floor":14.0,"key":"Regen Potion"},{"floor":24.0,"key":"DuplicationPotion"},{"floor":33.0,"key":"Explosive Potion"},{"floor":38.0,"key":"PowerPotion"}],"is_trial":false,"path_per_floor":["M","?","M","$","M","R","E","R","T","R","E","R","E","M","R","B",null,"M","M","?","M","M","R","E","R","T","E","$","?","R","?","R","B",null,"M","$","?","M","T","E","R","E","T","E","?","E","M","M","R","B",null],"character_chosen":"THE_SILENT","items_purchased":["Accuracy","Ginger"],"campfire_rested":2,"item_purchase_floors":[4,28],"current_hp_per_floor":[70,70,70,70,63,63,36,36,36,36,42,42,38,38,38,13,80,77,66,66,56,48,48,43,43,43,25,25,25,25,25,25,8,80,76,76,76,53,53,29,53,53,53,53,53,55,55,55,84,73],"gold":265,"neow_bonus":"RANDOM_COLORLESS","is_daily":false,"chose_seed":false,"campfire_upgraded":9,"win_rate":0.0,"timestamp":1611633291,"path_taken":["M","?","?","$","M","R","E","R","T","R","E","R","E","M","R","BOSS","M","M","?","M","M","R","E","R","T","E","$","?","R","?","R","BOSS","M","$","?","M","?","E","R","E","T","E","?","E","M","?","R","BOSS"],"items_purchased_type":["Card","Relic"],"build_version":"2020-12-22","purchased_purges":2,"victory":true,"max_hp_per_floor":[70,70,70,70,70,70,70,70,70,70,80,80,80,80,80,80,80,80,80,80,80,80,80,80,80,80,80,80,80,80,80,80,80,80,80,80,80,80,80,80,80,80,80,80,80,82,82,84,84,84],"relic_stats":{"Darkstone Periapt":0,"Regal Pillow":4,"Happy Flower":[17],"Singing Bowl":4,"counters":[24,121],"Blue Candle":[0],"StoneCalendar":[81],"PreservedInsect":57,"Ginger":[3],"Question Card":17,"Smiling Mask":75,"Mercury Hourglass":[78],"Centennial Puzzle":[6],"Tough Bandages":[3],"Ornamental Fan":[320],"Tiny Chest":1,"Black Star":6,"obtain_stats":[{"Darkstone Periapt":44,"Regal Pillow":46,"Pear":11,"Happy Flower":27,"Singing Bowl":46,"Blue Candle":9,"StoneCalendar":26,"PreservedInsect":44,"Ginger":28,"Bottled Tornado":24,"Question Card":13,"Smiling Mask":24,"Mercury Hourglass":42,"SlaversCollar":34,"Centennial Puzzle":40,"Tough Bandages":42,"Ornamental Fan":7,"Ninja Scroll":40,"Tiny Chest":27,"Molten Egg 2":39,"Black Star":17,"Bottled Lightning":43,"Ring of the Snake":0},{"Darkstone Periapt":20,"Regal Pillow":21,"Pear":5,"Happy Flower":14,"Singing Bowl":21,"Blue Candle":4,"StoneCalendar":13,"PreservedInsect":20,"Ginger":14,"Bottled Tornado":13,"Question Card":6,"Smiling Mask":13,"Mercury Hourglass":19,"SlaversCollar":15,"Centennial Puzzle":18,"Tough Bandages":19,"Ornamental Fan":4,"Ninja Scroll":18,"Tiny Chest":14,"Molten Egg 2":17,"Black Star":8,"Bottled Lightning":19,"Ring of the Snake":0},{"Darkstone Periapt":101,"Regal Pillow":103,"Pear":25,"Happy Flower":69,"Singing Bowl":103,"Blue Candle":20,"StoneCalendar":62,"PreservedInsect":101,"Ginger":69,"Bottled Tornado":62,"Question Card":31,"Smiling Mask":62,"Mercury Hourglass":97,"SlaversCollar":78,"Centennial Puzzle":93,"Tough Bandages":97,"Ornamental Fan":20,"Ninja Scroll":93,"Tiny Chest":69,"Molten Egg 2":86,"Black Star":39,"Bottled Lightning":97,"Ring of the Snake":0}],"Ring of the Snake":[48]},"card_choices":[{"not_picked":["Mind Blast","Purity"],"picked":"Dramatic Entrance","floor":0.0},{"not_picked":["Backflip","Cloak And Dagger"],"picked":"Terror","floor":1.0},{"not_picked":["Deflect","PiercingWail"],"picked":"Quick Slash","floor":3.0},{"not_picked":["Eviscerate","Dodge and Roll"],"picked":"Backstab","floor":5.0},{"not_picked":["Choke","Caltrops","Underhanded Strike"],"picked":"SKIP","floor":7.0},{"not_picked":["Phantasmal Killer","Setup","Expertise"],"picked":"SKIP","floor":11.0},{"not_picked":["Flying Knee","Dodge and Roll"],"picked":"Blade Dance","floor":13.0},{"not_picked":["Prepared","Quick Slash","Endless Agony","Underhanded Strike"],"picked":"SKIP","floor":14.0},{"not_picked":["Backflip","All Out Attack","Dagger Spray"],"picked":"Leg Sweep","floor":18.0},{"not_picked":["Heel Hook","Quick Slash","Cloak And Dagger"],"picked":"Footwork+1","floor":19.0},{"not_picked":["Deadly Poison","Bane","Slice"],"picked":"Finisher","floor":21.0},{"not_picked":["Catalyst+1","Caltrops","Outmaneuver+1","Endless Agony"],"picked":"SKIP","floor":22.0},{"not_picked":["Deadly Poison","Sucker Punch+1","Outmaneuver","Deflect+1"],"picked":"SKIP","floor":24.0},{"not_picked":["Riddle With Holes","Noxious Fumes","Outmaneuver"],"picked":"Burst","floor":27.0},{"not_picked":["A Thousand Cuts","Tools of the Trade","Phantasmal Killer"],"picked":"Adrenaline","floor":33.0},{"not_picked":["Flying Knee+1","Expertise+1","Dagger Throw","Outmaneuver+1"],"picked":"SKIP","floor":35.0},{"not_picked":["Acrobatics","Well Laid Plans","Quick Slash"],"picked":"Deflect+1","floor":38.0},{"not_picked":["All Out Attack+1","Leg Sweep+1","Unload+1"],"picked":"Backflip+1","floor":40.0},{"not_picked":["Underhanded Strike+1","Acrobatics","Dagger Spray+1","Flechettes+1"],"picked":"SKIP","floor":42.0},{"not_picked":["Calculated Gamble","Underhanded Strike+1","Outmaneuver+1","Glass Knife+1"],"picked":"SKIP","floor":44.0},{"not_picked":["Deflect+1","Crippling Poison","Acrobatics+1","Catalyst+1"],"picked":"Singing Bowl","floor":46.0},{"not_picked":["Poisoned Stab+1","Slice+1","Blade Dance"],"picked":"Accuracy+1","floor":47.0},{"not_picked":["Concentrate","Reflex","Sucker Punch+1","Dagger Throw+1"],"picked":"Singing Bowl","floor":48.0}],"player_experience":856931,"relics_obtained":[{"floor":7.0,"key":"Ornamental Fan"},{"floor":9.0,"key":"Blue Candle"},{"floor":11.0,"key":"Pear"},{"floor":13.0,"key":"Question Card"},{"floor":24.0,"key":"Smiling Mask"},{"floor":24.0,"key":"Bottled Tornado"},{"floor":26.0,"key":"StoneCalendar"},{"floor":27.0,"key":"Happy Flower"},{"floor":27.0,"key":"Tiny Chest"},{"floor":39.0,"key":"Molten Egg 2"},{"floor":40.0,"key":"Centennial Puzzle"},{"floor":40.0,"key":"Ninja Scroll"},{"floor":42.0,"key":"Mercury Hourglass"},{"floor":42.0,"key":"Tough Bandages"},{"floor":43.0,"key":"Bottled Lightning"},{"floor":44.0,"key":"PreservedInsect"},{"floor":44.0,"key":"Darkstone Periapt"},{"floor":46.0,"key":"Singing Bowl"},{"floor":46.0,"key":"Regal Pillow"}],"event_choices":[{"damage_healed":0.0,"max_hp_gain":0.0,"max_hp_loss":0.0,"gold_gain":0.0,"cards_transformed":["Strike_G"],"event_name":"Transmorgrifier","player_choice":"Transformed","floor":2.0,"gold_loss":0.0,"damage_taken":0.0,"cards_obtained":["Infinite Blades"]},{"damage_healed":0.0,"max_hp_gain":0.0,"max_hp_loss":0.0,"gold_gain":0.0,"event_name":"Ghosts","player_choice":"Ignored","floor":20.0,"gold_loss":0.0,"damage_taken":0.0},{"damage_healed":0.0,"max_hp_gain":0.0,"max_hp_loss":0.0,"gold_gain":0.0,"event_name":"Vampires","player_choice":"Ignored","floor":29.0,"gold_loss":0.0,"damage_taken":0.0},{"damage_healed":0.0,"max_hp_gain":0.0,"max_hp_loss":0.0,"gold_gain":0.0,"event_name":"Upgrade Shrine","player_choice":"Upgraded","floor":31.0,"gold_loss":0.0,"damage_taken":0.0,"cards_upgraded":["Burst"]},{"damage_healed":0.0,"max_hp_gain":0.0,"max_hp_loss":0.0,"gold_gain":0.0,"event_name":"Accursed Blacksmith","player_choice":"Forge","floor":37.0,"gold_loss":0.0,"damage_taken":0.0,"cards_upgraded":["Adrenaline"]},{"damage_healed":0.0,"max_hp_gain":0.0,"max_hp_loss":0.0,"gold_gain":0.0,"event_name":"NoteForYourself","player_choice":"Ignored","floor":45.0,"gold_loss":0.0,"damage_taken":0.0}],"is_beta":false,"boss_relics":[{"not_picked":["Tiny House","Fusion Hammer"],"picked":"Black Star"},{"not_picked":["Calling Bell","Sozu"],"picked":"SlaversCollar"}],"items_purged_floors":[28,36],"is_endless":false,"potions_floor_spawned":[5,7,14,16,18,24,33,38,47],"ascension_level":1}}