{"host":"k5yjj86hwv5qv2gx","time":1611693341,"event":{"mods":["BaseMod","BetterRewards","Minty Spire (QoL Compilation)","StSLib"],"gold_per_floor":[111,111,56,36,47,79,79,104,104,117,150,22,35,48,48,121,121,138,156,21,34,34,34,59,59,59,59,59],"floor_reached":27,"language":"ENG","playtime":1263,"items_purged":["Strike_G"],"score":552,"play_id":"14ec4905-9ff3-4ca2-9e93-97e53fde3cca","local_time":"20210126123541","is_ascension_mode":true,"campfire_choices":[{"data":"Neutralize","floor":7.0,"key":"SMITH"},{"data":"Terror","floor":15.0,"key":"SMITH"},{"data":"Bouncing Flask","floor":23.0,"key":"SMITH"},{"floor":25.0,"key":"RECALL"}],"circlet_count":0,"master_deck":["AscendersBane","Strike_G+1","Strike_G+1","Strike_G","Strike_G","Defend_G","Defend_G","Defend_G","Defend_G","Defend_G","Survivor","Neutralize+1","Backstab","Dagger Throw","PiercingWail","Dagger Throw","Dodge and Roll","Terror+1","Backflip","After Image","Bouncing Flask+1","Backflip","Predator","PiercingWail","Dodge and Roll","Deflect"],"relics":["Ring of the Snake","NeowsBlessing","Eternal Feather","Vajra","Whetstone","Bronze Scales","Orichalcum","Coffee Dripper","The Courier"],"acts_visited":["Exordium","TheCity"],"potions_floor_usage":[27],"damage_taken":[{"damage":0.0,"enemies":"Jaw Worm","floor":1.0,"turns":1.0},{"damage":0.0,"enemies":"Small Slimes","floor":5.0,"turns":1.0},{"damage":0.0,"enemies":"Lagavulin","floor":6.0,"turns":1.0},{"damage":17.0,"enemies":"3 Sentries","floor":8.0,"turns":8.0},{"damage":0.0,"enemies":"Cultist","floor":10.0,"turns":2.0},{"damage":13.0,"enemies":"Lagavulin","floor":11.0,"turns":6.0},{"damage":3.0,"enemies":"Exordium Thugs","floor":13.0,"turns":4.0},{"damage":0.0,"enemies":"Lots of Slimes","floor":14.0,"turns":4.0},{"damage":2.0,"enemies":"The Guardian","floor":16.0,"turns":12.0},{"damage":11.0,"enemies":"Chosen","floor":18.0,"turns":6.0},{"damage":10.0,"enemies":"Shell Parasite","floor":19.0,"turns":5.0},{"damage":24.0,"enemies":"Snecko","floor":21.0,"turns":6.0},{"damage":2.0,"enemies":"Book of Stabbing","floor":24.0,"turns":5.0},{"damage":24,"enemies":"Gremlin Leader","floor":27,"turns":8}],"seed_played":"1170077315427830205","potions_obtained":[{"floor":1.0,"key":"Fire Potion"},{"floor":14.0,"key":"Dexterity Potion"},{"floor":16.0,"key":"ColorlessPotion"},{"floor":24.0,"key":"SpeedPotion"}],"is_trial":false,"path_per_floor":["M","?","$","?","M","E","R","E","T","M","E","$","M","M","R","B",null,"M","M","$","M","$","R","E","R","T","E"],"character_chosen":"THE_SILENT","items_purchased":["PowerPotion","Strength Potion","Predator","PiercingWail"],"campfire_rested":0,"item_purchase_floors":[3,12,20,20],"current_hp_per_floor":[59,54,54,54,54,54,63,46,46,46,33,33,30,30,39,37,59,48,38,38,14,14,29,27,42,42,18,18],"gold":59,"neow_bonus":"THREE_ENEMY_KILL","is_daily":false,"chose_seed":false,"campfire_upgraded":3,"win_rate":0.0,"timestamp":1611693341,"path_taken":["M","?","?","?","M","E","R","E","T","?","E","?","M","?","R","BOSS","M","M","$","M","?","R","E","R","T","E"],"items_purchased_type":["Potion","Potion","Card","Card"],"build_version":"2020-12-22","purchased_purges":1,"victory":false,"max_hp_per_floor":[66,66,66,66,66,66,66,66,66,66,66,66,66,66,66,66,66,66,66,66,66,66,66,66,66,66,66,66],"card_choices":[{"not_picked":["Acrobatics","Finisher"],"picked":"Backstab","floor":1.0},{"not_picked":["Flechettes","Catalyst"],"picked":"Dagger Throw","floor":5.0},{"not_picked":["Dagger Spray","Reflex"],"picked":"PiercingWail","floor":6.0},{"not_picked":["Infinite Blades","Underhanded Strike"],"picked":"Dagger Throw","floor":8.0},{"not_picked":["Poisoned Stab","Deflect"],"picked":"Dodge and Roll","floor":10.0},{"not_picked":["Choke","Underhanded Strike","Acrobatics"],"picked":"SKIP","floor":11.0},{"not_picked":["Tactician","Quick Slash"],"picked":"Terror","floor":13.0},{"not_picked":["PiercingWail","Blade Dance"],"picked":"Backflip","floor":14.0},{"not_picked":["Unload","A Thousand Cuts"],"picked":"After Image","floor":16.0},{"not_picked":["Finisher+1","Prepared+1"],"picked":"Bouncing Flask","floor":18.0},{"not_picked":["Blade Dance","Dagger Spray"],"picked":"Backflip","floor":19.0},{"not_picked":["Sucker Punch","Backstab"],"picked":"Dodge and Roll","floor":21.0},{"not_picked":["Bouncing Flask","Slice+1"],"picked":"Deflect","floor":24.0}],"player_experience":1127805,"relics_obtained":[{"floor":6.0,"key":"Vajra"},{"floor":8.0,"key":"Whetstone"},{"floor":9.0,"key":"Bronze Scales"},{"floor":11.0,"key":"Orichalcum"},{"floor":24.0,"key":"The Courier"}],"event_choices":[{"damage_healed":0.0,"max_hp_gain":0.0,"max_hp_loss":0.0,"gold_gain":0.0,"event_name":"Scrap Ooze","player_choice":"Success","floor":2.0,"gold_loss":0.0,"damage_taken":5.0,"relics_obtained":["Eternal Feather"]},{"damage_healed":0.0,"max_hp_gain":0.0,"max_hp_loss":0.0,"gold_gain":0.0,"event_name":"The Woman in Blue","player_choice":"Bought 1 Potion","floor":4.0,"gold_loss":0.0,"damage_taken":0.0}],"is_beta":false,"boss_relics":[{"not_picked":["WristBlade","HoveringKite"],"picked":"Coffee Dripper"}],"items_purged_floors":[12],"is_endless":false,"potions_floor_spawned":[1,6,14,16,18,24],"killed_by":"Gremlin Leader","ascension_level":20}}