{"host":"s125e4bodcwm0i3t","time":1611645872,"event":{"mods":["BaseMod","Hermit","Infinite Spire","Minty Spire (QoL Compilation)","Quick Restart","Replay The Spire","StSLib","The Cursed"],"gold_per_floor":[114,129,304,304,304,304,152,152,186,186,209,228,245,13,41,41,41,139,139,152,168,168,168,188,205,205,205],"floor_reached":26,"language":"ENG","playtime":1088,"items_purged":["TheCursedMod:Strike_TheCursed","TheCursedMod:Strike_TheCursed"],"score":265,"play_id":"3908ce95-5364-4fbd-abb8-181d0768d8a1","local_time":"20210126022432","is_ascension_mode":true,"campfire_choices":[{"data":"TheCursedMod:VoidForm","floor":8,"key":"SMITH"},{"data":"TheCursedMod:Hemoplague","floor":10,"key":"SMITH"},{"floor":17,"key":"REST"}],"circlet_count":0,"master_deck":["TheCursedMod:Strike_TheCursed","TheCursedMod:Defend_TheCursed","TheCursedMod:Defend_TheCursed","TheCursedMod:Defend_TheCursed","TheCursedMod:Defend_TheCursed","TheCursedMod:CursedWand","TheCursedMod:CleanUpWorkshop","TheCursedMod:Dregs","TheCursedMod:CircleOfCorruption","TheCursedMod:CircleOfCorruption","Doubt","TheCursedMod:VoidForm+1","TheCursedMod:CursedStaff","TheCursedMod:Obscuration","TheCursedMod:Hemoplague+1","TheCursedMod:WearCloak","TheCursedMod:SpitefulStrike","TheCursedMod:CursedBlade","TheCursedMod:HellfireBreathing","TheCursedMod:HellsGateOpen","TheCursedMod:RapidMovement","TheCursedMod:CursedBlade","TheCursedMod:CursedSpellbook","TheCursedMod:ManaCirculation","CurseOfTheBell","Pot Of Greed","Pot Of Greed","Pot Of Greed","TheCursedMod:CursedAmulet","TheCursedMod:WearCloak","infinitespire:Menacing","TheCursedMod:HellfireBreathing","TheCursedMod:RapidMovement"],"relics":["TheCursedMod:BlackMagic101","NeowsBlessing","Orrery","StrikeDummy","Bag of Marbles","Bottled Lightning","Calling Bell","Grinning Jar","Meat on the Bone","Torii","Membership Card","GremlinMask"],"acts_visited":["Exordium","TheCity"],"potions_floor_usage":[24,25,25,26],"damage_taken":[{"damage":0,"enemies":"Small Slimes","floor":1,"turns":1},{"damage":0,"enemies":"Jaw Worm","floor":2,"turns":1},{"damage":0,"enemies":"Lagavulin","floor":9,"turns":4},{"damage":0,"enemies":"2 Louse","floor":12,"turns":2},{"damage":10,"enemies":"Exordium Wildlife","floor":13,"turns":3},{"damage":23,"enemies":"Gremlin Nob","floor":15,"turns":4},{"damage":32,"enemies":"Slime Boss","floor":18,"turns":7},{"damage":25,"enemies":"Chosen","floor":20,"turns":5},{"damage":9,"enemies":"3 Byrds","floor":21,"turns":3},{"damage":40,"enemies":"Snake Plant","floor":24,"turns":5},{"damage":8,"enemies":"Shelled Parasite and Fungi","floor":25,"turns":6},{"damage":18,"enemies":"Gremlin Leader","floor":26,"turns":2}],"seed_played":"335591278207827254","potions_obtained":[{"floor":1,"key":"Ancient Potion"},{"floor":15,"key":"Elixir"},{"floor":18,"key":"FearPotion"},{"floor":20,"key":"BlessingOfTheForge"},{"floor":25,"key":"GamblersBrew"}],"is_trial":false,"path_per_floor":["M","M","?","PTL","PTL","?","$","R","E","R","T","M","M","$","E","?","R","B",null,"M","M","AVR","?","M","M","E"],"character_chosen":"THE_CURSED","items_purchased":["Orrery","TheCursedMod:HellsGateOpen","TheCursedMod:RapidMovement","TheCursedMod:CursedBlade"],"campfire_rested":1,"item_purchase_floors":[7,14,14,14],"current_hp_per_floor":[75,75,75,75,75,75,75,75,75,75,75,75,65,65,42,42,64,32,75,50,41,41,41,13,17,0,0],"gold":205,"neow_bonus":"THREE_ENEMY_KILL","is_daily":false,"chose_seed":false,"campfire_upgraded":2,"win_rate":0.0,"timestamp":1611645872,"path_taken":["M","M","?","PTL","PTL","?","?","R","E","R","T","M","M","$","E","?","R","BOSS","M","M","AVR","?","M","M","E"],"items_purchased_type":["Relic","Card","Card","Card"],"build_version":"2020-12-22","purchased_purges":2,"victory":false,"max_hp_per_floor":[75,75,75,75,75,75,75,75,75,75,75,75,75,75,75,75,75,75,75,75,75,75,75,75,75,75,75],"card_choices":[{"not_picked":["TheCursedMod:Stretching","TheCursedMod:Obscuration"],"picked":"TheCursedMod:CircleOfCorruption","floor":1},{"not_picked":["TheCursedMod:EmpowerCircles","TheCursedMod:BloodBarrier"],"picked":"TheCursedMod:CircleOfCorruption","floor":2},{"not_picked":["TheCursedMod:HellfireBreathing","TheCursedMod:RavingStaff"],"picked":"TheCursedMod:VoidForm","floor":7},{"not_picked":["TheCursedMod:WearCloak","TheCursedMod:CursedBoomerang"],"picked":"TheCursedMod:CursedStaff","floor":7},{"not_picked":["TheCursedMod:CircleOfCorruption","TheCursedMod:CursedArmor"],"picked":"TheCursedMod:Obscuration","floor":7},{"not_picked":["TheCursedMod:AbyssShockwave","TheCursedMod:CursedShiv"],"picked":"TheCursedMod:Hemoplague","floor":7},{"not_picked":["TheCursedMod:SpitefulPlan","TheCursedMod:CircleOfCorruption"],"picked":"TheCursedMod:WearCloak","floor":7},{"not_picked":["TheCursedMod:ShockAndAwe","TheCursedMod:VitalStrike"],"picked":"TheCursedMod:SpitefulStrike","floor":9},{"not_picked":["TheCursedMod:VitalStrike","TheCursedMod:Obscuration"],"picked":"TheCursedMod:CursedBlade","floor":12},{"not_picked":["TheCursedMod:Stigma","TheCursedMod:SpitefulStrike"],"picked":"TheCursedMod:HellfireBreathing","floor":13},{"not_picked":["TheCursedMod:CircleOfAmplification","TheCursedMod:ManaBullet"],"picked":"TheCursedMod:CursedSpellbook","floor":15},{"not_picked":["TheCursedMod:UltimatePain","TheCursedMod:ShockAndAwe"],"picked":"TheCursedMod:ManaCirculation","floor":18},{"not_picked":["TheCursedMod:HellsGateOpen+1","TheCursedMod:TacticalStrike"],"picked":"TheCursedMod:CursedAmulet","floor":20},{"not_picked":["TheCursedMod:FleshFromBone+1","TheCursedMod:DoubleShield"],"picked":"TheCursedMod:WearCloak","floor":21},{"not_picked":["TheCursedMod:CursedStaff","TheCursedMod:Stretching"],"picked":"TheCursedMod:HellfireBreathing","floor":24},{"not_picked":["TheCursedMod:HellsGateOpen+1","TheCursedMod:AbyssShockwave+1"],"picked":"TheCursedMod:RapidMovement","floor":25}],"player_experience":288603,"relics_obtained":[{"floor":9,"key":"StrikeDummy"},{"floor":11,"key":"Bag of Marbles"},{"floor":15,"key":"Bottled Lightning"},{"floor":19,"key":"Grinning Jar"},{"floor":19,"key":"Meat on the Bone"},{"floor":19,"key":"Torii"}],"event_choices":[{"damage_healed":0,"gold_gain":175,"player_choice":"AGREE","damage_taken":0,"max_hp_gain":0,"max_hp_loss":0,"event_name":"Liars Game","floor":3,"gold_loss":0,"cards_obtained":["Doubt"]},{"damage_healed":0,"gold_gain":0,"player_choice":"Trade","damage_taken":0,"relics_obtained":["GremlinMask"],"max_hp_gain":0,"max_hp_loss":0,"event_name":"FaceTrader","floor":23,"gold_loss":0}],"is_beta":false,"boss_relics":[{"not_picked":["Painkiller Herb","Ring of Chaos"],"picked":"Calling Bell"}],"items_purged_floors":[14,22],"is_endless":false,"potions_floor_spawned":[1,15,18,20,25],"killed_by":"Gremlin Leader","ascension_level":2}}