{"host":"9nrmtysnr3vignd7","time":1611655300,"event":{"mods":["2.2 Compatiblity","AchievementEnabler","Act Like it!","BaseMod","Beaked The Cultist","BetterRewards","Block Reminder","Dota2Spire","Downfall","Duelist Mod","Energized Spire","Friendly Minions","Hallownest","Hermit","Highlight Path","Hubris","Infinite Spire","Koishi","Mari Mod (Legacy)","Mari\u0027s V1 Patch","Marisa????????","Minty Spire (QoL Compilation)","Prisma Mod","Quick Restart","Rare Cards Sparkle","Relic Sorter","Relic Stats","Replay The Spire","Retaliation","RumiaBox-????????","SCP261 Mod","SOS???????","Shop Mod","StSLib","Synergy Search","Td1madao Mod","The Alterego","The Bladedancer","The Blue Laboratory","The Bug Knight","The Construct","The Cursed","The Death Knight","The Disciple","The Edgeheg","The Gatherer","The Hierophant","The Marked","The Necromancer","The Runesmith","The Senshi","The Wild Card","TheHeartMod","TheSwordswoman","Waifu the Spire","Yakumo Yukari mod","Yuri Mod","Yuyuko","everything is the same but u backflip on backflip","slay the spire mod where everything is the same but ironclad has a cowboy hat","???Mod??????Boss"],"gold_per_floor":[330,344,41,41,61,61,88,88,88,88,105,105,118,132,132,231,231,246,263,277,277,277,277,297,297,322,322,338,338,8,24,107,107,107],"floor_reached":33,"language":"ENG","playtime":4147,"items_purged":["theDuelist:CursedBill","theEdgeheg:UseAndThrow"],"score":274,"play_id":"76f407e0-4195-4c99-ba33-f87b47e44655","local_time":"20210126040140","is_ascension_mode":false,"campfire_choices":[{"data":"theEdgeheg:BadassArsenal","floor":6.0,"key":"SMITH"},{"data":"theEdgeheg:DieDieDie","floor":8.0,"key":"SMITH"},{"data":"theEdgeheg:BetterShoot","floor":10.0,"key":"SMITH"},{"data":"theEdgeheg:StarterDodgeSkill","floor":12.0,"key":"SMITH"},{"data":"theEdgeheg:ChaosGrenade","floor":15.0,"key":"SMITH"},{"data":"theEdgeheg:Birthday","floor":23,"key":"SMITH"},{"floor":25,"key":"REST"},{"floor":27,"key":"REST"}],"circlet_count":0,"master_deck":["theEdgeheg:StarterShootAttack","theEdgeheg:StarterShootAttack","theEdgeheg:StarterShootAttack","theEdgeheg:StarterShootAttack","theEdgeheg:StarterDodgeSkill","theEdgeheg:StarterDodgeSkill","theEdgeheg:StarterDodgeSkill+1","theEdgeheg:BloodyKatana","theEdgeheg:ChaosControlSkill","theEdgeheg:GatherChaos","theEdgeheg:HappiestTimmy","theEdgeheg:CoolExplosion+1","theEdgeheg:EmeraldGirlfriend","theEdgeheg:BadassArsenal+1","theEdgeheg:BetterShoot+1","theEdgeheg:RedGun","theEdgeheg:Birthday+1","theEdgeheg:DieDieDie+1","theEdgeheg:RuleOfCool","theEdgeheg:TimmyBackflip","theEdgeheg:ChaosGrenade+1","theEdgeheg:HappyTimmy","theEdgeheg:Butt+1","theEdgeheg:BadassArsenal","theEdgeheg:CoolExplosion+1","theEdgeheg:ChaosGrenade+1","theEdgeheg:ChaosWhip","theEdgeheg:BetterShoot","theEdgeheg:ChaosEnergyKatana","theEdgeheg:BlankCard","theEdgeheg:BlackKatana"],"relics":["theEdgeheg:UltimateLifeformRelic","Dota2Spire:RefresherOrb","theEdgeheg:GreenEmeraldRelic","StoneCalendar","Vajra","hubris:TerracottaHorce","Happy Flower","MerchantsRug","BargainBundle"],"acts_visited":["Exordium","TheCity"],"potions_floor_usage":[33],"damage_taken":[{"damage":0.0,"enemies":"Jaw Worm","floor":1.0,"turns":6.0},{"damage":1.0,"enemies":"Cultist","floor":2.0,"turns":5.0},{"damage":0.0,"enemies":"Small Slimes","floor":5.0,"turns":3.0},{"damage":0.0,"enemies":"Lagavulin","floor":7.0,"turns":5.0},{"damage":0.0,"enemies":"3 Louse","floor":11.0,"turns":3.0},{"damage":0.0,"enemies":"Lots of Slimes","floor":13.0,"turns":2.0},{"damage":0.0,"enemies":"Looter","floor":14.0,"turns":2.0},{"damage":1.0,"enemies":"Fading Forest","floor":16.0,"turns":13.0},{"damage":1,"enemies":"Shell Parasite","floor":18,"turns":5},{"damage":0,"enemies":"Sentry and Sphere","floor":19,"turns":3},{"damage":1,"enemies":"Shelled Parasite and Fungi","floor":20,"turns":5},{"damage":3,"enemies":"Cultist and Chosen","floor":24,"turns":7},{"damage":0,"enemies":"Snecko","floor":28,"turns":4},{"damage":0,"enemies":"Sentry and Sphere","floor":31,"turns":3},{"damage":8,"enemies":"Pondfish","floor":33,"turns":6}],"seed_played":"-4361566759367628999","potions_obtained":[{"floor":7.0,"key":"FearPotion"},{"floor":13.0,"key":"Ancient Potion"},{"floor":14.0,"key":"Dota2Spire:Clarity"},{"floor":18,"key":"Fire Potion"},{"floor":28,"key":"Regen Potion"},{"floor":31,"key":"Venom Potion"}],"is_trial":false,"path_per_floor":["M","M","$","?","M","R","E","R","T","R","M","R","M","M","R","B",null,"M","M","M","?","AVR","R","M","R","T","R","M","?","$","M","R","B"],"character_chosen":"THE_DEFAULT","items_purchased":["theEdgeheg:EmeraldGirlfriend","theEdgeheg:BadassArsenal","theEdgeheg:BetterShoot","theEdgeheg:RedGun","MerchantsRug","BargainBundle","theEdgeheg:ChaosWhip","theEdgeheg:BetterShoot","theEdgeheg:ChaosEnergyKatana","theEdgeheg:BlankCard"],"campfire_rested":2,"item_purchase_floors":[3,3,3,3,30,30,30,30,30,30],"current_hp_per_floor":[5,5,5,5,5,5,5,5,5,5,5,5,5,5,5,5,5,4,4,4,4,4,4,1,2,2,3,3,3,3,3,3,0,0],"gold":107,"neow_bonus":"TWO_FIFTY_GOLD","is_daily":false,"chose_seed":false,"campfire_upgraded":6,"win_rate":0.0,"timestamp":1611655300,"path_taken":["M","M","$","?","M","R","E","R","T","R","?","R","M","M","R","BOSS","M","M","?","?","AVR","R","M","R","T","R","M","?","$","M","R","BOSS"],"items_purchased_type":["Card","Card","Card","Card","Relic","Relic","Card","Card","Card","Card"],"build_version":"2020-12-22","purchased_purges":2,"victory":false,"max_hp_per_floor":[5,5,5,5,5,5,5,5,5,5,5,5,5,5,5,5,5,5,5,5,5,5,5,5,5,5,5,5,10,10,10,10,10,10],"relic_stats":{"Happy Flower":[4],"counters":[15,72],"StoneCalendar":[110],"obtain_stats":[{"MerchantsRug":30,"BargainBundle":30,"Happy Flower":26,"theEdgeheg:UltimateLifeformRelic":0,"theEdgeheg:GreenEmeraldRelic":0,"Vajra":9,"StoneCalendar":7,"Dota2Spire:RefresherOrb":17,"hubris:TerracottaHorce":22},{"MerchantsRug":13,"BargainBundle":13,"Happy Flower":12,"theEdgeheg:UltimateLifeformRelic":0,"theEdgeheg:GreenEmeraldRelic":0,"Vajra":4,"StoneCalendar":4,"Dota2Spire:RefresherOrb":8,"hubris:TerracottaHorce":11},{"MerchantsRug":63,"BargainBundle":63,"Happy Flower":59,"theEdgeheg:UltimateLifeformRelic":0,"theEdgeheg:GreenEmeraldRelic":0,"Vajra":19,"StoneCalendar":19,"Dota2Spire:RefresherOrb":39,"hubris:TerracottaHorce":52}]},"card_choices":[{"not_picked":["theEdgeheg:ChaosWhip","theEdgeheg:SkateboardTrick"],"picked":"theEdgeheg:HappiestTimmy","floor":1.0},{"not_picked":["theEdgeheg:ChaosControlSkill","theEdgeheg:Heh"],"picked":"theEdgeheg:CoolExplosion","floor":2.0},{"not_picked":["theEdgeheg:RedGun","theEdgeheg:Fastness"],"picked":"theEdgeheg:Birthday","floor":5.0},{"not_picked":["theEdgeheg:SexyGirlfriend","theEdgeheg:ChaosControlSkill"],"picked":"theEdgeheg:DieDieDie","floor":7.0},{"not_picked":["theEdgeheg:RollAndShoot","theEdgeheg:ChaosEnergyKatana"],"picked":"theEdgeheg:RuleOfCool","floor":11.0},{"not_picked":["theEdgeheg:Parry","theEdgeheg:SkateboardTrick"],"picked":"theEdgeheg:TimmyBackflip","floor":13.0},{"not_picked":["theEdgeheg:GunSteal","theEdgeheg:KatanaGF"],"picked":"theEdgeheg:ChaosGrenade","floor":14.0},{"not_picked":["theEdgeheg:RuleOfCool","theEdgeheg:SoulSiphon"],"picked":"theEdgeheg:HappyTimmy","floor":16.0},{"not_picked":["theEdgeheg:TimmyBackflip+1","theEdgeheg:BetterShoot+1"],"picked":"theEdgeheg:Butt+1","floor":18},{"not_picked":["theEdgeheg:BloodyKatana","theEdgeheg:CrazyGirlfriend"],"picked":"theEdgeheg:UseAndThrow","floor":19},{"not_picked":["theEdgeheg:TimmyBackflip","theEdgeheg:Heh"],"picked":"theEdgeheg:BadassArsenal","floor":20},{"not_picked":["theEdgeheg:SpireCrasher","theEdgeheg:RollAndShoot"],"picked":"theEdgeheg:CoolExplosion+1","floor":24},{"not_picked":["theEdgeheg:ChaosBlast","theEdgeheg:BlackKatana"],"picked":"theEdgeheg:ChaosGrenade+1","floor":28},{"not_picked":["theEdgeheg:Fastness","theEdgeheg:Reload"],"picked":"theEdgeheg:BlackKatana","floor":31}],"player_experience":67791,"relics_obtained":[{"floor":7.0,"key":"StoneCalendar"},{"floor":9.0,"key":"Vajra"},{"floor":26,"key":"Happy Flower"}],"event_choices":[{"damage_healed":0.0,"max_hp_gain":0.0,"max_hp_loss":0.0,"gold_gain":0.0,"event_name":"Upgrade Shrine","player_choice":"Upgraded","floor":4.0,"gold_loss":0.0,"damage_taken":0.0,"cards_upgraded":["theEdgeheg:CoolExplosion"]},{"damage_healed":0,"gold_gain":0,"player_choice":"Ignored","damage_taken":0,"max_hp_gain":0,"max_hp_loss":0,"event_name":"Vampires","floor":21,"gold_loss":0},{"damage_healed":0,"gold_gain":0,"player_choice":"Shed Blood","damage_taken":1,"max_hp_gain":5,"max_hp_loss":0,"event_name":"Forgotten Altar","floor":29,"gold_loss":0}],"is_beta":false,"boss_relics":[{"not_picked":["Busted Crown","Sozu"],"picked":"Dota2Spire:RefresherOrb"}],"items_purged_floors":[3,30],"is_endless":false,"potions_floor_spawned":[7,13,14,18,28,31],"killed_by":"Pondfish","ascension_level":0}}