{"host":"1mv6gj0zv8k9e9tz","time":1611688819,"event":{"mods":["AchievementEnabler","BaseMod","Better Third Choice","Colored Map","KOR Keyword Fix","Minty Spire (QoL Compilation)","Permanent Neow","Rare Cards Sparkle","StSLib"],"gold_per_floor":[114,134,149,159,159,159,178,188,238,238,248,248,248,259,259,334,334,348,364,289,289,289,289,305,305,305,230,230,262,262,90,90,165,165,180,199,19,36,56,56,71,101,101,101,129,129,140,150,150,150,150,150],"floor_reached":51,"language":"KOR","playtime":2428,"items_purged":["Strike_G"],"score":1417,"play_id":"df6b4dd3-a807-4bc8-9f3d-a3eb1c64d2f3","local_time":"20210127042019","is_ascension_mode":true,"campfire_choices":[{"data":"Blade Dance","floor":6.0,"key":"SMITH"},{"data":"Malaise","floor":10.0,"key":"SMITH"},{"floor":12.0,"key":"REST"},{"data":"Blade Dance","floor":15.0,"key":"SMITH"},{"floor":23.0,"key":"REST"},{"data":"Burst","floor":25.0,"key":"SMITH"},{"data":"Leg Sweep","floor":30.0,"key":"SMITH"},{"data":"Neutralize","floor":32.0,"key":"SMITH"},{"floor":40.0,"key":"REST"},{"data":"Apotheosis","floor":44.0,"key":"SMITH"},{"floor":49.0,"key":"RECALL"}],"circlet_count":0,"master_deck":["AscendersBane","Strike_G","Strike_G","Defend_G+1","Defend_G","Defend_G","Defend_G","Survivor","Neutralize+1","Blade Dance+1","Malaise+1","Dagger Spray","PiercingWail+1","Blade Dance+1","Burst+1","Prepared+1","Backflip+1","Writhe","Leg Sweep+1","After Image","Deadly Poison","Backflip+1","Apotheosis+1","Venomology","Terror","Malaise+1","PiercingWail"],"relics":["Empty Cage","War Paint","Mercury Hourglass","WristBlade","MutagenicStrength","Kunai","White Beast Statue","Bronze Scales","TheAbacus","SlaversCollar","Anchor","Pear"],"acts_visited":["Exordium","TheCity","TheBeyond"],"potions_floor_usage":[],"damage_taken":[{"damage":4.0,"enemies":"2 Louse","floor":1.0,"turns":3.0},{"damage":2.0,"enemies":"Cultist","floor":2.0,"turns":5.0},{"damage":12.0,"enemies":"Small Slimes","floor":3.0,"turns":4.0},{"damage":24.0,"enemies":"Gremlin Gang","floor":4.0,"turns":8.0},{"damage":7.0,"enemies":"Red Slaver","floor":7.0,"turns":5.0},{"damage":2.0,"enemies":"3 Louse","floor":8.0,"turns":2.0},{"damage":0.0,"enemies":"2 Fungi Beasts","floor":11.0,"turns":3.0},{"damage":0.0,"enemies":"Blue Slaver","floor":14.0,"turns":4.0},{"damage":8.0,"enemies":"Hexaghost","floor":16.0,"turns":11.0},{"damage":11.0,"enemies":"Shell Parasite","floor":18.0,"turns":3.0},{"damage":0.0,"enemies":"2 Thieves","floor":19.0,"turns":3.0},{"damage":8.0,"enemies":"3 Cultists","floor":24.0,"turns":4.0},{"damage":4.0,"enemies":"Book of Stabbing","floor":29.0,"turns":5.0},{"damage":15.0,"enemies":"Automaton","floor":33.0,"turns":11.0},{"damage":1.0,"enemies":"Orb Walker","floor":35.0,"turns":3.0},{"damage":8.0,"enemies":"3 Shapes","floor":36.0,"turns":5.0},{"damage":0.0,"enemies":"Sphere and 2 Shapes","floor":38.0,"turns":2.0},{"damage":17.0,"enemies":"Writhing Mass","floor":39.0,"turns":7.0},{"damage":18.0,"enemies":"Transient","floor":41.0,"turns":6.0},{"damage":1.0,"enemies":"Giant Head","floor":42.0,"turns":8.0},{"damage":0.0,"enemies":"Reptomancer","floor":45.0,"turns":9.0},{"damage":21.0,"enemies":"3 Darklings","floor":47.0,"turns":5.0},{"damage":12.0,"enemies":"Sphere and 2 Shapes","floor":48.0,"turns":6.0},{"damage":21.0,"enemies":"Awakened One","floor":50.0,"turns":20.0},{"damage":12,"enemies":"Time Eater","floor":51,"turns":2}],"seed_played":"-8738801306527587489","potions_obtained":[{"floor":2.0,"key":"GamblersBrew"},{"floor":7.0,"key":"Fire Potion"},{"floor":8.0,"key":"BlessingOfTheForge"},{"floor":16.0,"key":"CunningPotion"},{"floor":19.0,"key":"Fruit Juice"},{"floor":29.0,"key":"SkillPotion"},{"floor":33.0,"key":"CultistPotion"},{"floor":35.0,"key":"SteroidPotion"},{"floor":38.0,"key":"SteroidPotion"},{"floor":39.0,"key":"LiquidMemories"},{"floor":41.0,"key":"SteroidPotion"},{"floor":42.0,"key":"AttackPotion"},{"floor":45.0,"key":"SteroidPotion"},{"floor":47.0,"key":"DuplicationPotion"},{"floor":48.0,"key":"Swift Potion"}],"is_trial":false,"path_per_floor":["M","M","M","M","?","R","M","M","T","R","M","R","?","M","R","B",null,"M","M","?","?","?","R","M","R","T","$","?","E","R","$","R","B",null,"M","M","$","M","M","R","M","E","T","R","E","?","M","M","R","B","B"],"character_chosen":"THE_SILENT","items_purchased":["TheAbacus","Apotheosis"],"campfire_rested":3,"item_purchase_floors":[31,37],"current_hp_per_floor":[55,53,41,17,17,17,10,8,8,8,8,27,27,27,27,19,54,43,48,48,48,28,50,42,42,42,42,42,38,38,38,38,23,63,62,54,54,54,37,59,41,40,40,40,65,65,44,32,32,11,0,0],"gold":150,"neow_bonus":"BOSS_RELIC","is_daily":false,"chose_seed":false,"campfire_upgraded":7,"win_rate":0.0,"timestamp":1611688819,"path_taken":["M","M","M","M","?","R","M","M","T","R","?","R","?","?","R","BOSS","M","M","?","?","?","R","M","R","T","$","?","E","R","$","R","BOSS","M","M","$","M","M","R","M","E","T","R","E","?","M","M","R","BOSS","BOSS"],"items_purchased_type":["Relic","Card"],"build_version":"2020-12-22","purchased_purges":1,"victory":false,"max_hp_per_floor":[66,66,66,66,66,66,66,66,66,66,66,66,66,66,66,66,66,66,71,71,71,76,76,76,76,76,76,76,76,76,76,76,76,76,76,76,76,76,76,76,76,76,76,76,86,86,86,86,86,86,86,86],"card_choices":[{"not_picked":["Outmaneuver","Bane"],"picked":"Poisoned Stab","floor":1.0},{"not_picked":["Cloak And Dagger","Reflex"],"picked":"Blade Dance","floor":2.0},{"not_picked":["Dagger Throw","Prepared","Masterful Stab"],"picked":"SKIP","floor":3.0},{"not_picked":["Dagger Throw","Prepared","Masterful Stab"],"picked":"SKIP","floor":3.0},{"not_picked":["Underhanded Strike","Acrobatics"],"picked":"Malaise","floor":4.0},{"not_picked":["Deflect","Dagger Throw"],"picked":"Dagger Spray","floor":7.0},{"not_picked":["Quick Slash","Eviscerate"],"picked":"PiercingWail","floor":8.0},{"not_picked":["Sucker Punch","Dagger Throw","Flechettes"],"picked":"SKIP","floor":11.0},{"not_picked":["Dagger Throw","Predator"],"picked":"Blade Dance","floor":14.0},{"not_picked":["Envenom","Malaise"],"picked":"Burst","floor":16.0},{"not_picked":["Cloak And Dagger","Dash"],"picked":"Prepared+1","floor":18.0},{"not_picked":["Expertise","Blade Dance"],"picked":"Backflip+1","floor":19.0},{"not_picked":["Riddle With Holes","Deflect","Outmaneuver"],"picked":"SKIP","floor":24.0},{"not_picked":["Bane","Prepared"],"picked":"Leg Sweep","floor":29.0},{"not_picked":["Unload","Doppelganger"],"picked":"After Image","floor":33.0},{"not_picked":["Quick Slash","Sucker Punch","Deadly Poison"],"picked":"SKIP","floor":35.0},{"not_picked":["Quick Slash","Sucker Punch"],"picked":"Deadly Poison","floor":35.0},{"not_picked":["Flying Knee+1","Prepared+1"],"picked":"Backflip+1","floor":36.0},{"not_picked":["Bouncing Flask+1","Underhanded Strike","All Out Attack+1"],"picked":"SKIP","floor":38.0},{"not_picked":["Flechettes","Setup"],"picked":"Venomology","floor":39.0},{"not_picked":["Dagger Throw","Reflex","Quick Slash"],"picked":"SKIP","floor":41.0},{"not_picked":["Storm of Steel","Crippling Poison","Finisher"],"picked":"SKIP","floor":42.0},{"not_picked":["Reflex","Calculated Gamble"],"picked":"Terror","floor":45.0},{"not_picked":["Riddle With Holes","Poisoned Stab","Concentrate"],"picked":"SKIP","floor":47.0},{"not_picked":["Flying Knee+1","Deadly Poison"],"picked":"PiercingWail","floor":48.0}],"player_experience":574207,"relics_obtained":[{"floor":9.0,"key":"War Paint"},{"floor":26.0,"key":"Kunai"},{"floor":29.0,"key":"Bronze Scales"},{"floor":42.0,"key":"Anchor"},{"floor":45.0,"key":"Pear"}],"event_choices":[{"damage_healed":0.0,"max_hp_gain":0.0,"max_hp_loss":0.0,"gold_gain":0.0,"event_name":"Match and Keep!","player_choice":"0 cards matched","floor":5.0,"gold_loss":0.0,"damage_taken":0.0,"cards_obtained":[]},{"cards_removed":["Poisoned Stab"],"damage_healed":0.0,"max_hp_gain":0.0,"max_hp_loss":0.0,"gold_gain":0.0,"event_name":"WeMeetAgain","player_choice":"Gave Card","floor":13.0,"gold_loss":0.0,"damage_taken":0.0,"relics_obtained":["Mercury Hourglass"]},{"cards_removed":["Strike_G"],"damage_healed":0.0,"max_hp_gain":0.0,"max_hp_loss":0.0,"gold_gain":0.0,"event_name":"Beggar","player_choice":"Gave Gold","floor":20.0,"gold_loss":75.0,"damage_taken":0.0},{"damage_healed":0.0,"max_hp_gain":0.0,"max_hp_loss":0.0,"gold_gain":0.0,"event_name":"Drug Dealer","player_choice":"Inject Mutagens","floor":21.0,"gold_loss":0.0,"damage_taken":0.0,"relics_obtained":["MutagenicStrength"]},{"damage_healed":0.0,"max_hp_gain":5.0,"max_hp_loss":0.0,"gold_gain":0.0,"event_name":"Forgotten Altar","player_choice":"Shed Blood","floor":22.0,"gold_loss":0.0,"damage_taken":25.0},{"damage_healed":0.0,"max_hp_gain":0.0,"max_hp_loss":0.0,"gold_gain":0.0,"event_name":"The Mausoleum","player_choice":"Opened","floor":28.0,"gold_loss":0.0,"damage_taken":0.0,"relics_obtained":["White Beast Statue"],"cards_obtained":["Writhe"]},{"damage_healed":0.0,"max_hp_gain":0.0,"max_hp_loss":0.0,"gold_gain":0.0,"event_name":"Duplicator","player_choice":"Copied","floor":46.0,"gold_loss":0.0,"damage_taken":0.0,"cards_obtained":["Malaise"]}],"is_beta":false,"boss_relics":[{"not_picked":["Runic Dome","Cursed Key"],"picked":"WristBlade"},{"not_picked":["Runic Pyramid","Calling Bell"],"picked":"SlaversCollar"}],"items_purged_floors":[27],"is_endless":false,"potions_floor_spawned":[2,7,8,16,19,29,33,35,36,38,39,41,42,45,47,48],"killed_by":"Time Eater","ascension_level":20}}