{"host":"6drv1qzpbnls60z2","time":1611665030,"event":{"mods":["ATMod(°¢èªMod)","Act Like it!","Arknights The Spire","BaseMod","Hallownest","Minty Spire (QoL Compilation)","Reimu£¨²©ÀöÁéÃÎ£©","Replay The Spire","Shop Mod","Spicy Shops","StSLib","The Dragon Tamer","Uncapped","¡¾ÒÅÎï¿¨ÅÆ¡¿REMEMod","óô»ðÖ¸ÄÏ"],"gold_per_floor":[119,134,284,302,29,29,60,5,5,5,37,12,12,37,37,114,114,125,139,139,153,1,1,1],"floor_reached":23,"language":"ZHS","playtime":1377,"items_purged":[],"score":614,"play_id":"f5d23cdf-3c52-4178-a15f-5eaee2bebc53","local_time":"20210126204350","daily_mods":["SealedDeck"],"is_ascension_mode":true,"campfire_choices":[{"data":"AT_EssenceShift","floor":6,"key":"SMITH"},{"data":"ats:Serious Mode","floor":10,"key":"SMITH"}],"circlet_count":0,"master_deck":["AscendersBane","AT_EssenceShift+1","Sadistic Nature+1","ats:Sunburst","ats:Healing Drone","ats:Magnetic Hammer","ats:Blood Oath","ats:Flexible Camouflage","ats:Charging Defense","ats:Closed Bolt Burst Fire","ats:Hook Shot","ats:Serious Mode+1","ats:Closed Bolt Burst Fire","DTMod:CleansingStrike","ats:Red Shift","ats:Poison Spread","ats:Poison Spread","ats:Shell Defense","ats:Blood Oath","ats:Apocalypse","ats:Ambush","ats:Support Order","ats:Neurotoxin","ats:Revitalization+1","REME_MagicPocketWatch","ats:Guard Mode"],"relics":["ats:Sanity","AT_ATBox","REME_ComplimentaryCards","Gremlin Horn","ats:Originium","AT_DeathDance","ReplayTheSpireMod:Lightbulb","Unceasing Top","Kunai","Black Star","Turnip"],"acts_visited":["Exordium","TheCity"],"potions_floor_usage":[11],"damage_taken":[{"damage":10,"enemies":"Small Slimes","floor":1,"turns":2},{"damage":12,"enemies":"Jaw Worm","floor":2,"turns":3},{"damage":0,"enemies":"Cultist","floor":4,"turns":3},{"damage":30,"enemies":"3 Sentries","floor":7,"turns":5},{"damage":7,"enemies":"Gremlin Nob","floor":11,"turns":3},{"damage":20,"enemies":"Replay:BlueRogue","floor":14,"turns":4},{"damage":19,"enemies":"Fading Forest","floor":16,"turns":13},{"damage":11,"enemies":"Chosen","floor":18,"turns":4},{"damage":31,"enemies":"Spheric Guardian","floor":19,"turns":5},{"damage":31,"enemies":"Snake Plant","floor":21,"turns":3},{"damage":63,"enemies":"Slavers","floor":23,"turns":4}],"seed_played":"-89785745181910595","potions_obtained":[{"floor":1,"key":"FairyPotion"},{"floor":4,"key":"Reflective Coating"}],"is_trial":true,"path_per_floor":["M","M","?","M","$","R","E","$","T","R","E","$","?","E","R","B",null,"M","M","T","M","$","E"],"character_chosen":"DOCTOR_CLASS","items_purchased":["Gremlin Horn","ats:Poison Spread","ats:Blood Oath","REME_MagicPocketWatch","ats:Guard Mode"],"campfire_rested":0,"item_purchase_floors":[5,8,12,22,22],"current_hp_per_floor":[58,46,46,52,52,52,34,34,34,34,27,27,27,19,40,72,72,69,47,47,22,22,0,0],"gold":1,"neow_bonus":"","is_daily":false,"chose_seed":false,"campfire_upgraded":2,"win_rate":0.0,"timestamp":1611665030,"path_taken":["M","M","?","M","$","R","E","$","T","R","E","$","?","E","R","BOSS","M","?","?","M","$","E"],"items_purchased_type":["Relic","Card","Card","Card","Card"],"build_version":"2020-12-22","purchased_purges":0,"victory":false,"max_hp_per_floor":[72,72,72,72,72,72,72,72,72,72,72,72,72,72,72,72,72,72,72,72,72,72,72,72],"card_choices":[{"not_picked":["ats:Literary Storm","ats:Guard Mode"],"picked":"DTMod:CleansingStrike","floor":1},{"not_picked":["ats:Curse Doll","DTMod:BuildUp","ats:Absolute Focus"],"picked":"SKIP","floor":2},{"not_picked":["DTMod:Cover","DTMod:LowKick"],"picked":"ats:Red Shift","floor":4},{"not_picked":["ats:Flexible Camouflage","DTMod:BuildUp"],"picked":"ats:Poison Spread","floor":7},{"not_picked":["DTMod:BlueScale","ats:Rat Pack"],"picked":"ats:Shell Defense","floor":11},{"not_picked":["ats:Hammer On","ats:Shadow Raid"],"picked":"ats:Apocalypse","floor":14},{"not_picked":["ats:Fractured Body","DTMod:LightShield"],"picked":"ats:Ambush","floor":16},{"not_picked":["DTMod:DragonDance","DTMod:Threaten"],"picked":"ats:Support Order","floor":18},{"not_picked":["DTMod:Adaptation","DTMod:MasterPlan"],"picked":"ats:Neurotoxin","floor":19},{"not_picked":["ats:Guardian Obelisk","DTMod:BreakAttack"],"picked":"ats:Revitalization+1","floor":21}],"player_experience":145741,"relics_obtained":[{"floor":7,"key":"ats:Originium"},{"floor":7,"key":"AT_DeathDance"},{"floor":9,"key":"ReplayTheSpireMod:Lightbulb"},{"floor":11,"key":"ats:Originium"},{"floor":11,"key":"Unceasing Top"},{"floor":14,"key":"ats:Originium"},{"floor":14,"key":"Kunai"},{"floor":20,"key":"Turnip"}],"event_choices":[{"damage_healed":0,"gold_gain":150,"player_choice":"AGREE","damage_taken":0,"max_hp_gain":0,"max_hp_loss":0,"event_name":"Liars Game","floor":3,"gold_loss":0,"cards_obtained":["Doubt"]},{"cards_removed":["Doubt"],"damage_healed":0,"gold_gain":0,"player_choice":"Purged","damage_taken":0,"max_hp_gain":0,"max_hp_loss":0,"event_name":"Purifier","floor":13,"gold_loss":0}],"is_beta":false,"boss_relics":[{"not_picked":["Abe\u0027s Treasure","Fusion Hammer"],"picked":"Black Star"}],"items_purged_floors":[],"is_endless":true,"potions_floor_spawned":[1,4],"killed_by":"Slavers","ascension_level":20}}