{"host":"xkmvu47k9fdstweo","time":1611628758,"event":{"mods":["BaseMod","Colored Map","Conspire","Hubris","Minty Spire (QoL Compilation)","Quick Restart","Railgun Mod","Shop Mod","StSLib","The Alterego","The Animator","The Servant 0.9.4","The Wild Card","TheBandit","WarShipGirlsR/??è≠èóR mod"],"gold_per_floor":[124,136,155,167,92,126,126,126,152,122,152,177,201,244,256,364,376,417,112,211,211,223,249,262,17,43,3,3,13,13,29,29,133,133,149,167,167,187,187,187,218,218,218],"floor_reached":42,"language":"ENG","playtime":2345,"items_purged":["animator:Strike"],"score":638,"play_id":"92008be1-3438-456b-87e9-9ee3a45f218d","local_time":"20210125213918","is_ascension_mode":true,"campfire_choices":[{"data":"animator:Ainz","floor":7,"key":"SMITH"},{"floor":15,"key":"REST"},{"data":"theWildCard:Sakuya","floor":28,"key":"SMITH"},{"data":"animator:Boros","floor":32,"key":"SMITH"},{"data":"animator:Hibiki","floor":40,"key":"SMITH"}],"circlet_count":0,"master_deck":["animator:Strike_GATE+1","animator:Defend_GATE+1","animator:Strike+1","animator:Strike+1","animator:Defend+1","animator:Defend+1","animator:Defend+1","animator:TukaLunaMarceau","animator:Kuribayashi","animator:Ainz+1","animator:Arpeggio","animator:Konayuki+1","animator:YaoHaDucy","animator:Arpeggio","animator:Nanami","theWildCard:Sakuya+1","animator:YunYun","animator:Rimuru","animator:Verdia","animator:SayakaMiki+1","animator:LeleiLaLalena","animator:Boros+1","animator:DwarfShaman+1","animator:Hibiki+1","animator:Emonzaemon","animator:Darkness+1","animator:Albedo","animator:HighElfArcher","animator:Arpeggio","animator:Biyorigo","animator:Kyubey","animator:Darkness","animator:Kyubey","animator:Demiurge"],"relics":["animator:VividPicture","animator:TheMissingPiece","animator:PurgingStone","Nunchaku","Ancient Tea Set","MawBank","Coffee Dripper","Orrery","Art of War","Gremlin Horn","War Paint","Eternal Feather"],"acts_visited":["Exordium","TheCity","TheBeyond"],"potions_floor_usage":[6,13,14,16,23,23,23,23,24,33,36,42,42],"damage_taken":[{"damage":3,"enemies":"Cultist","floor":1,"turns":4},{"damage":3,"enemies":"Small Slimes","floor":2,"turns":4},{"damage":6,"enemies":"Jaw Worm","floor":3,"turns":6},{"damage":4,"enemies":"conspire:2 RoseBushes","floor":4,"turns":8},{"damage":20,"enemies":"Lagavulin","floor":6,"turns":8},{"damage":2,"enemies":"Looter","floor":10,"turns":4},{"damage":15,"enemies":"Gremlin Nob","floor":11,"turns":4},{"damage":13,"enemies":"Blue Slaver","floor":12,"turns":2},{"damage":0,"enemies":"Large Slime","floor":13,"turns":7},{"damage":0,"enemies":"Exordium Thugs","floor":14,"turns":5},{"damage":0,"enemies":"The Guardian","floor":16,"turns":9},{"damage":0,"enemies":"Shell Parasite","floor":18,"turns":5},{"damage":0,"enemies":"Chosen","floor":22,"turns":4},{"damage":5,"enemies":"Gremlin Leader","floor":23,"turns":7},{"damage":10,"enemies":"3 Cultists","floor":24,"turns":5},{"damage":6,"enemies":"Snake Plant","floor":29,"turns":4},{"damage":0,"enemies":"Chosen and Byrds","floor":31,"turns":5},{"damage":34,"enemies":"Collector","floor":33,"turns":8},{"damage":0,"enemies":"Orb Walker","floor":35,"turns":4},{"damage":4,"enemies":"3 Darklings","floor":36,"turns":5},{"damage":23,"enemies":"Jaw Worm Horde","floor":38,"turns":5},{"damage":19,"enemies":"Giant Head","floor":41,"turns":9},{"damage":20,"enemies":"Transient","floor":42,"turns":3}],"seed_played":"911116460261380196","potions_obtained":[{"floor":4,"key":"BlessingOfTheForge"},{"floor":11,"key":"SpeedPotion"},{"floor":12,"key":"FearPotion"},{"floor":13,"key":"Energy Potion"},{"floor":14,"key":"Fire Potion"},{"floor":16,"key":"EntropicBrew"},{"floor":18,"key":"SkillPotion"},{"floor":24,"key":"SpeedPotion"},{"floor":33,"key":"SteroidPotion"},{"floor":36,"key":"Swift Potion"}],"is_trial":false,"path_per_floor":["M","M","M","M","$","E","R","?","T","M","E","M","M","M","R","B",null,"M","$","?","?","M","E","M","$","T","?","R","M","$","M","R","B",null,"M","M","?","M","?","R","E","M"],"character_chosen":"THE_ANIMATOR","items_purchased":["animator:Hibiki","Orrery","Gremlin Horn"],"campfire_rested":1,"item_purchase_floors":[19,19,25],"current_hp_per_floor":[63,60,55,51,51,31,31,31,31,29,14,1,1,1,21,21,56,62,63,63,63,63,58,51,51,51,51,51,45,45,51,51,17,55,55,51,51,33,33,33,14,0,0],"gold":218,"neow_bonus":"ONE_RANDOM_RARE_CARD","is_daily":false,"chose_seed":false,"campfire_upgraded":4,"win_rate":0.0,"timestamp":1611628758,"path_taken":["M","?","?","M","$","E","R","?","T","M","E","M","M","M","R","BOSS","M","$","?","?","M","E","M","$","T","?","R","M","?","?","R","BOSS","M","?","?","?","?","R","E","M"],"items_purchased_type":["Card","Relic","Relic"],"build_version":"2020-12-22","purchased_purges":1,"victory":false,"max_hp_per_floor":[66,66,67,67,67,67,67,67,67,67,67,67,67,67,67,67,67,67,68,68,68,68,68,68,68,68,68,68,68,68,68,68,68,68,68,68,68,68,68,68,68,68,68],"card_choices":[{"not_picked":["animator:Sloth","animator:Ara"],"picked":"animator:Arpeggio","floor":1},{"not_picked":["animator:Nanami","animator:DolaSchwi"],"picked":"animator:Konayuki","floor":2},{"not_picked":["animator:HiiragiShinya","animator:Rider"],"picked":"animator:YaoHaDucy","floor":3},{"not_picked":["animator:Kuribayashi","animator:Bozes"],"picked":"animator:Arpeggio","floor":4},{"not_picked":["animator:Lu","animator:ChaikaBohdan"],"picked":"animator:Nanami","floor":6},{"not_picked":["animator:Geryuganshoop","animator:Mikaela"],"picked":"animator:YunYun","floor":10},{"not_picked":["animator:Mikaela","animator:RoryMercury"],"picked":"animator:Rimuru","floor":11},{"not_picked":["animator:Kazuma","animator:Mitsurugi"],"picked":"animator:Verdia","floor":12},{"not_picked":["animator:Benimaru","animator:Lu"],"picked":"animator:SayakaMiki","floor":13},{"not_picked":["animator:Yoichi","animator:Shigure"],"picked":"animator:LeleiLaLalena","floor":14},{"not_picked":["animator:FeridBathory","animator:Father"],"picked":"animator:Boros","floor":16},{"not_picked":["animator:Tyuule+1","animator:PandorasActor"],"picked":"animator:DwarfShaman+1","floor":18},{"not_picked":["animator:Azekura+1","animator:Kazuma"],"picked":"animator:Emonzaemon","floor":19},{"not_picked":["animator:Millim+1","animator:Shion"],"picked":"animator:Darkness+1","floor":19},{"not_picked":["animator:DolaSchwi","animator:Tet"],"picked":"animator:Albedo","floor":19},{"not_picked":["animator:Mitsurugi","animator:Sloth"],"picked":"animator:HighElfArcher","floor":19},{"not_picked":["animator:TukaLunaMarceau","animator:LeleiLaLalena"],"picked":"animator:Arpeggio","floor":22},{"not_picked":["animator:Sebas","animator:WinryRockbell"],"picked":"animator:Biyorigo","floor":23},{"not_picked":["animator:ChlammyZell","animator:SakuraMatou","animator:HiiragiShinya"],"picked":"SKIP","floor":24},{"not_picked":["animator:PandorasActor","animator:Jibril+1","animator:Alexander"],"picked":"SKIP","floor":29},{"not_picked":["animator:HomuraAkemi","animator:ChaikaTrabant"],"picked":"animator:Kyubey","floor":33},{"not_picked":["animator:Lu","animator:LizardPriest"],"picked":"animator:Darkness","floor":35},{"not_picked":["animator:Yoichi","animator:Shuna","animator:LizardPriest"],"picked":"SKIP","floor":36},{"not_picked":["animator:Pride","animator:Benimaru","animator:MaesHughes"],"picked":"SKIP","floor":38},{"not_picked":["animator:PandorasActor","animator:Evileye"],"picked":"animator:Demiurge","floor":41}],"player_experience":370475,"relics_obtained":[{"floor":6,"key":"Nunchaku"},{"floor":9,"key":"Ancient Tea Set"},{"floor":11,"key":"MawBank"},{"floor":23,"key":"Art of War"},{"floor":26,"key":"War Paint"},{"floor":41,"key":"Eternal Feather"}],"event_choices":[{"damage_healed":0,"gold_gain":99,"player_choice":"Stole From Cult","damage_taken":0,"max_hp_gain":0,"max_hp_loss":0,"event_name":"Nest","floor":20,"gold_loss":0},{"damage_healed":0,"gold_gain":0,"player_choice":"Simplicity","damage_taken":0,"max_hp_gain":0,"max_hp_loss":0,"event_name":"Back to Basics","floor":21,"gold_loss":0,"cards_upgraded":["animator:Strike_GATE","animator:Defend_GATE","animator:Strike","animator:Strike","animator:Defend","animator:Defend","animator:Defend"]},{"damage_healed":0,"gold_gain":0,"player_choice":"Copied","damage_taken":0,"max_hp_gain":0,"max_hp_loss":0,"event_name":"Duplicator","floor":37,"gold_loss":0,"cards_obtained":["animator:Kyubey"]},{"damage_healed":0,"gold_gain":0,"player_choice":"Leave","damage_taken":0,"max_hp_gain":0,"max_hp_loss":0,"event_name":"conspire:Investor","floor":39,"gold_loss":0}],"is_beta":false,"boss_relics":[{"not_picked":["animator:RacePiece","Black Star"],"picked":"Coffee Dripper"},{"not_picked":["Mark of Pain","animator:CursedBlade"],"picked":"animator:VividPicture"}],"items_purged_floors":[5],"is_endless":false,"potions_floor_spawned":[4,11,12,13,14,16,18,24,33,36],"killed_by":"Transient","ascension_level":5}}