{"host":"sygfylmorsvdndbx","time":1611680722,"event":{"mods":["AchievementEnabler","BaseMod","Highlight Path","Minty Spire (QoL Compilation)","Permanent Neow","Quick Restart","Relic Stats"],"gold_per_floor":[117,137,10,30,50,50,82,82,132,162,179,205,205,225,225,323,323,333,333,79,95,106,131,131,131,154,189,205,223,239,59,59,160,160,174,174,192,208,258,289,301,327,339,383,395,425,437,483,495,507,519,531,1,35,35],"floor_reached":56,"language":"ENG","playtime":5269,"items_purged":["Strike_R","Strike_R"],"score":1860,"play_id":"d119c958-0390-4fd0-8377-83a8b03d7b9a","local_time":"20210126120522","is_ascension_mode":true,"campfire_choices":[{"data":"Uppercut","floor":6,"key":"SMITH"},{"data":"Inflame","floor":8,"key":"SMITH"},{"data":"Metallicize","floor":15,"key":"SMITH"},{"floor":24,"key":"REST"},{"data":"Demon Form","floor":32,"key":"SMITH"},{"floor":41,"key":"REST"},{"data":"Impervious","floor":47,"key":"SMITH"},{"floor":49,"key":"RECALL"},{"data":"Feel No Pain","floor":52,"key":"SMITH"}],"circlet_count":0,"master_deck":["Strike_R","Strike_R","Defend_R+1","Defend_R","Defend_R","Bash","Uppercut+1","Inflame+1","Anger","Metallicize+1","Flame Barrier","Offering+1","Flame Barrier","Demon Form+1","Rage+1","Metallicize","True Grit+1","Intimidate","Impervious+1","Cleave","Twin Strike","Feel No Pain+1","Fiend Fire+1","Twin Strike+1","Uppercut+1","True Grit+1","Heavy Blade+1","Feel No Pain"],"relics":["Runic Pyramid","Mummified Hand","Regal Pillow","Red Skull","War Paint","Empty Cage","Self Forming Clay","Bag of Marbles","InkBottle","Vajra","Bottled Flame","Runic Dome","Magic Flower","MawBank","Bottled Tornado","Toy Ornithopter","Charon\u0027s Ashes","HornCleat","Incense Burner","Happy Flower"],"acts_visited":["Exordium","TheCity","TheBeyond","TheEnding"],"potions_floor_usage":[10,23,27,33,46,54,55,55],"damage_taken":[{"damage":6,"enemies":"Cultist","floor":1,"turns":4},{"damage":2,"enemies":"Jaw Worm","floor":2,"turns":4},{"damage":0,"enemies":"2 Louse","floor":4,"turns":3},{"damage":10,"enemies":"Gremlin Gang","floor":5,"turns":4},{"damage":2,"enemies":"Lagavulin","floor":7,"turns":5},{"damage":12,"enemies":"Gremlin Nob","floor":10,"turns":4},{"damage":6,"enemies":"Blue Slaver","floor":11,"turns":2},{"damage":6,"enemies":"Lagavulin","floor":12,"turns":3},{"damage":3,"enemies":"Looter","floor":14,"turns":3},{"damage":6,"enemies":"Slime Boss","floor":16,"turns":3},{"damage":10,"enemies":"2 Thieves","floor":18,"turns":3},{"damage":6,"enemies":"Chosen","floor":21,"turns":3},{"damage":6,"enemies":"Centurion and Healer","floor":22,"turns":6},{"damage":17,"enemies":"Book of Stabbing","floor":23,"turns":5},{"damage":6,"enemies":"Slavers","floor":27,"turns":5},{"damage":6,"enemies":"Chosen and Byrds","floor":28,"turns":4},{"damage":4,"enemies":"Snake Plant","floor":29,"turns":4},{"damage":6,"enemies":"3 Cultists","floor":30,"turns":4},{"damage":6,"enemies":"Champ","floor":33,"turns":7},{"damage":2,"enemies":"3 Darklings","floor":35,"turns":4},{"damage":8,"enemies":"Orb Walker","floor":37,"turns":3},{"damage":9,"enemies":"Maw","floor":38,"turns":5},{"damage":0,"enemies":"Mind Bloom Boss Battle","floor":39,"turns":3},{"damage":16,"enemies":"Reptomancer","floor":40,"turns":5},{"damage":6,"enemies":"Spire Growth","floor":42,"turns":3},{"damage":6,"enemies":"Giant Head","floor":44,"turns":5},{"damage":0,"enemies":"Transient","floor":46,"turns":5},{"damage":15,"enemies":"Reptomancer","floor":48,"turns":4},{"damage":21,"enemies":"Time Eater","floor":50,"turns":4},{"damage":39,"enemies":"Shield and Spear","floor":54,"turns":4},{"damage":65,"enemies":"The Heart","floor":55,"turns":7}],"seed_played":"-7918066260699021070","potions_obtained":[{"floor":5,"key":"SpeedPotion"},{"floor":7,"key":"Ancient Potion"},{"floor":11,"key":"Fire Potion"},{"floor":12,"key":"Strength Potion"},{"floor":16,"key":"Regen Potion"},{"floor":23,"key":"SneckoOil"},{"floor":28,"key":"Strength Potion"},{"floor":37,"key":"DistilledChaos"},{"floor":39,"key":"GamblersBrew"},{"floor":42,"key":"AttackPotion"},{"floor":46,"key":"Regen Potion"}],"is_trial":false,"path_per_floor":["M","M","$","M","M","R","E","R","T","E","M","E","?","M","R","B",null,"M","?","$","M","M","E","R","T","T","E","M","M","M","$","R","B",null,"M","?","M","M","?","E","R","M","T","E","$","M","R","E","R","B",null,"R","$","E","B",null],"character_chosen":"IRONCLAD","items_purchased":["Fire Potion","Self Forming Clay","Feel No Pain","HornCleat","Incense Burner"],"campfire_rested":2,"item_purchase_floors":[3,20,31,53,53],"current_hp_per_floor":[66,64,64,64,54,54,52,52,52,40,34,28,28,25,25,19,65,55,40,40,34,28,25,65,65,65,59,53,49,43,43,43,37,73,71,71,63,54,54,38,78,72,72,66,66,74,74,59,59,38,73,73,73,42,12],"gold":35,"neow_bonus":"BOSS_RELIC","is_daily":false,"chose_seed":false,"campfire_upgraded":6,"win_rate":0.0,"timestamp":1611680722,"path_taken":["M","?","$","M","M","R","E","R","T","E","M","E","?","M","R","BOSS","M","?","$","M","M","E","R","?","T","E","M","M","?","$","R","BOSS","M","?","M","?","?","E","R","M","T","E","$","M","R","E","R","BOSS","R","$","E","BOSS"],"items_purchased_type":["Potion","Relic","Card","Relic","Relic"],"build_version":"2020-12-22","purchased_purges":2,"victory":true,"max_hp_per_floor":[80,80,80,80,80,80,80,80,80,80,80,80,80,80,80,80,80,80,85,85,85,85,85,85,85,85,85,85,85,85,85,85,85,85,85,85,85,85,85,85,85,85,85,85,85,85,85,85,85,85,85,85,85,85,85],"relic_stats":{"Regal Pillow":30,"Happy Flower":[2],"counters":[31,128],"Mummified Hand":[126],"Self Forming Clay":[144],"Magic Flower":[19],"Charon\u0027s Ashes":[108],"War Paint":["Offering","Defend_R"],"MawBank":156,"obtain_stats":[{"Regal Pillow":10,"Happy Flower":54,"Self Forming Clay":20,"Vajra":26,"Magic Flower":39,"Charon\u0027s Ashes":48,"Incense Burner":53,"War Paint":13,"Bottled Tornado":43,"Empty Cage":17,"MawBank":40,"Burning Blood":0,"Runic Dome":34,"Bottled Flame":27,"HornCleat":53,"Mummified Hand":7,"Bag of Marbles":23,"Red Skull":12,"InkBottle":25,"Toy Ornithopter":44,"Runic Pyramid":0},{"Regal Pillow":6,"Happy Flower":30,"Self Forming Clay":11,"Vajra":14,"Magic Flower":23,"Charon\u0027s Ashes":28,"Incense Burner":29,"War Paint":8,"Bottled Tornado":25,"Empty Cage":10,"MawBank":24,"Burning Blood":0,"Runic Dome":19,"Bottled Flame":15,"HornCleat":29,"Mummified Hand":5,"Bag of Marbles":14,"Red Skull":8,"InkBottle":14,"Toy Ornithopter":26,"Runic Pyramid":0},{"Regal Pillow":24,"Happy Flower":121,"Self Forming Clay":38,"Vajra":52,"Magic Flower":91,"Charon\u0027s Ashes":113,"Incense Burner":117,"War Paint":29,"Bottled Tornado":99,"Empty Cage":35,"MawBank":96,"Burning Blood":0,"Runic Dome":76,"Bottled Flame":57,"HornCleat":117,"Mummified Hand":20,"Bag of Marbles":52,"Red Skull":29,"InkBottle":52,"Toy Ornithopter":104,"Runic Pyramid":0}],"InkBottle":[28],"Toy Ornithopter":32},"card_choices":[{"not_picked":["Warcry","Pommel Strike"],"picked":"Uppercut","floor":1},{"not_picked":["Shockwave","Anger"],"picked":"Inflame","floor":2},{"not_picked":["Clash","Wild Strike"],"picked":"Anger","floor":4},{"not_picked":["Wild Strike","True Grit"],"picked":"Metallicize","floor":5},{"not_picked":["Reckless Charge","Clash"],"picked":"Flame Barrier","floor":7},{"not_picked":["Brutality","Havoc"],"picked":"Offering","floor":10},{"not_picked":["Wild Strike","Burning Pact","True Grit"],"picked":"SKIP","floor":11},{"not_picked":["Ghostly Armor","Warcry"],"picked":"Flame Barrier","floor":12},{"not_picked":["True Grit","Clash","Anger"],"picked":"SKIP","floor":14},{"not_picked":["Berserk","Brutality"],"picked":"Demon Form","floor":16},{"not_picked":["Twin Strike","Anger"],"picked":"Rage+1","floor":18},{"not_picked":["Armaments","Battle Trance"],"picked":"Metallicize","floor":21},{"not_picked":["Clothesline+1","Entrench"],"picked":"True Grit+1","floor":22},{"not_picked":["Power Through+1","Headbutt","Thunderclap"],"picked":"SKIP","floor":23},{"not_picked":["Perfected Strike","Evolve"],"picked":"Intimidate","floor":27},{"not_picked":["Sentinel","Twin Strike"],"picked":"Impervious","floor":28},{"not_picked":["Reckless Charge","Clothesline"],"picked":"Cleave","floor":29},{"not_picked":["Dual Wield","Uppercut"],"picked":"Twin Strike","floor":30},{"not_picked":["Bludgeon","Berserk"],"picked":"Fiend Fire","floor":33},{"not_picked":["Feel No Pain","Intimidate"],"picked":"Twin Strike+1","floor":35},{"not_picked":["Warcry","Clash","Hemokinesis"],"picked":"SKIP","floor":37},{"not_picked":["True Grit","Body Slam","Infernal Blade+1"],"picked":"SKIP","floor":38},{"not_picked":["Clothesline","Pommel Strike+1"],"picked":"Uppercut+1","floor":39},{"not_picked":["Limit Break","Warcry","Berserk"],"picked":"SKIP","floor":40},{"not_picked":["Havoc+1","Carnage"],"picked":"True Grit+1","floor":42},{"not_picked":["Warcry","Sentinel"],"picked":"Heavy Blade+1","floor":44},{"not_picked":["Flex","Perfected Strike+1","Pommel Strike+1"],"picked":"SKIP","floor":46},{"not_picked":["Flex+1","Clothesline+1"],"picked":"Feel No Pain","floor":48},{"not_picked":["Infernal Blade","Clothesline+1","Combust"],"picked":"SKIP","floor":54}],"player_experience":317044,"relics_obtained":[{"floor":7,"key":"Mummified Hand"},{"floor":10,"key":"Regal Pillow"},{"floor":12,"key":"Red Skull"},{"floor":23,"key":"Bag of Marbles"},{"floor":25,"key":"InkBottle"},{"floor":26,"key":"Vajra"},{"floor":27,"key":"Bottled Flame"},{"floor":39,"key":"Magic Flower"},{"floor":40,"key":"MawBank"},{"floor":43,"key":"Bottled Tornado"},{"floor":44,"key":"Toy Ornithopter"},{"floor":48,"key":"Charon\u0027s Ashes"},{"floor":54,"key":"Happy Flower"}],"event_choices":[{"damage_healed":0,"gold_gain":0,"player_choice":"Gave Potion","damage_taken":0,"relics_obtained":["War Paint"],"max_hp_gain":0,"max_hp_loss":0,"event_name":"WeMeetAgain","floor":13,"gold_loss":0},{"damage_healed":0,"gold_gain":0,"player_choice":"Shed Blood","damage_taken":20,"max_hp_gain":5,"max_hp_loss":0,"event_name":"Forgotten Altar","floor":19,"gold_loss":0},{"damage_healed":0,"gold_gain":0,"player_choice":"Upgraded","damage_taken":0,"max_hp_gain":0,"max_hp_loss":0,"event_name":"Upgrade Shrine","floor":36,"gold_loss":0,"cards_upgraded":["Fiend Fire"]},{"damage_healed":0,"gold_gain":0,"player_choice":"Fight","damage_taken":0,"max_hp_gain":0,"max_hp_loss":0,"event_name":"MindBloom","floor":39,"gold_loss":0}],"is_beta":false,"boss_relics":[{"not_picked":["Coffee Dripper","Tiny House"],"picked":"Empty Cage"},{"not_picked":["Calling Bell","Pandora\u0027s Box"],"picked":"Runic Dome"}],"items_purged_floors":[3,31],"is_endless":false,"potions_floor_spawned":[5,7,11,12,16,21,22,23,28,30,37,39,42,46],"ascension_level":7}}