{"host":"rm0ctv8qd8mnbkg1","time":1611673676,"event":{"mods":["Arknights The Spire","BaseMod","BetterRewards","Colored Map","DNKmod","Dark Map","Defuse TimeMaze Blight","Friendly Minions","HololiveMod","Infinite Spire","Minty Spire (QoL Compilation)","Permanent Neow","Rare Cards Sparkle","Reliquary","Replay The Spire","Shop Mod","Spicy Shops","Spire Arcade","StS++","StSLib","The Servant 0.9.4","Wandering Minibosses","[IsaacMod]????","??????REMEMod"],"gold_per_floor":[10110,9672,9672,9672,9354,9367,9385,9385,9408,9408,9418,9418,9348,9359,9359,9469,9469,9485,9380,9391,9391,9402,9402,9437,9437,9437,9437,9437,9469,9429,9444,9444,9548,9548,9566,9584,8603,8622,8638,8638,8668,8685,8685,8712,8742,8742,8775,8809,8809,8809],"floor_reached":51,"language":"ENG","playtime":1139,"items_purged":[],"score":936,"play_id":"bdb39175-a03e-4e73-9ce2-4e9ef05bcc1b","local_time":"20210126150756","is_ascension_mode":false,"campfire_choices":[{"data":"Judgement","floor":8,"key":"SMITH"},{"data":"ats:Leaping Hammer","floor":12,"key":"SMITH"},{"data":"ats:Neurotoxin","floor":15,"key":"SMITH"},{"data":"ats:Composite Medical Shells","floor":23,"key":"SMITH"},{"data":"ats:Armor Crushing Shot","floor":25,"key":"SMITH"},{"data":"ats:Assault Order","floor":27,"key":"SMITH"},{"data":"ats:Burning Ground","floor":32,"key":"SMITH"},{"data":"ats:Encircling Forest","floor":40,"key":"SMITH"},{"data":"ats:Healing Strengthening","floor":46,"key":"SMITH"},{"data":"ats:Support Order","floor":49,"key":"SMITH"}],"circlet_count":0,"master_deck":["ats:Strike C+1","ats:Strike G","ats:Strike S","ats:Strike V","ats:Armor Crushing Shot+1","ats:Defend+1","ats:Defend","ats:Defend","ats:Defend","ats:Emotion Absorption","Judgement+1","ats:Very Hot Blade","ats:Assault Order+1","ats:Revitalization","ats:Song Of Battle","ats:Poison Spread","ats:Leaping Hammer","ats:Leaping Hammer+1","ats:Song Of Battle","ats:Apocalypse","ats:Sashimi Platter+1","ats:Ignite+1","ats:Sashimi Platter","ats:Neurotoxin+1","ats:Calcification","ats:Ignite","ats:Burning Ground+1","ats:Powerful Strike+1","ats:Powerful Strike","ats:Composite Medical Shells+1","ats:Red Shift+1","ats:Consecutive Shot Auto","ats:Nebulous Foxfire","ats:Encircling Forest+1","ats:Mental Burst+1","ats:Part Time Job+1","ats:Healing Strengthening+1","ats:Counter Healing Mode","ats:Red Shift+1","ats:Support Order+1"],"relics":["ats:Sanity","REME_ComplimentaryCards","HushsDoor","MoneyPower","ats:Snipe","BFFS","SacredBark","ats:Originium","SharpPlug","reliquary:RedPaperclip","NineLifeCat","MyShadow","ats:Assault","ats:Support","ReplayTheSpireMod:Ninjato","Ginger","wanderingMiniBosses:AbyssPearl","StSpp:BrokenTotem","ats:Gyao"],"acts_visited":["Exordium","TheCity","TheBeyond"],"potions_floor_usage":[42],"damage_taken":[{"damage":0,"enemies":"Small Slimes","floor":1,"turns":1},{"damage":0,"enemies":"2 Louse","floor":6,"turns":2},{"damage":0,"enemies":"Cultist","floor":7,"turns":1},{"damage":0,"enemies":"Blue Slaver","floor":11,"turns":1},{"damage":0,"enemies":"Large Slime","floor":14,"turns":1},{"damage":6,"enemies":"The Guardian","floor":16,"turns":2},{"damage":0,"enemies":"Spheric Guardian","floor":18,"turns":1},{"damage":0,"enemies":"Shell Parasite","floor":20,"turns":1},{"damage":0,"enemies":"3 Cultists","floor":22,"turns":2},{"damage":0,"enemies":"Nightmare","floor":24,"turns":1},{"damage":0,"enemies":"Slavers","floor":29,"turns":2},{"damage":0,"enemies":"Chosen and Byrds","floor":31,"turns":1},{"damage":0,"enemies":"Collector","floor":33,"turns":1},{"damage":0,"enemies":"Orb Walker","floor":35,"turns":1},{"damage":3,"enemies":"3 Shapes","floor":36,"turns":1},{"damage":0,"enemies":"Transient","floor":38,"turns":3},{"damage":0,"enemies":"Spire Growth","floor":39,"turns":2},{"damage":0,"enemies":"Reptomancer","floor":41,"turns":1},{"damage":3,"enemies":"4 Shapes","floor":42,"turns":2},{"damage":0,"enemies":"Transient","floor":44,"turns":2},{"damage":0,"enemies":"Spire Growth","floor":45,"turns":2},{"damage":13,"enemies":"4 Shapes","floor":47,"turns":2},{"damage":5,"enemies":"Sphere and 2 Shapes","floor":48,"turns":2},{"damage":23,"enemies":"Awakened One","floor":50,"turns":3}],"seed_played":"5789796299437150398","potions_obtained":[{"floor":1,"key":"Swift Potion"},{"floor":18,"key":"FairyPotion"},{"floor":41,"key":"DistilledChaos"},{"floor":44,"key":"StSpp:InhibitionPotion"}],"is_trial":false,"path_per_floor":["M","$","?","?","$","M","M","R","T","?","M","R","$","M","R","B",null,"M","$","M","?","M","R","NM","R","T","R","?","E","?","M","R","B",null,"M","M","$","M","M","R","E","M","T","M","M","R","M","M","R","B",null],"character_chosen":"DOCTOR_CLASS","items_purchased":["ats:Assault Order","ats:Snipe","ats:Revitalization","ats:Song Of Battle","ats:Poison Spread","ats:Leaping Hammer","BFFS","ats:Song Of Battle","ats:Apocalypse","ats:Sashimi Platter+1","ats:Sashimi Platter","ats:Burning Ground","ats:Powerful Strike","NineLifeCat","ats:Nebulous Foxfire","MyShadow","ats:Assault","ats:Support","ReplayTheSpireMod:Ninjato","Ginger","ats:Encircling Forest"],"campfire_rested":0,"item_purchase_floors":[2,2,2,2,2,2,5,5,5,5,13,19,19,34,34,34,37,37,37,37,37],"current_hp_per_floor":[1000,1000,800,800,800,805,810,810,810,810,881,881,881,952,952,994,1000,1000,1000,1000,1000,1000,1000,1000,1000,1000,1000,1000,1000,1000,1000,1000,1000,231,231,228,228,231,231,231,231,228,228,231,231,231,218,216,216,231],"gold":8809,"neow_bonus":"HUNDRED_GOLD","is_daily":false,"chose_seed":false,"campfire_upgraded":10,"win_rate":0.0,"timestamp":1611673676,"path_taken":["M","$","?","?","$","M","M","R","T","?","M","R","$","M","R","BOSS","M","$","M","?","M","R","NM","R","T","R","?","E","?","M","R","BOSS","M","M","$","M","M","R","E","M","T","M","M","R","M","M","R","BOSS"],"items_purchased_type":["Card","Relic","Card","Card","Card","Card","Relic","Card","Card","Card","Card","Card","Card","Relic","Card","Relic","Relic","Relic","Relic","Relic","Card"],"build_version":"2020-12-22","purchased_purges":0,"victory":true,"max_hp_per_floor":[1000,1000,1000,1000,1000,1000,1000,1000,1000,1000,1000,1000,1000,1000,1000,1000,1000,1000,1000,1000,1000,1000,1000,1000,1000,1000,1000,1000,1000,1000,1000,1000,1000,231,231,231,231,231,231,231,231,231,231,231,231,231,231,231,231,231],"card_choices":[{"not_picked":[],"picked":"ChaosCard","floor":0},{"not_picked":["Bomb","ats:Rapid Magazine"],"picked":"ats:Very Hot Blade","floor":1},{"not_picked":["ats:Shell Defense","ats:Guard Mode","ats:Powerful Strike"],"picked":"SKIP","floor":6},{"not_picked":["ats:Blood Oath","ats:Automatic Cover","ats:Hook Shot"],"picked":"SKIP","floor":7},{"not_picked":["ats:Soul Rend","ats:Demon Strength"],"picked":"ats:Ignite","floor":11},{"not_picked":["ats:Collapsing Strike","ats:Powerful Strike"],"picked":"ats:Neurotoxin","floor":14},{"not_picked":["ats:Soul Rend","ats:Disruption Kick"],"picked":"ats:Calcification","floor":16},{"not_picked":["ats:Song Of Battle","ats:Cat Scratch"],"picked":"ats:Ignite","floor":18},{"not_picked":["ats:Revitalization+1","ats:Healing Drone"],"picked":"ats:Composite Medical Shells","floor":20},{"not_picked":["ats:Shell Defense","ats:Burning Ground"],"picked":"ats:Red Shift+1","floor":22},{"not_picked":["ats:Serious Mode+1","ats:Guard Mode","ats:Chain Hook"],"picked":"SKIP","floor":24},{"not_picked":["ats:Beaten Up+1","ats:Song Of Battle","ats:Absolute Focus"],"picked":"SKIP","floor":29},{"not_picked":["ats:Shell Defense+1","ats:Very Hot Blade"],"picked":"ats:Consecutive Shot Auto","floor":31},{"not_picked":["ats:Powerful Strike+1","ats:Poison Spread","ats:Shell Defense+1"],"picked":"SKIP","floor":35},{"not_picked":["ats:Hook Shot+1","ats:Spore Proliferation","ats:Poison Spread"],"picked":"SKIP","floor":36},{"not_picked":["ats:Beaten Up+1","ats:Demon Strength"],"picked":"ats:Mental Burst+1","floor":38},{"not_picked":["ats:Flexible Camouflage+1","ats:Leaping Hammer+1","ats:Shell Defense"],"picked":"SKIP","floor":39},{"not_picked":["ats:Guard Mode","ats:Calcification","ats:Flame Of Heaven+1"],"picked":"SKIP","floor":41},{"not_picked":["ats:Cat Scratch+1","ats:Hammer On+1"],"picked":"ats:Part Time Job+1","floor":42},{"not_picked":["ats:Guardian Obelisk","ats:Revitalization"],"picked":"ats:Healing Strengthening","floor":44},{"not_picked":["ats:Dogmatic Field","ats:Hook Shot+1"],"picked":"ats:Counter Healing Mode","floor":45},{"not_picked":["ats:Serious Mode+1","ats:Composite Medical Shells"],"picked":"ats:Red Shift+1","floor":47},{"not_picked":["ats:Flame Of Heaven+1","ats:Assault Order+1"],"picked":"ats:Support Order","floor":48}],"player_experience":180152,"relics_obtained":[{"floor":9,"key":"SalivaCoin"},{"floor":24,"key":"ats:Originium"},{"floor":26,"key":"SharpPlug"},{"floor":29,"key":"ats:Originium"},{"floor":29,"key":"Bag of Preparation"},{"floor":38,"key":"wanderingMiniBosses:AbyssPearl"},{"floor":41,"key":"ats:Originium"},{"floor":41,"key":"StSpp:BrokenTotem"},{"floor":43,"key":"ats:Gyao"}],"event_choices":[{"damage_healed":0,"gold_gain":0,"player_choice":"Entered Light","damage_taken":200,"max_hp_gain":0,"max_hp_loss":0,"event_name":"Shining Light","floor":3,"gold_loss":0,"cards_upgraded":["ats:Strike C","ats:Defend"]},{"damage_healed":0,"gold_gain":0,"player_choice":"Upgraded Two","damage_taken":0,"max_hp_gain":0,"max_hp_loss":0,"event_name":"Designer","floor":30,"gold_loss":40,"cards_upgraded":["ats:Ignite","ats:Powerful Strike"]}],"is_beta":false,"boss_relics":[{"not_picked":["Coffee Dripper","ats:Tactical Delivery"],"picked":"SacredBark"},{"not_picked":[]},{"not_picked":["reliquary:KinkedSpring","Replay:Grab Bag"],"picked":"reliquary:RedPaperclip"},{"not_picked":[]}],"items_purged_floors":[],"is_endless":false,"potions_floor_spawned":[1,6,18,20,33,35,36,41,44,45,47],"ascension_level":0}}