{"host":"snn1c4qsf0fj7fzf","time":1611634626,"event":{"mods":["AchievementEnabler","Aspiration","Astrologer","BaseMod","Colored Powertips","Downfall","Hermit","Infinite Spire","Lobotomy","Marisa????????","Minty Spire (QoL Compilation)","Random Character Button","Rare Cards Sparkle","Reimu??????","Reliquary","Replay The Spire","Shop Mod","Spire Arcade","StSLib","The Administrix","The Cursed","The Gatherer","The Hierophant","The Poker Player","The Runesmith","Wandering Minibosses"],"gold_per_floor":[112,112,37,60,60,90,90],"floor_reached":6,"language":"ENG","playtime":396,"items_purged":["Strike_P"],"score":34,"play_id":"07f5b1ff-fa74-43f0-8da3-100abe4f98b1","local_time":"20210126121706","is_ascension_mode":false,"campfire_choices":[],"circlet_count":0,"master_deck":["Strike_P","Strike_P","Strike_P","Defend_P","Defend_P","Defend_P","Defend_P","Eruption","Vigilance","EmptyFist","Replay:ManipulateFuture"],"relics":["PureWater","aspiration:Nostalgia","hermit:Momento","Golden Idol","ReplayTheSpireMod:Ring of Challenge","Ring of Fangs"],"acts_visited":["Exordium"],"potions_floor_usage":[6],"damage_taken":[{"damage":0.0,"enemies":"2 Louse","floor":1.0,"turns":2.0},{"damage":0.0,"enemies":"Jaw Worm","floor":4.0,"turns":3.0},{"damage":75,"enemies":"3 Sentries","floor":6,"turns":11}],"seed_played":"5980895776334110639","potions_obtained":[{"floor":1.0,"key":"Venom Potion"},{"floor":4.0,"key":"sneckomod:MuddlingPotion"}],"is_trial":false,"path_per_floor":["M","?","$","M","?","E"],"character_chosen":"WATCHER","items_purchased":[],"campfire_rested":0,"item_purchase_floors":[],"current_hp_per_floor":[72,67,67,67,67,0,0],"gold":90,"neow_bonus":"NOSTALGIA","is_daily":false,"chose_seed":false,"campfire_upgraded":0,"win_rate":0.0,"timestamp":1611634626,"path_taken":["M","?","$","M","?","E"],"items_purchased_type":[],"build_version":"2020-12-22","purchased_purges":1,"victory":false,"max_hp_per_floor":[72,67,67,67,67,67,67],"card_choices":[{"not_picked":["Wallop","EmptyMind"],"picked":"EmptyFist","floor":1.0},{"not_picked":["ClearTheMind","DeceiveReality"],"picked":"Replay:ManipulateFuture","floor":4.0}],"player_experience":329665,"relics_obtained":[{"floor":5.0,"key":"ReplayTheSpireMod:Ring of Challenge"},{"floor":5.0,"key":"Ring of Fangs"}],"event_choices":[{"damage_healed":0.0,"max_hp_gain":0.0,"max_hp_loss":5.0,"gold_gain":0.0,"event_name":"Golden Idol","player_choice":"Lose Max HP","floor":2.0,"gold_loss":0.0,"damage_taken":0.0,"relics_obtained":["Golden Idol"]}],"is_beta":false,"boss_relics":[],"items_purged_floors":[3],"is_endless":false,"potions_floor_spawned":[1,4],"killed_by":"3 Sentries","ascension_level":0}}