{"host":"kwnpvqmnt47pmyi1","time":1611678973,"event":{"mods":["AchievementEnabler","BaseMod","Bestiary","BetterRewards","Downfall","Hermit","Hubris","Marisa????????","Minty Spire (QoL Compilation)","Random Character Mod","Reliquary","Replay The Spire","StSLib","The Marked","The Servant 0.9.4"],"gold_per_floor":[99,112,131,131,78,112,112,262,287,272,272,72,57,69,79,175,175,275,275,275],"floor_reached":18,"language":"ENG","playtime":2167,"items_purged":[],"score":168,"play_id":"1c786cdd-288c-4754-973d-65f058deb4e9","local_time":"20210126083613","is_ascension_mode":false,"campfire_choices":[{"floor":1,"key":"RECALL"},{"data":"champ:Circumvent","floor":12,"key":"SMITH"}],"circlet_count":0,"master_deck":["champ:Strike","champ:Strike","champ:Strike","champ:Strike","champ:Defend","champ:Defend","champ:Defend","champ:Defend","champ:Execute","champ:Taunt","champ:FocusedDefense","champ:StanceDance","champ:PreciseThrust","champ:ShieldWall","champ:ShieldSlam","downfall:Icky","champ:EnGarde","champ:Circumvent+1","champ:BerserkersShout","champ:DancingMaster","champ:ArenaPreparation","champ:VampiricStrike","J.A.X.","champ:GutPunch+1"],"relics":["champ:ChampionCrown","Mummified Hand","Blue Candle","reliquary:ExpiredCoupon","downfall:HeartBlessingRed","downfall:HeartBlessingGreen","Replay:Grab Bag","hubris:CrackedHourglass","Fusion Hammer","Ring of Chaos","MutagenicStrength"],"acts_visited":["Exordium","TheCity"],"potions_floor_usage":[],"damage_taken":[{"damage":20,"enemies":"Cultist","floor":2,"turns":3},{"damage":14,"enemies":"Jaw Worm","floor":3,"turns":4},{"damage":20,"enemies":"downfall:FleeingMerchant","floor":5,"turns":4},{"damage":52,"enemies":"Gremlin Nob","floor":6,"turns":5},{"damage":18,"enemies":"Lagavulin","floor":9,"turns":8},{"damage":25,"enemies":"downfall:FleeingMerchant","floor":10,"turns":4},{"damage":10,"enemies":"downfall:FleeingMerchant","floor":13,"turns":4},{"damage":10,"enemies":"Small Slimes","floor":14,"turns":3},{"damage":10,"enemies":"Blue Slaver","floor":15,"turns":4},{"damage":94,"enemies":"WA_ARCHETYPE_RETAIN","floor":16,"turns":13},{"damage":52,"enemies":"downfall:Augmenter","floor":18,"turns":6}],"seed_played":"2868831259595557187","potions_obtained":[{"floor":9,"key":"FairyPotion"},{"floor":15,"key":"Doom Potion"},{"floor":16,"key":"champ:CounterPotion"}],"is_trial":false,"path_per_floor":["R","M","M","?","$","E","T","?","E","$","?","R","$","M","M","B",null,"R"],"character_chosen":"THE_CHAMP","items_purchased":["champ:ShieldWall"],"campfire_rested":0,"item_purchase_floors":[5],"current_hp_per_floor":[99,99,95,95,95,68,68,68,55,45,45,45,45,45,45,22,99,67,67,67],"gold":275,"neow_bonus":"TEN_PERCENT_HP_BONUS","is_daily":false,"chose_seed":false,"campfire_upgraded":1,"win_rate":0.0,"timestamp":1611678973,"path_taken":["R","M","M","?","$","E","T","?","E","$","?","R","?","M","M","BOSS","R"],"items_purchased_type":["Card"],"build_version":"2020-12-22","purchased_purges":0,"victory":false,"max_hp_per_floor":[99,99,99,99,99,99,99,99,99,99,99,99,99,99,99,99,99,99,99,99],"card_choices":[{"not_picked":["champ:Haymaker","champ:PreciseThrust"],"picked":"champ:FocusedDefense","floor":2},{"not_picked":["champ:CalledShot","champ:BladeFlurry"],"picked":"champ:StanceDance","floor":3},{"not_picked":["champ:DefensiveShout","champ:StanceDance"],"picked":"champ:PreciseThrust","floor":5},{"not_picked":["champ:DefensiveShout","champ:StanceDance"],"picked":"champ:ShieldSlam","floor":6},{"not_picked":["champ:MurderStrike","champ:RisingSlash"],"picked":"champ:EnGarde","floor":9},{"not_picked":["champ:PerfectedStrike","champ:BladeFlurry"],"picked":"champ:Circumvent","floor":10},{"not_picked":["champ:CrownThrow","champ:FlashCut"],"picked":"champ:BladeFlurry","floor":13},{"not_picked":["champ:Encircle","champ:DefensiveShout"],"picked":"champ:BringItOn","floor":14},{"not_picked":["champ:Lariat","champ:BringItOn"],"picked":"champ:BerserkersShout","floor":15},{"not_picked":["champ:CheapShot","champ:ShieldThrow"],"picked":"champ:DancingMaster","floor":16},{"not_picked":[],"picked":"J.A.X.","floor":18},{"not_picked":["champ:BerserkersShout","champ:EnGarde"],"picked":"champ:GutPunch+1","floor":18}],"player_experience":260975,"relics_obtained":[{"floor":6,"key":"Blue Candle"},{"floor":9,"key":"reliquary:ExpiredCoupon"},{"floor":18,"key":"MutagenicStrength"}],"event_choices":[],"is_beta":false,"boss_relics":[{"not_picked":["Philosopher\u0027s Stone","Sozu"],"picked":"Replay:Grab Bag"},{"not_picked":["Coffee Dripper","reliquary:RedPaperclip"],"picked":"hubris:CrackedHourglass"},{"not_picked":["reliquary:Ember","ChewingGum"],"picked":"Fusion Hammer"},{"not_picked":["hubris:ScarierMask","hubris:HollowSoul"],"picked":"Ring of Chaos"}],"items_purged_floors":[],"is_endless":false,"potions_floor_spawned":[9,15,16],"killed_by":"downfall:Augmenter","ascension_level":0}}