{"host":"5uvzo7moqy5vd63g","time":1611629898,"event":{"mods":["Aspiration","BaseMod","Conspire","Curses Come First","Dio Mod","Downfall","Hermit","Hubris","Jedi Mod","Mimic Mod","Minty Spire (QoL Compilation)","Replay The Spire","StSLib","Wandering Minibosses"],"gold_per_floor":[174,193,24,24,234,5,74,89,103,103,133,145,145,247,277,390,402,319,349,361,435,464,476,527,564,592,604,766,778,809,856,891,903,903,903],"floor_reached":33,"language":"ENG","playtime":2272,"items_purged":["Hallucinations","ReplayTheSpireMod:Doomed"],"score":444,"play_id":"7acff73a-0e6e-4f01-b897-8216d034a1ab","local_time":"20210125215818","is_ascension_mode":false,"campfire_choices":[{"floor":13.0,"key":"REST"},{"floor":29,"key":"REST"}],"circlet_count":0,"master_deck":["bronze:Strike","bronze:Strike","bronze:Strike","bronze:Strike","bronze:Defend","bronze:Defend","bronze:Defend","bronze:Defend","bronze:Replicate","bronze:Goto","bronze:Overheat","bronze:Iterate","bronze:GetLatest","bronze:Break","bronze:CloningBeam","bronze:Philosophize","bronze:WildBeam","bronze:BugBarrage","bronze:InfiniteBeams","bronze:Shield","bronze:InfiniteBeams","bronze:Repulsor","bronze:MaxOutput","CommonCold","hubris:Greed","Overencumbered","bronze:TinkerersToolbox+1","bronze:Overheat","bronze:FollowUp","hubris:Envy","bronze:WildBeam","bronze:Invalidate","bronze:Safeguard+1","Injury","Hallucinations","bronze:Deprecate+1","bronze:BugBarrage+1","Normality","bronze:HardenedForm+1"],"relics":["bronze:BronzeCore","conspire:TreasureMap","ReplayTheSpireMod:Ring of Collecting","ReplayTheSpireMod:Ring of Exchange","Ring of Searing","Golden Egg","bronze:ProtectiveGoggles","Ring of Greed","Membership Card","MawBank","conspire:SpecialSausage","downfall:HeartBlessingGreen","downfall:HeartBlessingBlue","White Beast Statue","downfall:KnowingSkull","aspiration:RitualStick","ReplayTheSpireMod:Shallot","Ring of Hypnosis","ReplayTheSpireMod:CursedCoin","Replay:Kaleidoscope"],"acts_visited":["Exordium","TheCity"],"potions_floor_usage":[16,16,19,22,24,25,25,31,32,33],"damage_taken":[{"damage":6.0,"enemies":"Jaw Worm","floor":2.0,"turns":4.0},{"damage":0.0,"enemies":"downfall:FleeingMerchant","floor":3.0,"turns":4.0},{"damage":8.0,"enemies":"downfall:FleeingMerchant","floor":6.0,"turns":4.0},{"damage":1.0,"enemies":"conspire:RoseBush","floor":8.0,"turns":2.0},{"damage":0.0,"enemies":"Small Slimes","floor":9.0,"turns":3.0},{"damage":18.0,"enemies":"Lagavulin","floor":11.0,"turns":5.0},{"damage":12.0,"enemies":"Blue Slaver","floor":12.0,"turns":2.0},{"damage":0.0,"enemies":"2 Fungi Beasts","floor":15.0,"turns":1.0},{"damage":17,"enemies":"DF_ARCHETYPE_STREAMLINE","floor":16,"turns":6},{"damage":20,"enemies":"downfall:LadyInBlue","floor":18,"turns":3},{"damage":10,"enemies":"Chosen","floor":19,"turns":3},{"damage":3,"enemies":"Spheric Guardian","floor":21,"turns":2},{"damage":27,"enemies":"Snake Plant","floor":22,"turns":3},{"damage":0,"enemies":"Centurion and Healer","floor":24,"turns":4},{"damage":0,"enemies":"Centurion and Healer","floor":25,"turns":4},{"damage":0,"enemies":"Shelled Parasite and Fungi","floor":26,"turns":4},{"damage":0,"enemies":"Chosen and Byrds","floor":30,"turns":3},{"damage":19,"enemies":"Book of Stabbing","floor":31,"turns":5},{"damage":0,"enemies":"conspire:HollyBat","floor":32,"turns":7},{"damage":15,"enemies":"WA_ARCHETYPE_CALM","floor":33,"turns":2}],"seed_played":"3581233136828507714","potions_obtained":[{"floor":8.0,"key":"sneckomod:MuddlingPotion"},{"floor":9.0,"key":"BlessingOfTheForge"},{"floor":12.0,"key":"Cursed Concoction"},{"floor":18,"key":"Adrenaline Potion"},{"floor":18,"key":"conspire:TimeTravelPotion"},{"floor":18,"key":"Cursed Concoction"},{"floor":19,"key":"sneckomod:MuddlingPotion"},{"floor":22,"key":"bronze:FreeFunctionsPotion"},{"floor":24,"key":"Explosive Potion"},{"floor":25,"key":"sneckomod:MuddlingPotion"},{"floor":26,"key":"BlessingOfTheForge"},{"floor":31,"key":"PowerPotion"},{"floor":32,"key":"Elixir"}],"is_trial":false,"path_per_floor":["R","M","$","?","?","$","T","M","M","?","E","M","R","T","M","B",null,"R","M","?","M","M","?","MIM","M","M","?","$","R","M","E","M","B"],"character_chosen":"THE_AUTOMATON","items_purchased":["conspire:TreasureMap","bronze:Philosophize","bronze:WildBeam","bronze:BugBarrage","ReplayTheSpireMod:CursedCoin"],"campfire_rested":2,"item_purchase_floors":[3,6,6,6,28],"current_hp_per_floor":[70,64,64,64,47,39,39,38,38,43,25,13,35,35,35,18,75,65,55,48,45,31,14,14,14,14,14,9,34,34,15,15,0,0,0],"gold":903,"neow_bonus":"THREE_CARDS","is_daily":false,"chose_seed":false,"campfire_upgraded":0,"win_rate":0.0,"timestamp":1611629898,"path_taken":["R","M","$","?","?","?","T","M","M","?","E","M","R","?","M","BOSS","R","M","?","?","M","?","MIM","M","?","?","?","R","M","E","M","BOSS"],"items_purchased_type":["Relic","Card","Card","Card","Relic"],"build_version":"2020-12-22","purchased_purges":2,"victory":false,"max_hp_per_floor":[70,70,70,70,70,70,70,70,70,75,75,75,75,75,75,75,75,85,85,85,85,85,85,85,85,85,85,85,85,85,85,85,85,85,85],"card_choices":[{"not_picked":["bronze:ForLoop","bronze:WhirlingStrike"],"picked":"bronze:Overheat","floor":0.0},{"not_picked":["bronze:DelayedSlice","bronze:Shield"],"picked":"bronze:Iterate","floor":2.0},{"not_picked":["bronze:BuggyMess","bronze:CutThrough"],"picked":"bronze:GetLatest","floor":3.0},{"not_picked":["bronze:BitShift","bronze:ChildClass"],"picked":"bronze:Break","floor":5.0},{"not_picked":["bronze:BitShift","bronze:NullPointer"],"picked":"bronze:CloningBeam","floor":6.0},{"not_picked":["bronze:DelayedGuard","bronze:Iterate"],"picked":"bronze:InfiniteBeams","floor":8.0},{"not_picked":["bronze:Return","bronze:DelayedGuard"],"picked":"bronze:Shield","floor":9.0},{"not_picked":["bronze:Boost","bronze:DelayedGuard"],"picked":"bronze:InfiniteBeams","floor":11.0},{"not_picked":["bronze:Boost","bronze:Flail"],"picked":"bronze:Repulsor","floor":12.0},{"not_picked":["bronze:Flail","bronze:Format"],"picked":"bronze:MaxOutput","floor":15.0},{"not_picked":["bronze:CleanCode","bronze:Assembly"],"picked":"bronze:TinkerersToolbox","floor":16},{"not_picked":["bronze:DelayedGuard+1","bronze:Branch"],"picked":"bronze:Overheat","floor":18},{"not_picked":["bronze:CloningBeam","bronze:Separator"],"picked":"bronze:FollowUp","floor":19},{"not_picked":["bronze:Return","bronze:Separator"],"picked":"bronze:WildBeam","floor":21},{"not_picked":["bronze:Overheat","bronze:Frontload"],"picked":"bronze:Invalidate","floor":22},{"not_picked":["bronze:Invalidate+1","bronze:ChildClass"],"picked":"bronze:Safeguard+1","floor":25},{"not_picked":["bronze:BitShift","bronze:Optimize","bronze:BuggyMess"],"picked":"SKIP","floor":26},{"not_picked":["bronze:Backtrace","bronze:OilSpill"],"picked":"bronze:Deprecate+1","floor":30},{"not_picked":["bronze:Flail","bronze:Constructor"],"picked":"bronze:BugBarrage+1","floor":31},{"not_picked":["bronze:Shell","bronze:BuggyMess"],"picked":"bronze:HardenedForm","floor":32}],"player_experience":614492,"relics_obtained":[{"floor":4.0,"key":"ReplayTheSpireMod:Ring of Collecting"},{"floor":4.0,"key":"ReplayTheSpireMod:Ring of Exchange"},{"floor":7.0,"key":"Ring of Searing"},{"floor":7.0,"key":"Golden Egg"},{"floor":11.0,"key":"bronze:ProtectiveGoggles"},{"floor":14.0,"key":"Ring of Greed"},{"floor":14.0,"key":"Membership Card"},{"floor":14.0,"key":"MawBank"},{"floor":18,"key":"White Beast Statue"},{"floor":24,"key":"ReplayTheSpireMod:Shallot"},{"floor":24,"key":"Ring of Hypnosis"},{"floor":31,"key":"Replay:Kaleidoscope"}],"event_choices":[{"damage_healed":0.0,"max_hp_gain":5.0,"max_hp_loss":0.0,"gold_gain":0.0,"event_name":"Big Fish","player_choice":"Donut","floor":10.0,"gold_loss":0.0,"damage_taken":0.0}],"is_beta":false,"boss_relics":[{"not_picked":["Strange Spoon","jedi:paperlyon"],"picked":"conspire:SpecialSausage"}],"items_purged_floors":[6,28],"is_endless":false,"potions_floor_spawned":[8,9,12,19,21,22,24,25,26,30,31,32],"killed_by":"WA_ARCHETYPE_CALM","ascension_level":0}}