{"host":"94qggqh0xz0sp6ai","time":1611630576,"event":{"mods":["100% Spire Juice","Abigail Mod","Act Like it!","BaseMod","CapriCore","Downfall","Friendly Minions","Gensokyo","Hermit","Jorbs\u0027s Wanderer Trilogy","Koishi","Marisa（霧雨　魔理沙）","Minty Spire (QoL Compilation)","Permanent Neow","Reimu（博??梦）","StSLib","The Alterego","The Construct","The Cursed","The Hierophant","The Immortal","The Marked","The Servant 0.9.4","TheBandit","Waifu the Spire"],"gold_per_floor":[109,36,52,52,71,99,99,128,152,152,184,195,207,22,22,127,127,137,137,154,154,154,154,193,193,271,271,305,329,329,357,357,471,471,498,521,135,196,255,298,298,307,307,307,11,11,0,31,31,31],"floor_reached":51,"language":"ENG","playtime":2565,"items_purged":[],"score":1029,"play_id":"790159a4-93a7-4a4c-b229-3686a65b8633","local_time":"20210125210936","is_ascension_mode":true,"campfire_choices":[{"floor":7,"key":"REST"},{"floor":10,"key":"REST"},{"floor":15,"key":"REST"},{"data":"hermit:LoneWolf","floor":23,"key":"SMITH"},{"floor":25,"key":"REST"},{"data":"hermit:Adapt","floor":27,"key":"SMITH"},{"floor":30,"key":"REST"},{"floor":32,"key":"REST"},{"floor":41,"key":"REST"},{"data":"hermit:ShadowCloak","floor":44,"key":"SMITH"},{"data":"hermit:FromBeyond","floor":46,"key":"SMITH"},{"data":"hermit:Dissolve","floor":49,"key":"SMITH"}],"circlet_count":0,"master_deck":["hermit:Strike_Hermit+1","hermit:Defend_Hermit+1","hermit:Defend_Hermit+1","hermit:Defend_Hermit+1","hermit:Defend_Hermit+1","hermit:Snapshot","hermit:Covet","hermit:Feint","hermit:Misfire","hermit:Dive","hermit:Spite+1","hermit:Dive","hermit:PistolWhip","hermit:Adapt+1","hermit:PistolWhip+1","hermit:ShadowCloak+1","hermit:LoneWolf+1","hermit:Dissolve+1","hermit:BodyArmor+1","hermit:BigShot+1","hermit:DeadMansHand+1","hermit:Deadeye","hermit:ItchyTrigger","hermit:FromBeyond+1","hermit:FlashPowder+1","hermit:Feint+1","hermit:Spite+1","hermit:FatalDesire","hermit:WideOpen+1","hermit:Virtue+1","Bandage Up+1","hermit:TakeCover+1","hermit:EyeOfTheStorm+1","hermit:HoleUp+1","Enlightenment+1"],"relics":["hermit:Momento","Pantograph","WingedGreaves","RuthlessExorcism:ReiMu","Orichalcum","Juzu Bracelet","Guardian:PocketSentry","Astrolabe","MutagenicStrength","CeramicFish","Toxic Egg 2","Whetstone","construct:WeddingRing","Oddly Smooth Stone","Lee\u0027s Waffle","Incense Burner","PureWhite:ReiMu","Calipers","Letter Opener","Mastiff:ReiMu","TentaclePot:ReiMu","Red Mask","Bag of Preparation"],"acts_visited":["Exordium","TheCity","TheBeyond"],"potions_floor_usage":[11,24,24,24,24,24,28,33,38,40,50],"damage_taken":[{"damage":6,"enemies":"Cultist","floor":1,"turns":3},{"damage":8,"enemies":"2 Louse","floor":3,"turns":3},{"damage":1,"enemies":"Jaw Worm","floor":5,"turns":4},{"damage":28,"enemies":"3 Sentries","floor":6,"turns":9},{"damage":36,"enemies":"Lagavulin","floor":8,"turns":11},{"damage":19,"enemies":"Gremlin Nob","floor":11,"turns":5},{"damage":0,"enemies":"Exordium Thugs","floor":12,"turns":4},{"damage":6,"enemies":"Red Slaver","floor":13,"turns":3},{"damage":18,"enemies":"Slime Boss","floor":16,"turns":12},{"damage":0,"enemies":"Spheric Guardian","floor":18,"turns":4},{"damage":6,"enemies":"Shell Parasite","floor":20,"turns":7},{"damage":63,"enemies":"Gremlin Leader","floor":24,"turns":13},{"damage":8,"enemies":"Book of Stabbing","floor":28,"turns":6},{"damage":20,"enemies":"Snecko","floor":29,"turns":7},{"damage":4,"enemies":"Centurion and Healer","floor":31,"turns":10},{"damage":71,"enemies":"Champ","floor":33,"turns":19},{"damage":1,"enemies":"Orb Walker","floor":35,"turns":5},{"damage":4,"enemies":"3 Shapes","floor":36,"turns":6},{"damage":37,"enemies":"2 Orb Walkers","floor":38,"turns":7},{"damage":4,"enemies":"Mind Bloom Boss Battle","floor":39,"turns":8},{"damage":24,"enemies":"Reptomancer","floor":40,"turns":10},{"damage":1,"enemies":"Nemesis","floor":48,"turns":7},{"damage":4,"enemies":"Awakened One","floor":50,"turns":13}],"seed_played":"-5692498076084244585","potions_obtained":[{"floor":5,"key":"hermit:Eclipse"},{"floor":8,"key":"Regen Potion"},{"floor":13,"key":"BlessingOfTheForge"},{"floor":16,"key":"EntropicBrew"},{"floor":24,"key":"Swift Potion"},{"floor":33,"key":"bronze:BurnAndBuffPotion"},{"floor":35,"key":"bronze:BurnAndBuffPotion"},{"floor":36,"key":"SkillPotion"},{"floor":40,"key":"Swift Potion"},{"floor":48,"key":"Swift Potion"}],"is_trial":false,"path_per_floor":["M","$","M","T","M","E","R","E","T","R","E","M","M","$","R","B",null,"M","?","M","?","?","R","E","R","T","R","E","M","R","M","R","B",null,"M","M","$","?","?","E","R","?","T","R","$","R","?","E","R","B",null],"character_chosen":"HERMIT","items_purchased":["hermit:Feint","hermit:Misfire","Guardian:PocketSentry","hermit:LoneWolf","Oddly Smooth Stone","Lee\u0027s Waffle","Bandage Up+1","Mastiff:ReiMu","TentaclePot:ReiMu"],"campfire_rested":7,"item_purchase_floors":[2,2,14,14,37,37,37,45,45],"current_hp_per_floor":[69,69,61,61,60,32,56,20,20,44,39,39,33,33,57,64,78,78,78,72,72,72,72,9,33,33,33,25,5,29,25,49,3,62,61,57,89,52,79,61,87,87,87,87,87,87,87,89,89,88],"gold":31,"neow_bonus":"TEN_PERCENT_HP_BONUS","is_daily":false,"chose_seed":false,"campfire_upgraded":5,"win_rate":0.0,"timestamp":1611630576,"path_taken":["M","$","M","?","M","E","R","E","T","R","E","M","M","$","R","BOSS","M","?","M","?","?","R","E","R","T","R","E","M","R","M","R","BOSS","M","M","$","?","?","E","R","?","T","R","?","R","?","E","R","BOSS"],"items_purchased_type":["Card","Card","Relic","Card","Relic","Relic","Card","Relic","Relic"],"build_version":"2020-12-22","purchased_purges":0,"victory":true,"max_hp_per_floor":[82,82,82,82,82,82,82,82,82,82,82,82,82,82,82,82,82,82,82,82,82,82,82,82,82,82,82,82,82,82,82,82,82,82,82,82,89,89,89,89,89,89,89,89,89,89,89,89,89,89],"card_choices":[{"not_picked":["hermit:BodyArmor","hermit:Snipe"],"picked":"hermit:Vantage","floor":1},{"not_picked":["hermit:Headshot","hermit:Quickdraw"],"picked":"hermit:Dive","floor":3},{"not_picked":["hermit:Midnight","hermit:Manifest"],"picked":"hermit:Spite","floor":5},{"not_picked":["hermit:SprayPray","hermit:Gestalt"],"picked":"hermit:Dive","floor":6},{"not_picked":["hermit:Headshot","hermit:Shortfuse"],"picked":"hermit:PistolWhip","floor":8},{"not_picked":["hermit:Manifest","hermit:Desperado"],"picked":"hermit:Adapt","floor":11},{"not_picked":["hermit:Feint","hermit:Brawl"],"picked":"hermit:PistolWhip","floor":12},{"not_picked":["hermit:FatalDesire","hermit:CalledShot"],"picked":"hermit:ShadowCloak","floor":13},{"not_picked":["hermit:OverwhelmingPower","hermit:Adapt"],"picked":"hermit:Dissolve","floor":16},{"not_picked":["hermit:CalledShot","hermit:TrackingShot+1"],"picked":"hermit:Deadeye","floor":18},{"not_picked":["hermit:Manifest","hermit:Combo"],"picked":"hermit:ItchyTrigger","floor":20},{"not_picked":["hermit:Snipe+1","hermit:LowProfile"],"picked":"hermit:FromBeyond","floor":24},{"not_picked":["hermit:Snipe+1","hermit:Headshot"],"picked":"hermit:FlashPowder+1","floor":28},{"not_picked":["hermit:Showdown","hermit:GoldenBullet+1"],"picked":"hermit:Feint+1","floor":29},{"not_picked":["hermit:LoneWolf+1","hermit:Ricochet"],"picked":"hermit:Spite+1","floor":31},{"not_picked":["hermit:Adapt","hermit:EternalForm"],"picked":"hermit:FatalDesire","floor":33},{"not_picked":["hermit:ItchyTrigger","hermit:Midnight+1"],"picked":"hermit:WideOpen+1","floor":35},{"not_picked":["hermit:Roulette","hermit:BodyArmor+1"],"picked":"hermit:Virtue+1","floor":36},{"not_picked":["hermit:Roulette","hermit:SprayPray"],"picked":"hermit:TakeCover+1","floor":38},{"not_picked":["hermit:Cheat+1","hermit:LowProfile+1"],"picked":"hermit:EyeOfTheStorm+1","floor":39},{"not_picked":["hermit:Headshot","hermit:Cheat+1"],"picked":"hermit:HoleUp+1","floor":40},{"not_picked":["Dark Shackles+1","Jack Of All Trades+1"],"picked":"Enlightenment+1","floor":42},{"not_picked":["hermit:BigShot+1","hermit:ItchyTrigger","hermit:Desperado+1"],"picked":"SKIP","floor":48}],"player_experience":1417861,"relics_obtained":[{"floor":4,"key":"Pantograph"},{"floor":6,"key":"WingedGreaves"},{"floor":8,"key":"RuthlessExorcism:ReiMu"},{"floor":9,"key":"Orichalcum"},{"floor":11,"key":"Juzu Bracelet"},{"floor":24,"key":"CeramicFish"},{"floor":26,"key":"Toxic Egg 2"},{"floor":28,"key":"Whetstone"},{"floor":38,"key":"Incense Burner"},{"floor":39,"key":"PureWhite:ReiMu"},{"floor":40,"key":"Calipers"},{"floor":43,"key":"Letter Opener"},{"floor":48,"key":"Bag of Preparation"}],"event_choices":[{"damage_healed":0,"gold_gain":0,"player_choice":"Inject Mutagens","damage_taken":0,"relics_obtained":["MutagenicStrength"],"max_hp_gain":0,"max_hp_loss":0,"event_name":"Drug Dealer","floor":19,"gold_loss":0},{"damage_healed":0,"gold_gain":0,"player_choice":"Simplicity","damage_taken":0,"max_hp_gain":0,"max_hp_loss":0,"event_name":"Back to Basics","floor":21,"gold_loss":0,"cards_upgraded":["hermit:Strike_Hermit","hermit:Defend_Hermit","hermit:Defend_Hermit","hermit:Defend_Hermit","hermit:Defend_Hermit"]},{"cards_removed":["hermit:Vantage"],"damage_healed":0,"gold_gain":0,"player_choice":"Purged","damage_taken":0,"max_hp_gain":0,"max_hp_loss":0,"event_name":"Purifier","floor":22,"gold_loss":0},{"damage_healed":0,"gold_gain":0,"player_choice":"Fight","damage_taken":0,"max_hp_gain":0,"max_hp_loss":0,"event_name":"Mysterious Sphere","floor":38,"gold_loss":0},{"damage_healed":0,"gold_gain":0,"player_choice":"Fight","damage_taken":0,"max_hp_gain":0,"max_hp_loss":0,"event_name":"MindBloom","floor":39,"gold_loss":0},{"damage_healed":0,"gold_gain":0,"player_choice":"Memory 1","damage_taken":0,"max_hp_gain":0,"max_hp_loss":0,"event_name":"SensoryStone","floor":42,"gold_loss":0},{"damage_healed":0,"gold_gain":0,"player_choice":"Paid","damage_taken":0,"relics_obtained":["Red Mask"],"max_hp_gain":0,"max_hp_loss":0,"event_name":"Tomb of Lord Red Mask","floor":47,"gold_loss":11}],"is_beta":false,"boss_relics":[{"not_picked":["Tiny House","bronze:MakeshiftBattery"],"picked":"Astrolabe"},{"not_picked":["Philosopher\u0027s Stone","Empty Cage"],"picked":"construct:WeddingRing"}],"items_purged_floors":[],"is_endless":false,"potions_floor_spawned":[5,8,13,16,18,24,33,35,36,40,48],"ascension_level":7}}