{"host":"na09lpbrez4gbfiz","time":1611703942,"event":{"mods":["Act Like it!","BaseMod","BetterRewards","Colored Map","Colored Powertips","DeckTracker","Googly Eyes","Highlight Path","Minty Spire (QoL Compilation)","Quick Restart","Spicy Shops","StSLib","SuperFastMode","Synergy Search"],"gold_per_floor":[123,135,147,173,185,197,234,246,258,287,299,321,343,373,385,397,397],"floor_reached":16,"language":"ENG","playtime":491,"items_purged":[],"score":133,"play_id":"52f4e43b-798f-4353-b9d0-b476b38f24e6","local_time":"20210127003222","is_ascension_mode":true,"campfire_choices":[{"data":"True Grit","floor":6,"key":"SMITH"},{"floor":8,"key":"REST"},{"data":"Bash","floor":11,"key":"SMITH"},{"data":"Shrug It Off","floor":15,"key":"SMITH"}],"circlet_count":0,"master_deck":["Strike_R","Strike_R","Strike_R","Strike_R","Defend_R","Defend_R","Defend_R","Defend_R","Bash+1","Shrug It Off+1","True Grit+1","Ghostly Armor"],"relics":["Burning Blood","MawBank","FossilizedHelix","Gremlin Horn","Mummified Hand"],"acts_visited":["Exordium"],"potions_floor_usage":[16,16],"damage_taken":[{"damage":6,"enemies":"2 Louse","floor":1,"turns":3},{"damage":9,"enemies":"Jaw Worm","floor":4,"turns":5},{"damage":52,"enemies":"3 Sentries","floor":7,"turns":20},{"damage":0,"enemies":"Cultist","floor":10,"turns":4},{"damage":3,"enemies":"Looter","floor":12,"turns":3},{"damage":0,"enemies":"3 Louse","floor":13,"turns":5},{"damage":22,"enemies":"Exordium Wildlife","floor":14,"turns":10},{"damage":49,"enemies":"Slime Boss","floor":16,"turns":11}],"seed_played":"748344820496655345","potions_obtained":[{"floor":1,"key":"LiquidMemories"},{"floor":14,"key":"DistilledChaos"}],"is_trial":false,"path_per_floor":["M","?","?","M","$","R","E","R","T","M","R","M","M","M","R","B"],"character_chosen":"IRONCLAD","items_purchased":[],"campfire_rested":1,"item_purchase_floors":[],"current_hp_per_floor":[72,72,69,66,66,66,20,44,44,50,50,53,59,43,43,0,0],"gold":397,"neow_bonus":"RANDOM_COMMON_RELIC","is_daily":false,"chose_seed":false,"campfire_upgraded":3,"win_rate":0.0,"timestamp":1611703942,"path_taken":["M","?","?","M","?","R","E","R","T","M","R","M","?","M","R","BOSS"],"items_purchased_type":[],"build_version":"2020-12-22","purchased_purges":0,"victory":false,"max_hp_per_floor":[80,80,80,80,80,80,80,80,80,80,80,80,80,80,80,80,80],"card_choices":[{"not_picked":["Second Wind","Pommel Strike"],"picked":"Shrug It Off","floor":1},{"not_picked":["Spot Weakness","Burning Pact"],"picked":"True Grit","floor":4},{"not_picked":["Armaments","Fiend Fire","Body Slam"],"picked":"SKIP","floor":7},{"not_picked":["Dual Wield","Cleave","Pommel Strike"],"picked":"SKIP","floor":10},{"not_picked":["Twin Strike","Body Slam","Pommel Strike"],"picked":"SKIP","floor":12},{"not_picked":["Flame Barrier","Perfected Strike","Battle Trance"],"picked":"SKIP","floor":13},{"not_picked":["Reckless Charge","Combust"],"picked":"Ghostly Armor","floor":14}],"player_experience":167985,"relics_obtained":[{"floor":7,"key":"Gremlin Horn"},{"floor":9,"key":"Mummified Hand"}],"event_choices":[{"cards_removed":["Strike_R"],"damage_healed":0,"gold_gain":0,"player_choice":"Forget","damage_taken":0,"max_hp_gain":0,"max_hp_loss":0,"event_name":"Living Wall","floor":2,"gold_loss":0},{"damage_healed":0,"gold_gain":0,"player_choice":"Success","damage_taken":3,"relics_obtained":["FossilizedHelix"],"max_hp_gain":0,"max_hp_loss":0,"event_name":"Scrap Ooze","floor":3,"gold_loss":0}],"is_beta":false,"boss_relics":[],"items_purged_floors":[],"is_endless":false,"potions_floor_spawned":[1,14],"killed_by":"Slime Boss","ascension_level":6}}