{"host":"qekv59dthhdg54sz","time":1611660500,"event":{"mods":["AchievementEnabler","BaseMod","Colored Map","DeckTracker","KOR Keyword Fix","Minty Spire (QoL Compilation)","Rare Cards Sparkle","StSLib","SuperFastMode"],"gold_per_floor":[117,117,127,127,138,138,156,231,307,321,321,346,359,359,359,359,359],"floor_reached":16,"language":"KOR","playtime":234,"items_purged":[],"score":168,"play_id":"d443f589-c531-4ad4-b550-b80814773305","local_time":"20210126202820","is_ascension_mode":true,"campfire_choices":[{"data":"Heavy Blade","floor":6.0,"key":"SMITH"},{"data":"Shrug It Off","floor":15,"key":"SMITH"}],"circlet_count":0,"master_deck":["AscendersBane","Strike_R","Strike_R","Strike_R","Strike_R","Defend_R","Defend_R","Defend_R","Defend_R","Bash","Pommel Strike","Power Through","Heavy Blade+1","Offering+1","Shrug It Off+1"],"relics":["Burning Blood","NeowsBlessing","Ancient Tea Set","Sundial","Calipers","InkBottle"],"acts_visited":["Exordium"],"potions_floor_usage":[12],"damage_taken":[{"damage":0.0,"enemies":"Jaw Worm","floor":1.0,"turns":1.0},{"damage":0.0,"enemies":"Cultist","floor":3.0,"turns":1.0},{"damage":0.0,"enemies":"Small Slimes","floor":5.0,"turns":1.0},{"damage":4.0,"enemies":"Red Slaver","floor":7.0,"turns":5.0},{"damage":14.0,"enemies":"Large Slime","floor":10.0,"turns":6.0},{"damage":21,"enemies":"Lagavulin","floor":12,"turns":4},{"damage":7,"enemies":"3 Louse","floor":13,"turns":4},{"damage":39,"enemies":"Slime Boss","floor":16,"turns":6}],"seed_played":"4705692805453375118","potions_obtained":[{"floor":1.0,"key":"PowerPotion"},{"floor":3.0,"key":"GamblersBrew"}],"is_trial":false,"path_per_floor":["M","?","M","?","M","R","M","?","T","M","?","E","M","T","R","B"],"character_chosen":"IRONCLAD","items_purchased":[],"campfire_rested":0,"item_purchase_floors":[],"current_hp_per_floor":[78,78,80,80,80,80,80,69,69,61,61,46,45,45,45,6,6],"gold":359,"neow_bonus":"THREE_ENEMY_KILL","is_daily":false,"chose_seed":false,"campfire_upgraded":2,"win_rate":0.0,"timestamp":1611660500,"path_taken":["M","?","?","?","?","R","M","?","T","M","?","E","M","?","R","BOSS"],"items_purchased_type":[],"build_version":"2020-12-22","purchased_purges":0,"victory":false,"max_hp_per_floor":[80,80,80,80,80,80,80,80,80,80,80,80,80,80,80,80,80],"card_choices":[{"not_picked":["Whirlwind","Thunderclap"],"picked":"Pommel Strike","floor":1.0},{"not_picked":["Havoc","True Grit"],"picked":"Power Through","floor":3.0},{"not_picked":["Flex","Clash"],"picked":"Heavy Blade","floor":5.0},{"not_picked":["Second Wind","Clash"],"picked":"Offering","floor":7.0},{"not_picked":["Dual Wield","Armaments","Heavy Blade"],"picked":"SKIP","floor":10.0},{"not_picked":["Headbutt","Flex"],"picked":"Shrug It Off","floor":12},{"not_picked":["Twin Strike","Pommel Strike","Fiend Fire"],"picked":"SKIP","floor":13}],"player_experience":850853,"relics_obtained":[{"floor":2.0,"key":"Ancient Tea Set"},{"floor":9.0,"key":"Sundial"},{"floor":12,"key":"Calipers"},{"floor":14,"key":"InkBottle"}],"event_choices":[{"damage_healed":0.0,"max_hp_gain":0.0,"max_hp_loss":0.0,"gold_gain":0.0,"event_name":"Wheel of Change","player_choice":"Relic","floor":2.0,"gold_loss":0.0,"damage_taken":0.0},{"cards_removed":["Strike_R"],"damage_healed":0.0,"max_hp_gain":0.0,"max_hp_loss":0.0,"gold_gain":0.0,"event_name":"Purifier","player_choice":"Purged","floor":4.0,"gold_loss":0.0,"damage_taken":0.0},{"damage_healed":0.0,"max_hp_gain":0.0,"max_hp_loss":0.0,"gold_gain":75.0,"event_name":"World of Goop","player_choice":"Gather Gold","floor":8.0,"gold_loss":0.0,"damage_taken":11.0},{"damage_healed":0,"gold_gain":0,"player_choice":"Grow","damage_taken":0,"max_hp_gain":0,"max_hp_loss":0,"event_name":"Living Wall","floor":11,"gold_loss":0,"cards_upgraded":["Offering"]}],"is_beta":false,"boss_relics":[],"items_purged_floors":[],"is_endless":false,"potions_floor_spawned":[1,3,10],"killed_by":"Slime Boss","ascension_level":13}}