{"host":"3a1ypf1irl30q4k8","time":1611669405,"event":{"mods":["AchievementEnabler","BaseMod","Bestiary","Colored Map","Minty Spire (QoL Compilation)","Relic Stats"],"gold_per_floor":[113,125,144,159,172,172,172,172,172,197,197,222,222,48,48,153,153,169,20,39,39,55,55,55,55,55,55,75,36,136,153,153,258,258,274,274,324,4,19,54,71,89,89,89,101,101,101,115,115,115,115],"floor_reached":50,"language":"ENG","playtime":3272,"items_purged":["Strike_G","Strike_G","Strike_G"],"score":662,"play_id":"5d21251f-7eba-45f1-8976-83c663d5939d","local_time":"20210126135645","is_ascension_mode":true,"campfire_choices":[{"floor":6.0,"key":"REST"},{"data":"Die Die Die","floor":8.0,"key":"SMITH"},{"floor":11.0,"key":"REST"},{"data":"Dagger Spray","floor":13.0,"key":"SMITH"},{"data":"Dagger Spray","floor":15.0,"key":"SMITH"},{"data":"Dash","floor":23,"key":"SMITH"},{"data":"Backflip","floor":27,"key":"SMITH"},{"floor":32,"key":"REST"},{"data":"Predator","floor":44,"key":"SMITH"},{"floor":47,"key":"RECALL"},{"floor":49,"key":"REST"}],"circlet_count":0,"master_deck":["Strike_G","Strike_G","Defend_G","Defend_G","Defend_G","Defend_G","Defend_G","Survivor","Neutralize","Sucker Punch","Caltrops","Die Die Die+1","Noxious Fumes","Dagger Spray+1","Well Laid Plans","Dagger Spray+1","PiercingWail","Footwork","Envenom","Cloak And Dagger","Backflip+1","Dash+1","Ghostly","Ghostly","Ghostly","Ghostly","Ghostly","Writhe","Predator+1","Footwork","Terror+1","Phantasmal Killer","PiercingWail+1","Calculated Gamble+1","Outmaneuver+1","Crippling Poison+1","Flechettes+1","Backflip"],"relics":["Ring of the Snake","Art of War","Pen Nib","Blue Candle","WristBlade","Boot","Mummified Hand","SlaversCollar","Du-Vu Doll","ClockworkSouvenir","Meat on the Bone"],"acts_visited":["Exordium","TheCity","TheBeyond"],"potions_floor_usage":[22,33,33,40,48,50],"damage_taken":[{"damage":0.0,"enemies":"2 Louse","floor":1.0,"turns":3.0},{"damage":0.0,"enemies":"Small Slimes","floor":2.0,"turns":4.0},{"damage":0.0,"enemies":"Jaw Worm","floor":3.0,"turns":5.0},{"damage":15.0,"enemies":"Large Slime","floor":4.0,"turns":8.0},{"damage":11.0,"enemies":"Gremlin Gang","floor":5.0,"turns":4.0},{"damage":41.0,"enemies":"Lagavulin","floor":10.0,"turns":7.0},{"damage":17.0,"enemies":"3 Sentries","floor":12.0,"turns":4.0},{"damage":24.0,"enemies":"Slime Boss","floor":16.0,"turns":9.0},{"damage":23.0,"enemies":"Spheric Guardian","floor":18.0,"turns":3.0},{"damage":8.0,"enemies":"3 Byrds","floor":20.0,"turns":2.0},{"damage":15,"enemies":"Snecko","floor":22,"turns":7},{"damage":3,"enemies":"Shelled Parasite and Fungi","floor":28,"turns":6},{"damage":4,"enemies":"Snake Plant","floor":31,"turns":6},{"damage":24,"enemies":"Collector","floor":33,"turns":9},{"damage":3,"enemies":"3 Shapes","floor":35,"turns":6},{"damage":1,"enemies":"Mind Bloom Boss Battle","floor":37,"turns":6},{"damage":7,"enemies":"3 Darklings","floor":39,"turns":4},{"damage":1,"enemies":"Reptomancer","floor":40,"turns":6},{"damage":0,"enemies":"Transient","floor":41,"turns":5},{"damage":4,"enemies":"Jaw Worm Horde","floor":42,"turns":5},{"damage":5,"enemies":"3 Darklings","floor":45,"turns":5},{"damage":4,"enemies":"Spire Growth","floor":48,"turns":7},{"damage":53,"enemies":"Awakened One","floor":50,"turns":12}],"seed_played":"-7233606446746671627","potions_obtained":[{"floor":2.0,"key":"Energy Potion"},{"floor":3.0,"key":"Poison Potion"},{"floor":5.0,"key":"Swift Potion"},{"floor":16.0,"key":"Dexterity Potion"},{"floor":20,"key":"ColorlessPotion"},{"floor":31,"key":"Block Potion"},{"floor":33,"key":"CunningPotion"},{"floor":35,"key":"Fire Potion"},{"floor":39,"key":"DistilledChaos"},{"floor":45,"key":"Fruit Juice"},{"floor":48,"key":"CultistPotion"}],"is_trial":false,"path_per_floor":["M","M","M","M","M","R","?","R","T","E","R","E","R","$","R","B",null,"M","$","M","?","M","R","?","?","T","R","M","$","?","M","R","B",null,"M","?","?","$","M","E","M","M","T","R","M","?","R","M","R","B"],"character_chosen":"THE_SILENT","items_purchased":["PiercingWail","Footwork","Backflip","Footwork","ClockworkSouvenir","Block Potion"],"campfire_rested":4,"item_purchase_floors":[14,14,19,29,38,38],"current_hp_per_floor":[63,63,63,48,37,62,62,62,62,21,46,29,29,29,29,5,84,61,61,53,42,27,27,27,27,27,27,24,24,24,20,32,8,42,39,39,38,38,31,30,30,26,26,26,33,33,33,29,40,0,0],"gold":115,"neow_bonus":"TWENTY_PERCENT_HP_BONUS","is_daily":false,"chose_seed":false,"campfire_upgraded":6,"win_rate":0.0,"timestamp":1611669405,"path_taken":["M","M","M","M","M","R","?","R","T","E","R","E","R","$","R","BOSS","M","$","M","?","M","R","?","?","T","R","M","?","?","?","R","BOSS","M","?","?","?","M","E","M","M","T","R","?","?","R","M","R","BOSS"],"items_purchased_type":["Card","Card","Card","Card","Relic","Potion"],"build_version":"2020-12-22","purchased_purges":3,"victory":false,"max_hp_per_floor":[84,84,84,84,84,84,84,84,84,84,84,84,84,84,84,84,84,84,84,84,42,42,42,42,42,42,42,42,42,42,42,42,42,42,42,42,42,42,42,42,42,42,42,42,42,40,40,40,40,45,45],"relic_stats":{"counters":[23,133],"Mummified Hand":[63],"Blue Candle":[8],"Pen Nib":[15],"Art of War":[11],"Boot":[11],"obtain_stats":[{"Du-Vu Doll":37,"SlaversCollar":34,"WristBlade":17,"Mummified Hand":26,"Blue Candle":12,"Pen Nib":10,"Art of War":9,"Boot":24,"Ring of the Snake":0,"ClockworkSouvenir":38,"Meat on the Bone":40},{"Du-Vu Doll":16,"SlaversCollar":14,"WristBlade":8,"Mummified Hand":11,"Blue Candle":7,"Pen Nib":6,"Art of War":5,"Boot":11,"Ring of the Snake":0,"ClockworkSouvenir":16,"Meat on the Bone":18},{"Du-Vu Doll":89,"SlaversCollar":77,"WristBlade":44,"Mummified Hand":56,"Blue Candle":35,"Pen Nib":31,"Art of War":24,"Boot":56,"Ring of the Snake":0,"ClockworkSouvenir":89,"Meat on the Bone":99}],"Ring of the Snake":[46],"Meat on the Bone":12},"card_choices":[{"not_picked":["Backflip","Bane"],"picked":"Sucker Punch","floor":1.0},{"not_picked":["Deflect","Outmaneuver"],"picked":"Caltrops","floor":2.0},{"not_picked":["Prepared","Flechettes"],"picked":"Die Die Die","floor":3.0},{"not_picked":["Acrobatics","Blade Dance"],"picked":"Noxious Fumes","floor":4.0},{"not_picked":["Expertise","Backflip"],"picked":"Dagger Spray","floor":5.0},{"not_picked":["Expertise","Backflip"],"picked":"Well Laid Plans","floor":10.0},{"not_picked":["Prepared","Finisher"],"picked":"Dagger Spray","floor":12.0},{"not_picked":["Phantasmal Killer","Die Die Die"],"picked":"Envenom","floor":16.0},{"not_picked":["Flechettes+1","Flying Knee"],"picked":"Cloak And Dagger","floor":18.0},{"not_picked":["Poisoned Stab","Caltrops+1"],"picked":"Dash","floor":20},{"not_picked":["Poisoned Stab","Masterful Stab","Dagger Spray"],"picked":"SKIP","floor":22},{"not_picked":["Cloak And Dagger","Infinite Blades+1"],"picked":"Predator","floor":28},{"not_picked":["Sucker Punch","Finisher"],"picked":"Terror+1","floor":31},{"not_picked":["Glass Knife","Doppelganger"],"picked":"Phantasmal Killer","floor":33},{"not_picked":["Finisher+1","Deflect","Slice+1"],"picked":"SKIP","floor":35},{"not_picked":["Bouncing Flask","Tactician"],"picked":"PiercingWail+1","floor":39},{"not_picked":["Deflect","Underhanded Strike"],"picked":"Calculated Gamble+1","floor":40},{"not_picked":["Flying Knee","Reflex"],"picked":"Outmaneuver+1","floor":41},{"not_picked":["Acrobatics","Deflect+1"],"picked":"Crippling Poison+1","floor":42},{"not_picked":["Grand Finale","Flying Knee+1"],"picked":"Flechettes+1","floor":45},{"not_picked":["Caltrops","Slice"],"picked":"Backflip","floor":48}],"player_experience":1214901,"relics_obtained":[{"floor":9.0,"key":"Art of War"},{"floor":10.0,"key":"Pen Nib"},{"floor":12.0,"key":"Blue Candle"},{"floor":26,"key":"Mummified Hand"},{"floor":37,"key":"Du-Vu Doll"},{"floor":40,"key":"Meat on the Bone"}],"event_choices":[{"damage_healed":0.0,"max_hp_gain":0.0,"max_hp_loss":0.0,"gold_gain":0.0,"event_name":"Scrap Ooze","player_choice":"Fled","floor":7.0,"gold_loss":0.0,"damage_taken":0.0},{"damage_healed":0,"gold_gain":0,"player_choice":"Became a Ghost","damage_taken":0,"max_hp_gain":0,"max_hp_loss":42,"event_name":"Ghosts","floor":21,"gold_loss":0,"cards_obtained":["Ghostly","Ghostly","Ghostly","Ghostly","Ghostly"]},{"damage_healed":0,"gold_gain":0,"player_choice":"Opened","damage_taken":0,"relics_obtained":["Boot"],"max_hp_gain":0,"max_hp_loss":0,"event_name":"The Mausoleum","floor":24,"gold_loss":0,"cards_obtained":["Writhe"]},{"damage_healed":0,"gold_gain":0,"player_choice":"Ignored","damage_taken":0,"max_hp_gain":0,"max_hp_loss":0,"event_name":"Cursed Tome","floor":25,"gold_loss":0},{"damage_healed":0,"gold_gain":100,"player_choice":"Pray","damage_taken":0,"max_hp_gain":0,"max_hp_loss":0,"event_name":"Golden Shrine","floor":30,"gold_loss":0},{"damage_healed":0,"gold_gain":0,"player_choice":"Memory 1","damage_taken":0,"max_hp_gain":0,"max_hp_loss":0,"event_name":"SensoryStone","floor":36,"gold_loss":0},{"damage_healed":0,"gold_gain":0,"player_choice":"Fight","damage_taken":0,"max_hp_gain":0,"max_hp_loss":0,"event_name":"MindBloom","floor":37,"gold_loss":0},{"damage_healed":0,"gold_gain":0,"player_choice":"Max HP","damage_taken":0,"max_hp_gain":0,"max_hp_loss":2,"event_name":"Winding Halls","floor":46,"gold_loss":0}],"is_beta":false,"boss_relics":[{"not_picked":["Busted Crown","Coffee Dripper"],"picked":"WristBlade"},{"not_picked":["Empty Cage","Runic Dome"],"picked":"SlaversCollar"}],"items_purged_floors":[14,19,38],"is_endless":false,"potions_floor_spawned":[2,3,5,16,20,31,33,35,39,45,48],"killed_by":"Awakened One","ascension_level":3}}