{"host":"o3nki8hvugtioqst","time":1611679143,"event":{"mods":["AchievementEnabler","BaseMod","Colored Powertips","Downfall","Minty Spire (QoL Compilation)","Quick Restart","Rare Cards Sparkle","StSLib","SuperFastMode"],"gold_per_floor":[99,111,128,428,116,116,162,192,192,210,210,226,226,253,265,265,265,265],"floor_reached":16,"language":"ENG","playtime":653,"items_purged":[],"score":110,"play_id":"5e079c32-aac6-42b5-9cc7-82f499e7d703","local_time":"20210126183903","is_ascension_mode":false,"campfire_choices":[{"data":"bronze:Goto","floor":1,"key":"SMITH"},{"floor":9,"key":"REST"},{"data":"bronze:Boost","floor":11,"key":"SMITH"}],"circlet_count":0,"master_deck":["bronze:Strike","bronze:Strike+1","bronze:Strike","bronze:Strike","bronze:Defend+1","bronze:Defend","bronze:Defend","bronze:Defend+1","bronze:Replicate","bronze:Goto+1","bronze:DelayedSlice","downfall:Icky","downfall:Icky","bronze:BuggyMess","bronze:Format","bronze:Boost+1","downfall:Malfunctioning","bronze:Repulsor"],"relics":["bronze:BronzeCore","Incense Burner","downfall:ShatteredFragment","PreservedInsect","Art of War","Mummified Hand"],"acts_visited":["Exordium"],"potions_floor_usage":[16,16],"damage_taken":[{"damage":1,"enemies":"Jaw Worm","floor":2,"turns":3},{"damage":0,"enemies":"Small Slimes","floor":3,"turns":2},{"damage":0,"enemies":"downfall:FleeingMerchant","floor":5,"turns":4},{"damage":31,"enemies":"Lagavulin","floor":8,"turns":6},{"damage":0,"enemies":"2 Louse","floor":10,"turns":2},{"damage":17,"enemies":"Exordium Thugs","floor":12,"turns":4},{"damage":3,"enemies":"3 Sentries","floor":14,"turns":6},{"damage":2,"enemies":"Lots of Slimes","floor":15,"turns":3},{"damage":30,"enemies":"WA_ARCHETYPE_RETAIN","floor":16,"turns":7}],"seed_played":"-3214528832344652356","potions_obtained":[{"floor":3,"key":"LiquidMemories"},{"floor":8,"key":"Block Potion"},{"floor":12,"key":"SteroidPotion"}],"is_trial":false,"path_per_floor":["R","M","M","?","$","?","T","E","R","M","R","M","?","E","M","B"],"character_chosen":"THE_AUTOMATON","items_purchased":["Incense Burner"],"campfire_rested":1,"item_purchase_floors":[5],"current_hp_per_floor":[77,76,76,76,76,55,55,24,47,47,47,30,30,27,25,0,0,0],"gold":265,"neow_bonus":"TEN_PERCENT_HP_BONUS","is_daily":false,"chose_seed":false,"campfire_upgraded":2,"win_rate":0.0,"timestamp":1611679143,"path_taken":["R","M","M","?","$","?","T","E","R","M","R","M","?","E","M","BOSS"],"items_purchased_type":["Relic"],"build_version":"2020-12-22","purchased_purges":0,"victory":false,"max_hp_per_floor":[77,77,77,77,77,77,77,77,77,77,77,77,77,77,77,77,77,77],"card_choices":[{"not_picked":["bronze:Invalidate","bronze:BuggyMess"],"picked":"bronze:DelayedSlice","floor":2},{"not_picked":["bronze:Shield","bronze:WildBeam","bronze:Turbo"],"picked":"SKIP","floor":3},{"not_picked":["bronze:DarkDash","bronze:Allocate"],"picked":"bronze:BuggyMess","floor":5},{"not_picked":["bronze:ItsAFeature","bronze:Verify"],"picked":"bronze:Format","floor":8},{"not_picked":["bronze:DelayedSlice","bronze:ForceShield"],"picked":"bronze:Boost","floor":10},{"not_picked":["bronze:Deprecate","bronze:DelayedGuard","bronze:CutThrough"],"picked":"SKIP","floor":12},{"not_picked":["bronze:Return","bronze:Allocate"],"picked":"bronze:Repulsor","floor":14},{"not_picked":["bronze:ChildClass","bronze:Repulsor","bronze:BugBarrage"],"picked":"SKIP","floor":15}],"player_experience":255952,"relics_obtained":[{"floor":7,"key":"PreservedInsect"},{"floor":8,"key":"Art of War"},{"floor":14,"key":"Mummified Hand"}],"event_choices":[],"is_beta":false,"boss_relics":[],"items_purged_floors":[],"is_endless":false,"potions_floor_spawned":[3,8,12],"killed_by":"WA_ARCHETYPE_RETAIN","ascension_level":0}}