{"host":"o1scrl1hgy598kuq","time":1611652277,"event":{"mods":["BaseMod","Colored Map","Colored Powertips","Minty Spire (QoL Compilation)","Remilia??????","Replay The Spire","Shop Mod","StSLib","The Jungle","The Marked","The Servant 0.9.4"],"gold_per_floor":[118,118,88,107,155,186,202,202,202,6,6,37,56,84,84,181,181,170,170,170,17,35,63,63,79,104,122,19,30,64,79,79,178,178,193,196,206,325,91,91,121,121,145,145,18,18,18,18,18,18,18,18,9,37,37],"floor_reached":56,"language":"ENG","playtime":5321,"items_purged":["Strike_S+1","KidneyShot","Doubt","Lust_TH","Strike_S+1"],"score":1264,"play_id":"b13477c0-a1b1-4522-8a22-b5543bb54afd","local_time":"20210126031117","is_ascension_mode":true,"campfire_choices":[{"data":"BestPractice","floor":8,"key":"SMITH"},{"data":"Strike_S","floor":11,"key":"SMITH"},{"data":"BottledTime","floor":15,"key":"SMITH"},{"floor":24,"key":"DIG"},{"floor":32,"key":"DIG"},{"data":"Lust_TH","floor":40,"key":"PURGE"},{"data":"Strike_S+1","floor":42,"key":"PURGE"},{"floor":44,"key":"RECALL"},{"floor":47,"key":"DIG"},{"floor":49,"key":"DIG"},{"floor":52,"key":"DIG"}],"circlet_count":0,"master_deck":["Strike_S+2","Defend_S","Defend_S","Defend_S","Exchange","BottledTime+1","BestPractice+1","Dilation","SurpressingFire+1","MurderousAura+1","CurseOfTheBell","Starlight","RealityMarble+1","Advance+1","ShiftingGears+1","RealityMarble+1","Foresight+1","Luminosity+1","Luminosity+1","MoonPhase+1","DualDimension+1","PendulumOfEternity","BottledTime+1","Dilation+1","BestPractice+1","StarChef+1","Luminosity+1","ShiftingGears+1","ReplayTheSpireMod:Necrogeddon","BottledTime+1","Dilation+1"],"relics":["Uniform","Thread and Needle","Frozen Egg 2","MerchantsRug","Membership Card","The Courier","Pantograph","Anchor","Shovel","Toxic Egg 2","ReplayFunnel","ReplayTheSpireMod:TigerMarble","Juzu Bracelet","DollysMirror","PreservedInsect","Bird Faced Urn","Blood Vial","Blue Candle","Peace Pipe","Bronze Scales","Mummified Hand","Iron Hammer","Prayer Wheel","Replay:Wax Seal","Vajra"],"acts_visited":["Exordium","TheCity","TheBeyond","TheEnding"],"potions_floor_usage":[6,12,14,30,30,35,55,55],"damage_taken":[{"damage":5,"enemies":"Small Slimes","floor":1,"turns":5},{"damage":7,"enemies":"Jaw Worm","floor":4,"turns":3},{"damage":20,"enemies":"Lagavulin","floor":6,"turns":4},{"damage":0,"enemies":"Cultist","floor":7,"turns":3},{"damage":0,"enemies":"Gremlin Nob","floor":12,"turns":3},{"damage":2,"enemies":"Looter","floor":13,"turns":3},{"damage":0,"enemies":"Lagavulin","floor":14,"turns":6},{"damage":7,"enemies":"Hexaghost","floor":16,"turns":19},{"damage":19,"enemies":"2 Thieves","floor":18,"turns":4},{"damage":0,"enemies":"Shell Parasite","floor":22,"turns":4},{"damage":0,"enemies":"Replay:Snechameleon","floor":23,"turns":8},{"damage":0,"enemies":"Centurion and Healer","floor":25,"turns":6},{"damage":5,"enemies":"Snake Plant","floor":27,"turns":6},{"damage":11,"enemies":"Snecko","floor":29,"turns":7},{"damage":43,"enemies":"Slavers","floor":30,"turns":10},{"damage":7,"enemies":"3 Cultists","floor":31,"turns":7},{"damage":7,"enemies":"Automaton","floor":33,"turns":12},{"damage":39,"enemies":"3 Darklings","floor":35,"turns":6},{"damage":0,"enemies":"Orb Walker","floor":37,"turns":5},{"damage":38,"enemies":"Nemesis","floor":41,"turns":7},{"damage":0,"enemies":"Replay:Hell Engine","floor":50,"turns":18},{"damage":0,"enemies":"Shield and Spear","floor":54,"turns":10},{"damage":0,"enemies":"The Heart","floor":55,"turns":11}],"seed_played":"-8993472566746205149","potions_obtained":[{"floor":1,"key":"Ancient Potion"},{"floor":3,"key":"SneckoOil"},{"floor":3,"key":"Death Potion"},{"floor":6,"key":"CultistPotion"},{"floor":7,"key":"LiquidMemories"},{"floor":23,"key":"Swift Potion"},{"floor":27,"key":"DuplicationPotion"},{"floor":33,"key":"PowerPotion"},{"floor":37,"key":"FairyPotion"}],"is_trial":false,"path_per_floor":["M","?","?","M","T","E","M","R","T","$","R","E","M","E","R","B",null,"M","?","?","$","M","E","R","M","T","M","$","M","E","M","R","B",null,"M","$","M","?","$","R","E","R","T","R","$","?","R","$","R","B",null,"R","$","E","B",null],"character_chosen":"THE_SERVANT","items_purchased":["MerchantsRug","Membership Card","SkillPotion","Toxic Egg 2","Advance+1","Luminosity+1","DollysMirror","PreservedInsect","Bronze Scales","StarChef+1","Luminosity+1","Mummified Hand","ReplayTheSpireMod:Necrogeddon","BottledTime+1","Reflective Coating","Adrenaline Potion"],"campfire_rested":0,"item_purchase_floors":[10,10,10,21,21,28,28,28,36,39,39,39,45,53,53,53],"current_hp_per_floor":[60,53,53,46,46,26,26,26,26,26,26,26,24,24,24,42,65,46,46,65,65,65,65,65,65,65,60,60,49,6,17,17,53,65,32,32,52,36,36,36,24,24,24,24,24,24,24,24,24,65,65,65,65,65,65],"gold":37,"neow_bonus":"RANDOM_COMMON_RELIC","is_daily":false,"chose_seed":false,"campfire_upgraded":3,"win_rate":0.0,"timestamp":1611652277,"path_taken":["M","?","?","?","?","E","M","R","T","?","R","E","?","E","R","BOSS","M","?","?","$","?","E","R","M","T","M","$","M","E","M","R","BOSS","M","?","M","?","$","R","E","R","T","R","$","?","R","$","R","BOSS","R","$","E","BOSS"],"items_purchased_type":["Relic","Relic","Potion","Relic","Card","Card","Relic","Relic","Relic","Card","Card","Relic","Card","Card","Potion","Potion"],"build_version":"2020-12-22","purchased_purges":5,"victory":true,"max_hp_per_floor":[65,65,65,65,65,65,65,65,65,65,65,65,65,65,65,65,65,65,65,65,65,65,65,65,65,65,65,65,65,65,65,65,65,65,65,65,65,65,65,65,65,65,65,65,65,65,65,65,65,65,65,65,65,65,65],"card_choices":[{"not_picked":["Advance","Gouge"],"picked":"TimeWarp","floor":1},{"not_picked":["Shuttle","ShatteredReality"],"picked":"BottledTime","floor":4},{"not_picked":["Duplication","Revamp"],"picked":"BestPractice","floor":6},{"not_picked":["Replace","Alleviate","ShatteredReality"],"picked":"SKIP","floor":7},{"not_picked":["Starlight","Manipulate"],"picked":"Dilation","floor":12},{"not_picked":["Manipulate","Rewind"],"picked":"SurpressingFire+1","floor":13},{"not_picked":["Starlight","DoubleEdge","Alleviate"],"picked":"SKIP","floor":14},{"not_picked":["FloweringNight+1","PendulumOfEternity"],"picked":"MurderousAura+1","floor":16},{"not_picked":["Ricochet","FlawlessForm+1"],"picked":"Starlight","floor":18},{"not_picked":["ReturningBlade+1","Starlight"],"picked":"ShiftingGears+1","floor":22},{"not_picked":["TimeWarp","Unruled+1","Spin+1"],"picked":"SKIP","floor":23},{"not_picked":["Misdirection+1","BestPractice+1"],"picked":"RealityMarble+1","floor":25},{"not_picked":["Deny+1","Rewind+1"],"picked":"Foresight+1","floor":27},{"not_picked":["Revamp+1","Unruled","FastForward+1"],"picked":"SKIP","floor":29},{"not_picked":["Deny+1","Read+1"],"picked":"MoonPhase+1","floor":30},{"not_picked":["ShatteredReality","Manipulate+1"],"picked":"DualDimension+1","floor":31},{"not_picked":["LightFlow","Sunlight"],"picked":"PendulumOfEternity","floor":33},{"not_picked":["AbeCurse","Pain"],"picked":"Lust_TH","floor":34},{"not_picked":["Overencumbered","Replay:Hysterical Blindness"],"picked":"Lust_TH","floor":34},{"not_picked":["Looming Evil","Shame"],"picked":"Doubt","floor":34},{"not_picked":["Unruled","Rewind+1"],"picked":"BottledTime+1","floor":35},{"not_picked":["FanOfKnives+1","DoubleEdge+1"],"picked":"Dilation+1","floor":37},{"not_picked":["FastForward+1","Starlight"],"picked":"BestPractice+1","floor":38},{"not_picked":["TimeWarp","Ricochet+1"],"picked":"ShiftingGears+1","floor":41},{"not_picked":["Misdirection+1","FanOfKnives"],"picked":"Dilation+1","floor":54}],"player_experience":217794,"relics_obtained":[{"floor":5,"key":"Simple Rune"},{"floor":6,"key":"Thread and Needle"},{"floor":9,"key":"Frozen Egg 2"},{"floor":12,"key":"The Courier"},{"floor":14,"key":"Pantograph"},{"floor":17,"key":"Anchor"},{"floor":17,"key":"Shovel"},{"floor":17,"key":"Replay:Bottled Eggs"},{"floor":23,"key":"ReplayFunnel"},{"floor":24,"key":"ReplayTheSpireMod:TigerMarble"},{"floor":26,"key":"Juzu Bracelet"},{"floor":30,"key":"Bird Faced Urn"},{"floor":32,"key":"Pen Nib"},{"floor":41,"key":"Iron Hammer"},{"floor":47,"key":"Prayer Wheel"},{"floor":49,"key":"Replay:Wax Seal"},{"floor":52,"key":"Gremlin Horn"},{"floor":54,"key":"Vajra"}],"event_choices":[{"cards_removed":["Defend_S"],"damage_healed":0,"gold_gain":0,"player_choice":"Card Removal","damage_taken":7,"max_hp_gain":0,"max_hp_loss":0,"event_name":"Golden Wing","floor":2,"gold_loss":0},{"damage_healed":0,"gold_gain":0,"player_choice":"Bought 2 Potions","damage_taken":0,"max_hp_gain":0,"max_hp_loss":0,"event_name":"The Woman in Blue","floor":3,"gold_loss":0},{"damage_healed":0,"gold_gain":0,"player_choice":"Read","damage_taken":0,"max_hp_gain":0,"max_hp_loss":0,"event_name":"The Library","floor":19,"gold_loss":0,"cards_obtained":["RealityMarble"]},{"damage_healed":19,"gold_gain":0,"player_choice":"Full Heal","damage_taken":0,"max_hp_gain":0,"max_hp_loss":0,"event_name":"Wheel of Change","floor":20,"gold_loss":0},{"cards_removed":["TimeWarp"],"damage_healed":0,"gold_gain":0,"player_choice":"Removed Attack","damage_taken":0,"max_hp_gain":0,"max_hp_loss":0,"event_name":"Falling","floor":46,"gold_loss":0}],"is_beta":false,"boss_relics":[{"not_picked":["Ring of Chaos","Tiny House"],"picked":"Calling Bell"},{"not_picked":["MysterySword","Snecko Eye"],"picked":"Replay:Ancient Bell"},{"not_picked":["Nunchaku","Dream Catcher"],"picked":"Blood Vial"},{"not_picked":["Snack Pack","Quantum Egg"],"picked":"Blue Candle"},{"not_picked":["Gambling Chip","Replay:PocketPolymizer"],"picked":"Peace Pipe"}],"items_purged_floors":[21,28,36,39,45],"is_endless":false,"potions_floor_spawned":[1,6,7,23,27,33,37,54],"ascension_level":2}}