{"host":"gobyjzz6xbwq9f9i","time":1611647310,"event":{"mods":["AchievementEnabler","BaseMod","Bestiary","Colored Map","Minty Spire (QoL Compilation)"],"gold_per_floor":[210,226,17,17,30,30,50,67,67,98,98,127,137,157,157,259,259,278,278,291,291,291],"floor_reached":21,"language":"ENG","playtime":888,"items_purged":[],"score":365,"play_id":"7f3a7a5b-f605-410a-9d38-f7ad8daf53e2","local_time":"20210125234830","is_ascension_mode":true,"campfire_choices":[{"data":"Sweeping Beam","floor":6.0,"key":"SMITH"},{"data":"Hyperbeam","floor":15,"key":"SMITH"}],"circlet_count":0,"master_deck":["AscendersBane","Strike_B","Defend_B","Defend_B","Defend_B","Defend_B","Zap","Dualcast","Ball Lightning","Steam","Rebound","Sweeping Beam+1","Ball Lightning","Beam Cell","Hyperbeam+1","Leap","Core Surge","Genetic Algorithm+1","Sunder+1","Streamline+1","Conserve Battery","Scrape+1"],"relics":["Cracked Core","Pen Nib","Eternal Feather","Regal Pillow","Smiling Mask","Astrolabe","NlothsMask"],"acts_visited":["Exordium","TheCity"],"potions_floor_usage":[12,16,21],"damage_taken":[{"damage":7.0,"enemies":"Small Slimes","floor":1.0,"turns":3.0},{"damage":2.0,"enemies":"Jaw Worm","floor":2.0,"turns":3.0},{"damage":0.0,"enemies":"Cultist","floor":5.0,"turns":2.0},{"damage":1.0,"enemies":"2 Fungi Beasts","floor":7.0,"turns":3.0},{"damage":4.0,"enemies":"Red Slaver","floor":8.0,"turns":3.0},{"damage":16.0,"enemies":"Gremlin Nob","floor":10.0,"turns":3.0},{"damage":20,"enemies":"Lagavulin","floor":12,"turns":4},{"damage":0,"enemies":"3 Louse","floor":13,"turns":2},{"damage":0,"enemies":"Looter","floor":14,"turns":3},{"damage":0,"enemies":"Slime Boss","floor":16,"turns":4},{"damage":25,"enemies":"Shell Parasite","floor":18,"turns":6},{"damage":9,"enemies":"3 Byrds","floor":20,"turns":3},{"damage":31,"enemies":"Snecko","floor":21,"turns":4}],"seed_played":"7012474749108680640","potions_obtained":[{"floor":5.0,"key":"Energy Potion"},{"floor":7.0,"key":"ColorlessPotion"},{"floor":12,"key":"FearPotion"},{"floor":14,"key":"SteroidPotion"},{"floor":16,"key":"Weak Potion"},{"floor":18,"key":"SpeedPotion"}],"is_trial":false,"path_per_floor":["M","M","$","?","M","R","M","M","T","E","?","E","M","M","R","B",null,"M","?","M","M"],"character_chosen":"DEFECT","items_purchased":["Pen Nib","Rebound"],"campfire_rested":0,"item_purchase_floors":[3,3],"current_hp_per_floor":[61,59,59,47,47,56,55,51,51,35,35,15,15,15,24,24,62,37,37,28,0,0],"gold":291,"neow_bonus":"HUNDRED_GOLD","is_daily":false,"chose_seed":false,"campfire_upgraded":2,"win_rate":0.0,"timestamp":1611647310,"path_taken":["M","M","$","?","M","R","M","M","T","E","?","E","M","M","R","BOSS","M","?","?","M"],"items_purchased_type":["Relic","Card"],"build_version":"2020-12-22","purchased_purges":0,"victory":false,"max_hp_per_floor":[75,75,75,75,75,75,75,75,75,75,75,75,75,75,75,75,75,75,75,75,75,75],"card_choices":[{"not_picked":["Steam","Compile Driver"],"picked":"Ball Lightning","floor":1.0},{"not_picked":["Scrape","Blizzard"],"picked":"Steam","floor":2.0},{"not_picked":["Steam","Hologram"],"picked":"Sweeping Beam","floor":5.0},{"not_picked":["Darkness","Turbo"],"picked":"Ball Lightning","floor":7.0},{"not_picked":["Aggregate","Sweeping Beam"],"picked":"Beam Cell","floor":8.0},{"not_picked":["Thunder Strike","Ball Lightning"],"picked":"Hyperbeam","floor":10.0},{"not_picked":["Turbo","Gash"],"picked":"Leap","floor":12},{"not_picked":["Beam Cell","Stack","Hyperbeam"],"picked":"SKIP","floor":13},{"not_picked":["Leap","Turbo","Double Energy"],"picked":"SKIP","floor":14},{"not_picked":["Meteor Strike","Machine Learning"],"picked":"Core Surge","floor":16},{"not_picked":["Leap","Go for the Eyes"],"picked":"Conserve Battery","floor":18},{"not_picked":["Ball Lightning","Melter+1"],"picked":"Scrape+1","floor":20}],"player_experience":1171318,"relics_obtained":[{"floor":10.0,"key":"Regal Pillow"},{"floor":12,"key":"Smiling Mask"}],"event_choices":[{"damage_healed":0.0,"max_hp_gain":0.0,"max_hp_loss":0.0,"gold_gain":0.0,"event_name":"Scrap Ooze","player_choice":"Success","floor":4.0,"gold_loss":0.0,"damage_taken":12.0,"relics_obtained":["Eternal Feather"]},{"damage_healed":0.0,"max_hp_gain":0.0,"max_hp_loss":0.0,"gold_gain":0.0,"event_name":"Liars Game","player_choice":"Ignored","floor":11.0,"gold_loss":0.0,"damage_taken":0.0},{"damage_healed":0,"gold_gain":0,"player_choice":"Trade","damage_taken":0,"relics_obtained":["NlothsMask"],"max_hp_gain":0,"max_hp_loss":0,"event_name":"FaceTrader","floor":19,"gold_loss":0}],"is_beta":false,"boss_relics":[{"not_picked":["Black Star","Inserter"],"picked":"Astrolabe"}],"items_purged_floors":[],"is_endless":false,"potions_floor_spawned":[5,7,12,14,16,18],"killed_by":"Snecko","ascension_level":10}}