{"host":"kiczkwpc36uxnkg8","time":1611680459,"event":{"mods":["AchievementEnabler","Act Like it!","Aspiration","BaseMod","Colored Powertips","Energized Spire","GifTheSpireLib","Hubris","Infinite Spire","Koishi","Minty Spire (QoL Compilation)","Pale of the Ancients","Permanent Neow","Quick Restart","Relic Filter","Remilia??????","Replay The Spire","Spicy Shops","StSLib","Stuff the Spire","The Bug Knight","The Servant 0.9.4","Wandering Minibosses"],"gold_per_floor":[112,112,112,126,141,167,255,282,335,360,1,1,13,41,41,146,146,159,159,159,176,207,207,227,255,255,270,297,315,315,349,349,454,454,466,527,527,527,34,62,62,92,144,176,176,193,193,193,193,193,204,214,214,214,214,232,232,20,20,20],"floor_reached":61,"language":"ENG","playtime":2961,"items_purged":["Strike_R"],"score":1725,"play_id":"c2b4de14-436c-4c31-910f-b37f63d78b44","local_time":"20210126170059","is_ascension_mode":true,"campfire_choices":[{"data":"Metallicize","floor":15.0,"key":"SMITH"},{"data":"Metallicize","floor":23.0,"key":"SMITH"},{"data":"Heavy Blade","floor":32.0,"key":"SMITH"},{"floor":49.0,"key":"REST"},{"floor":55,"key":"REST"},{"data":"Berserk","floor":57,"key":"SMITH"}],"circlet_count":0,"master_deck":["Strike_R","Strike_R","Defend_R+1","Defend_R","Defend_R","Bash","Glacier","Immolate+1","Perfected Strike+1","Burning Pact","Perfected Strike","Metallicize+1","ReplayTheSpireMod:Strike From Hell","Metallicize+1","Demon Form+1","Inflame+1","Heavy Blade+1","Feed","Perfected Strike","Berserk+1","StuffTheSpire:Slingshot+1","Infernal Blade","Thunderclap","Pommel Strike+1","Dropkick+1","Dark Shackles","Heavy Blade","Dual Wield+1","Mirror Shield","Flex+1","Pummel+1","Defragment"],"relics":["Burning Blood","aspiration:Nostalgia","Iron Core","ReplayTheSpireMod:Ring of Collecting","ReplayTheSpireMod:Ring of Addiction","Chameleon Ring","Potion Belt","Dream Catcher","ScarletDevilRocket","Meat on the Bone","ReplayTheSpireMod:Ring of Challenge","PreservedInsect","Blood Vial","StuffTheSpire:DarkSteelAnvil","Snecko Heart","War Paint","aspiration:RitualStick","Lantern","Ring of Misfortune","StrikeDummy","hubris:Icosahedron","Juzu Bracelet","Empty Cage","StuffTheSpire:RubySignet","Membership Card","Guide Book","infinitespire:BottledMercury","hubris:ToyBattleship","Ring of Searing","Onion Ring","paleoftheancients:Timepiece","paleoftheancients:KeyRelic","Ice Cream","Ring of Peace","StuffTheSpire:ForceGauntlet","paleoftheancients:SoulOfTheDefect","Vajra","Lee\u0027s Waffle"],"acts_visited":["Exordium","TheCity","TheBeyond","paleoftheancients:PaleOfTheAncients"],"potions_floor_usage":[56,60,60],"damage_taken":[{"damage":9.0,"enemies":"Jaw Worm","floor":1.0,"turns":5.0},{"damage":0.0,"enemies":"2 Louse","floor":4.0,"turns":1.0},{"damage":9.0,"enemies":"Cultist","floor":5.0,"turns":7.0},{"damage":26.0,"enemies":"Lagavulin","floor":6.0,"turns":9.0},{"damage":32.0,"enemies":"Gremlin Nob","floor":8.0,"turns":4.0},{"damage":12.0,"enemies":"Lots of Slimes","floor":10.0,"turns":3.0},{"damage":0.0,"enemies":"Blue Slaver","floor":13.0,"turns":4.0},{"damage":17.0,"enemies":"Lagavulin","floor":14.0,"turns":5.0},{"damage":38.0,"enemies":"Hexaghost","floor":16.0,"turns":15.0},{"damage":10.0,"enemies":"Chosen","floor":18.0,"turns":5.0},{"damage":33.0,"enemies":"3 Byrds","floor":21.0,"turns":4.0},{"damage":8.0,"enemies":"Snecko","floor":22.0,"turns":4.0},{"damage":2.0,"enemies":"Snake Plant","floor":24.0,"turns":4.0},{"damage":15.0,"enemies":"Book of Stabbing","floor":25.0,"turns":4.0},{"damage":17.0,"enemies":"3 Cultists","floor":27.0,"turns":4.0},{"damage":18.0,"enemies":"Slavers","floor":28.0,"turns":3.0},{"damage":0.0,"enemies":"Chosen and Byrds","floor":29.0,"turns":5.0},{"damage":12.0,"enemies":"Nightmare","floor":31.0,"turns":5.0},{"damage":28.0,"enemies":"Champ","floor":33.0,"turns":7.0},{"damage":7.0,"enemies":"3 Shapes","floor":35.0,"turns":3.0},{"damage":15.0,"enemies":"Orb Walker","floor":36.0,"turns":2.0},{"damage":35.0,"enemies":"Reptomancer","floor":40.0,"turns":4.0},{"damage":22.0,"enemies":"Giant Head","floor":42.0,"turns":6.0},{"damage":41.0,"enemies":"Nightmare","floor":44.0,"turns":6.0},{"damage":29.0,"enemies":"4 Shapes","floor":46.0,"turns":7.0},{"damage":44.0,"enemies":"Awakened One","floor":50.0,"turns":6.0},{"damage":80,"enemies":"Awakened One","floor":51,"turns":8},{"damage":57,"enemies":"Awakened One","floor":52,"turns":5},{"damage":0,"enemies":"Awakened One","floor":56,"turns":4},{"damage":55,"enemies":"paleoftheancients:N","floor":60,"turns":11}],"seed_played":"-4805332796786575814","potions_obtained":[{"floor":2.0,"key":"Venom Potion"},{"floor":2.0,"key":"Toxic Potion"},{"floor":2.0,"key":"SkillPotion"},{"floor":4.0,"key":"Milkshake"},{"floor":5.0,"key":"SkillPotion"},{"floor":13.0,"key":"Milkshake"},{"floor":14.0,"key":"Reflective Coating"},{"floor":18.0,"key":"Swift Potion"},{"floor":22.0,"key":"Languid Potion"},{"floor":24.0,"key":"Fire Potion"},{"floor":25.0,"key":"ElixirPotion"},{"floor":31.0,"key":"GamblersBrew"},{"floor":36.0,"key":"BloodPotion"},{"floor":40.0,"key":"AttackPotion"},{"floor":42.0,"key":"SkillPotion"},{"floor":45.0,"key":"Weak Potion"},{"floor":45.0,"key":"HeartOfIron"},{"floor":46.0,"key":"Milkshake"},{"floor":51,"key":"SteroidPotion"},{"floor":56,"key":"DuplicationPotion"}],"is_trial":false,"path_per_floor":["M","?","?","M","M","E","?","E","T","M","$","?","M","E","R","B",null,"M","?","?","M","M","R","M","E","T","M","E","M","?","NM","R","B",null,"M","M","?","?","$","E","?","E","T","NM","R","M","?","?","R","B","M","M","?","T","R","M","R","$","?","B",null],"character_chosen":"IRONCLAD","items_purchased":["Metallicize","Blood Vial","StuffTheSpire:RubySignet","Membership Card","Guide Book","Vajra","Lee\u0027s Waffle","Defragment"],"campfire_rested":2,"item_purchase_floors":[11,11,39,39,39,58,58,58],"current_hp_per_floor":[77,77,77,80,77,57,57,31,31,37,37,37,57,48,48,30,65,63,63,48,35,47,47,53,46,46,52,54,62,62,58,58,50,70,71,64,64,64,64,61,61,47,47,28,28,21,21,21,42,61,57,20,20,20,41,51,51,79,79,44],"gold":20,"neow_bonus":"NOSTALGIA","is_daily":false,"chose_seed":false,"campfire_upgraded":4,"win_rate":0.0,"timestamp":1611680459,"path_taken":["M","?","?","?","?","E","?","E","T","M","$","?","M","E","R","BOSS","M","?","?","M","M","R","M","E","T","M","E","M","?","NM","R","BOSS","M","M","?","?","$","E","?","E","T","NM","R","M","?","?","R","BOSS","M","M","?","T","R","M","R","$","?","BOSS"],"items_purchased_type":["Card","Relic","Relic","Relic","Relic","Relic","Relic","Card"],"build_version":"2020-12-22","purchased_purges":1,"victory":true,"max_hp_per_floor":[80,80,80,80,80,80,80,80,80,78,78,78,78,76,76,76,76,76,76,74,74,74,74,74,74,74,77,77,77,77,77,77,77,77,77,77,77,77,77,75,75,75,75,73,73,73,73,73,73,74,74,74,74,72,72,72,72,79,79,77],"card_choices":[{"not_picked":["Second Wind","StuffTheSpire:RockThrow","Life Link"],"picked":"SKIP","floor":1.0},{"not_picked":["Defy Death","Flex"],"picked":"Glacier","floor":4.0},{"not_picked":["Second Wind","Replay:Undeath\u0027s Touch"],"picked":"Immolate","floor":5.0},{"not_picked":["Sword Boomerang","Warcry","Rage"],"picked":"SKIP","floor":6.0},{"not_picked":["Beam Cell","Ghostly Armor"],"picked":"Perfected Strike","floor":7.0},{"not_picked":["Carnage","Warcry"],"picked":"Burning Pact","floor":7.0},{"not_picked":["ReplayTheSpireMod:GoodbyeWorld","Disarm"],"picked":"Perfected Strike","floor":8.0},{"not_picked":["Sentinel","Pommel Strike","Clash"],"picked":"SKIP","floor":10.0},{"not_picked":["True Grit","Run Through"],"picked":"ReplayTheSpireMod:Strike From Hell","floor":13.0},{"not_picked":["Inflame","True Grit"],"picked":"Metallicize","floor":14.0},{"not_picked":["StuffTheSpire:TitanForm","Bludgeon"],"picked":"Demon Form","floor":16.0},{"not_picked":["Clash","Wild Strike+1"],"picked":"Inflame+1","floor":18.0},{"not_picked":["Abandon","StuffTheSpire:RockThrow","Run Through"],"picked":"SKIP","floor":21.0},{"not_picked":["Searing Blow","Defy Death","Shockwave"],"picked":"SKIP","floor":22.0},{"not_picked":["Run Through","Replay:Undeath\u0027s Touch"],"picked":"Heavy Blade","floor":24.0},{"not_picked":["ReplayTheSpireMod:Stacked","StuffTheSpire:Slingshot"],"picked":"Feed","floor":25.0},{"not_picked":["StuffTheSpire:RockThrow","Armaments","True Grit+1"],"picked":"SKIP","floor":27.0},{"not_picked":["Wild Strike","Corruption"],"picked":"Perfected Strike","floor":28.0},{"not_picked":["hubris:ReadiedAction","Twin Strike+1","StuffTheSpire:Incineration+1"],"picked":"SKIP","floor":29.0},{"not_picked":["Steam Power","Reckless Charge","Pommel Strike"],"picked":"SKIP","floor":31.0},{"not_picked":["Hemogenesis","Fiend Fire"],"picked":"Berserk","floor":33.0},{"not_picked":["Hemokinesis","Warcry","ReplayTheSpireMod:Stacked+1"],"picked":"SKIP","floor":35.0},{"not_picked":["Clothesline","Seeing Red"],"picked":"StuffTheSpire:Slingshot+1","floor":36.0},{"not_picked":["Searing Blow+1","Dark Embrace+1"],"picked":"Infernal Blade","floor":40.0},{"not_picked":["Pommel Strike","Twin Strike"],"picked":"Thunderclap","floor":42.0},{"not_picked":["Clash","Havoc+1"],"picked":"Pommel Strike+1","floor":44.0},{"not_picked":["StuffTheSpire:RockThrow","Thunderclap"],"picked":"Dropkick+1","floor":46.0},{"not_picked":["Madness","Dramatic Entrance"],"picked":"Dark Shackles","floor":48.0},{"not_picked":["Anger+1","Replay:Many Hands"],"picked":"Heavy Blade","floor":49.0},{"not_picked":["Headbutt+1","Armaments"],"picked":"Dual Wield+1","floor":51},{"not_picked":["ReplayTheSpireMod:System Scan","Wild Strike","Rip and Tear+1"],"picked":"SKIP","floor":52},{"not_picked":["WeaponsOverheat","Turbo"],"picked":"Flex+1","floor":55},{"not_picked":["Hologram+1","WeaponsOverheat+1"],"picked":"Pummel+1","floor":56}],"player_experience":648474,"relics_obtained":[{"floor":2.0,"key":"ReplayTheSpireMod:Ring of Collecting"},{"floor":2.0,"key":"ReplayTheSpireMod:Ring of Addiction"},{"floor":2.0,"key":"Chameleon Ring"},{"floor":2.0,"key":"Potion Belt"},{"floor":6.0,"key":"Dream Catcher"},{"floor":7.0,"key":"ScarletDevilRocket"},{"floor":8.0,"key":"Meat on the Bone"},{"floor":9.0,"key":"ReplayTheSpireMod:Ring of Challenge"},{"floor":9.0,"key":"PreservedInsect"},{"floor":14.0,"key":"StuffTheSpire:DarkSteelAnvil"},{"floor":25.0,"key":"Lantern"},{"floor":26.0,"key":"Ring of Misfortune"},{"floor":28.0,"key":"StrikeDummy"},{"floor":31.0,"key":"Juzu Bracelet"},{"floor":40.0,"key":"infinitespire:BottledMercury"},{"floor":42.0,"key":"hubris:ToyBattleship"},{"floor":43.0,"key":"Ring of Searing"},{"floor":44.0,"key":"Onion Ring"},{"floor":54,"key":"Ring of Peace"},{"floor":54,"key":"StuffTheSpire:ForceGauntlet"},{"floor":56,"key":"paleoftheancients:SoulOfTheDefect"}],"event_choices":[{"cards_removed":["Voices"],"damage_healed":0.0,"max_hp_gain":0.0,"max_hp_loss":0.0,"gold_gain":0.0,"event_name":"Fountain of Cleansing","player_choice":"Removed Curses","floor":3.0,"gold_loss":0.0,"damage_taken":0.0},{"damage_healed":0.0,"max_hp_gain":0.0,"max_hp_loss":0.0,"gold_gain":0.0,"event_name":"Liars Game","player_choice":"Ignored","floor":12.0,"gold_loss":0.0,"damage_taken":0.0},{"cards_removed":["Defend_R"],"damage_healed":0.0,"max_hp_gain":0.0,"max_hp_loss":0.0,"gold_gain":0.0,"event_name":"Falling","player_choice":"Removed Skill","floor":37.0,"gold_loss":0.0,"damage_taken":0.0},{"damage_healed":0.0,"max_hp_gain":0.0,"max_hp_loss":0.0,"gold_gain":0.0,"event_name":"Tomb of Lord Red Mask","player_choice":"Ignored","floor":38.0,"gold_loss":0.0,"damage_taken":0.0},{"damage_healed":0.0,"max_hp_gain":0.0,"max_hp_loss":0.0,"gold_gain":0.0,"event_name":"SensoryStone","player_choice":"Memory 1","floor":48.0,"gold_loss":0.0,"damage_taken":0.0},{"damage_healed":0,"gold_gain":0,"cards_transformed":["Strike_R"],"player_choice":"Transformed","damage_taken":0,"max_hp_gain":0,"max_hp_loss":0,"event_name":"Transmorgrifier","floor":53,"gold_loss":0,"cards_obtained":["Mirror Shield"]}],"is_beta":false,"boss_relics":[{"not_picked":["StuffTheSpire:ModemDavis","Black Star"],"picked":"Snecko Heart"},{"not_picked":["infinitespire:Burning Sword","hubris:Stopwatch"],"picked":"Empty Cage"}],"items_purged_floors":[58],"is_endless":false,"potions_floor_spawned":[4,5,13,14,18,22,24,25,31,36,40,42,46,51,56],"ascension_level":5}}