{"host":"3e3mwsgb9gfqiuxm","time":1611651132,"event":{"mods":["Act Like it!","BaseMod","Colored Map","Colored Powertips","Downfall","Gensokyo","Hermit","Marisa????????","Minty Spire (QoL Compilation)","Replay The Spire","StSLib","The Animator","The Bug Knight","The Cursed","The Servant 0.9.4"],"gold_per_floor":[99,117,134,149,166,192,219,219,237,237,237,266,266,280,293,397,397,397,416,416,416,105,105,129,149,149,149,183,283,283,297,313,313,313,313],"floor_reached":33,"language":"ENG","playtime":1808,"items_purged":["champ:Haymaker"],"score":277,"play_id":"f58d7658-ef8a-42fa-a610-03941045c26f","local_time":"20210126035212","is_ascension_mode":false,"campfire_choices":[{"data":"champ:Execute","floor":1.0,"key":"SMITH"},{"data":"champ:Taunt","floor":10.0,"key":"SMITH"},{"data":"champ:StrikeOfGenius","floor":13,"key":"SMITH"},{"data":"champ:UltimateStance","floor":18,"key":"SMITH"},{"data":"expansioncontent:StudyTheSpire","floor":27,"key":"SMITH"},{"data":"J.A.X.","floor":30,"key":"SMITH"}],"circlet_count":0,"master_deck":["champ:Strike","champ:Strike","champ:Strike","champ:Strike","champ:Defend","champ:Defend","champ:Defend","champ:Defend","champ:Execute+1","champ:Taunt+1","champ:TornadoPunch","champ:StanceDance","champ:StrikeOfGenius+1","champ:EnragedBash+1","champ:RecklessLeap","champ:UltimateStance+1","champ:ArenaPreparation","Replay:Sssssssssshield","champ:Duel","expansioncontent:StudyTheSpire+1","champ:CalledShot","champ:AdrenalArmor","champ:HeavySlash","champ:Backstep","J.A.X.+1","champ:CalledShot"],"relics":["champ:ChampionCrown","ReplayTheSpireMod:TigerMarble","Toy Ornithopter","Simple Rune","Painkiller Herb","BargainBundle","Gremlin Food","Kunai","Blue Doll","MutagenicStrength"],"acts_visited":["Exordium","TheCity"],"potions_floor_usage":[12,15,16,16,22,28,28,29,29,32,33],"damage_taken":[{"damage":25.0,"enemies":"Cultist","floor":2.0,"turns":4.0},{"damage":15.0,"enemies":"2 Louse","floor":3.0,"turns":2.0},{"damage":0.0,"enemies":"Small Slimes","floor":4.0,"turns":3.0},{"damage":3.0,"enemies":"3 Louse","floor":5.0,"turns":2.0},{"damage":27.0,"enemies":"3 Sentries","floor":6.0,"turns":4.0},{"damage":10.0,"enemies":"2 Fungi Beasts","floor":9.0,"turns":3.0},{"damage":41,"enemies":"Gremlin Nob","floor":12,"turns":4},{"damage":24,"enemies":"Blue Slaver","floor":14,"turns":4},{"damage":10,"enemies":"3 Louse","floor":15,"turns":2},{"damage":88,"enemies":"DF_ARCHETYPE_STREAMLINE","floor":16,"turns":7},{"damage":36,"enemies":"Chosen","floor":19,"turns":3},{"damage":15,"enemies":"downfall:FleeingMerchant","floor":22,"turns":4},{"damage":55,"enemies":"3 Byrds","floor":25,"turns":3},{"damage":81,"enemies":"Slavers","floor":28,"turns":6},{"damage":44,"enemies":"downfall:Augmenter","floor":29,"turns":7},{"damage":30,"enemies":"Snake Plant","floor":31,"turns":3},{"damage":18,"enemies":"Shelled Parasite and Fungi","floor":32,"turns":3},{"damage":59,"enemies":"WA_ARCHETYPE_CALM","floor":33,"turns":5}],"seed_played":"7725133822065743323","potions_obtained":[{"floor":4.0,"key":"FearPotion"},{"floor":6.0,"key":"Energy Potion"},{"floor":12,"key":"ColorlessPotion"},{"floor":14,"key":"AttackPotion"},{"floor":16,"key":"sneckomod:MuddlingPotion"},{"floor":19,"key":"Explosive Potion"},{"floor":28,"key":"BlessingOfTheForge"},{"floor":29,"key":"ColorlessPotion"},{"floor":31,"key":"ColorlessPotion"}],"is_trial":false,"path_per_floor":["R","M","M","M","M","E","T","?","M","R","?","E","R","M","M","B",null,"T","?","?","?","T","?","T","?","?","T","E","?","T","?","?","B"],"character_chosen":"THE_CHAMP","items_purchased":["BargainBundle","Fruit Juice","Energy Potion","Replay:Sssssssssshield","champ:Duel","expansioncontent:StudyTheSpire","champ:CalledShot"],"campfire_rested":0,"item_purchase_floors":[22,22,22,22,22,22,22],"current_hp_per_floor":[99,94,89,89,86,69,69,69,69,69,69,53,53,44,49,26,99,99,93,93,93,93,93,93,93,93,93,61,62,62,52,44,0,0,0],"gold":313,"neow_bonus":"TEN_PERCENT_HP_BONUS","is_daily":false,"chose_seed":false,"campfire_upgraded":6,"win_rate":0.0,"timestamp":1611651132,"path_taken":["R","M","M","M","?","E","T","?","M","R","?","E","R","M","M","BOSS","T","?","?","?","T","?","T","?","?","T","E","?","T","?","?","BOSS"],"items_purchased_type":["Relic","Potion","Potion","Card","Card","Card","Card"],"build_version":"2020-12-22","purchased_purges":1,"victory":false,"max_hp_per_floor":[99,99,99,99,99,99,99,99,99,99,99,99,99,99,99,99,99,99,99,99,99,104,104,104,104,104,104,104,104,104,104,104,104,104,104],"card_choices":[{"not_picked":["champ:ShieldWall","champ:CalledShot"],"picked":"champ:TornadoPunch","floor":2.0},{"not_picked":["champ:FancyFootwork","champ:RisingSlash"],"picked":"champ:CrownThrow","floor":3.0},{"not_picked":["champ:PerfectedStrike","champ:EnGarde"],"picked":"champ:StanceDance","floor":4.0},{"not_picked":["champ:GutPunch","champ:GladiatorStyle"],"picked":"champ:BringItOn","floor":5.0},{"not_picked":["champ:Backstep","champ:Endure"],"picked":"champ:StrikeOfGenius","floor":6.0},{"not_picked":["champ:GutPunch","champ:SkillfulDodge"],"picked":"champ:EnragedBash","floor":9.0},{"not_picked":["champ:BerserkersShout","champ:EnGarde"],"picked":"champ:Haymaker","floor":12},{"not_picked":["champ:Endure","champ:PerfectedStrike"],"picked":"champ:RecklessLeap","floor":14},{"not_picked":["champ:TornadoPunch","champ:Circumvent","champ:DefensiveShout"],"picked":"SKIP","floor":15},{"not_picked":["champ:Improvising","champ:HoldFirm"],"picked":"champ:UltimateStance","floor":16},{"not_picked":["champ:Encircle","champ:BladeFlurry+1","champ:ShieldWall"],"picked":"SKIP","floor":19},{"not_picked":["champ:Encircle","champ:Lariat"],"picked":"champ:ArenaPreparation","floor":22},{"not_picked":["champ:PreemptiveStrike","champ:GutPunch","champ:BerserkersShout"],"picked":"SKIP","floor":25},{"not_picked":["champ:StanceDance","champ:FocusedDefense"],"picked":"champ:AdrenalArmor","floor":28},{"not_picked":[],"picked":"J.A.X.","floor":29},{"not_picked":["champ:PerfectedStrike","champ:FanOfKnives","champ:BerserkersShout"],"picked":"SKIP","floor":31},{"not_picked":["champ:DefensiveShout","champ:PreciseThrust"],"picked":"champ:CalledShot","floor":32}],"player_experience":1320987,"relics_obtained":[{"floor":6.0,"key":"ReplayTheSpireMod:TigerMarble"},{"floor":7.0,"key":"Toy Ornithopter"},{"floor":12,"key":"Simple Rune"},{"floor":24,"key":"Gremlin Food"},{"floor":28,"key":"Blue Doll"},{"floor":29,"key":"MutagenicStrength"}],"event_choices":[{"damage_healed":0,"gold_gain":0,"player_choice":"Ignored","damage_taken":0,"max_hp_gain":0,"max_hp_loss":0,"event_name":"Ghosts","floor":21,"gold_loss":0},{"damage_healed":0,"gold_gain":0,"player_choice":"Ignored","damage_taken":0,"max_hp_gain":0,"max_hp_loss":0,"event_name":"Vampires","floor":23,"gold_loss":0}],"is_beta":false,"boss_relics":[{"not_picked":["Fusion Hammer","Runic Pyramid"],"picked":"Painkiller Herb"}],"items_purged_floors":[22],"is_endless":false,"potions_floor_spawned":[4,6,12,14,16,19,28,29,31],"killed_by":"WA_ARCHETYPE_CALM","ascension_level":0}}