{"host":"s21r9c1cdih2g0le","time":1611680793,"event":{"mods":["Aspiration","BaseMod","BetterRewards","Colored Map","Conspire","Downfall","Energized Spire","Friendly Minions","GifTheSpireLib","Hubris","Infinite Spire","Ironclad Rager","Jorbs\u0027s Wanderer Trilogy","Mimic Mod","Minty Spire (QoL Compilation)","Replay The Spire","Shade Mod","StSLib","Stuff the Spire","SuperFastMode","The Mystic","Wandering Minibosses"],"gold_per_floor":[99,111,111,411,422,448,473,494,294,347,357,388,400,417,427,529,529,429,441,433,433,251,279,332,360,360,360,360],"floor_reached":26,"language":"ENG","playtime":1823,"items_purged":[],"score":243,"play_id":"b4f4b52f-9430-47dd-8a3b-dafd1fff2f80","local_time":"20210126180633","is_ascension_mode":false,"campfire_choices":[{"floor":1,"key":"RECALL"},{"floor":9,"key":"REST"},{"data":"hexamod:TimeOfNeed","floor":18,"key":"SMITH"}],"circlet_count":0,"master_deck":["hexamod:Strike","hexamod:Strike+1","hexamod:Strike","hexamod:Strike","hexamod:Defend","hexamod:Defend","hexamod:Defend","hexamod:Defend","hexamod:Sear","hexamod:Float","downfall:Icky","downfall:Icky","hexamod:ThirdSeal","hexamod:HauntingEcho","hexamod:SpectersWail","hexamod:TurnItUp","hexamod:Incineration","hexamod:SoulSteal","hexamod:SpectersWail+1","hexamod:SpectersWail","hexamod:UnlimitedPower+1","hexamod:PhantomFireball+1","hexamod:SixthSeal","hexamod:TimeOfNeed+1","hexamod:RecurringNightmare","hexamod:FirstSeal","hexamod:SecondSeal","hexamod:FourthSeal","hexamod:HeatMetal","expansioncontent:StudyTheSpire","hexamod:HexaLevel"],"relics":["hexamod:SpiritBrand","Sundial","Odd Mushroom","downfall:HeartBlessingBlue","downfall:HeartBlessingRed","Omamori","StuffTheSpire:Mouthbags","energizedSpire:SpiderWeb","downfall:HeartBlessingGreen","Pen Nib"],"acts_visited":["Exordium","TheCity"],"potions_floor_usage":[8,14,14,16,16,25,26],"damage_taken":[{"damage":0,"enemies":"Jaw Worm","floor":2,"turns":3},{"damage":0,"enemies":"2 Louse","floor":5,"turns":3},{"damage":22,"enemies":"Replay:BlueRogue","floor":6,"turns":8},{"damage":8,"enemies":"The Mushroom Lair","floor":8,"turns":6},{"damage":20,"enemies":"infinitespire:Voidling","floor":11,"turns":3},{"damage":16,"enemies":"Lagavulin","floor":12,"turns":6},{"damage":15,"enemies":"conspire:2 RoseBushes","floor":13,"turns":5},{"damage":7,"enemies":"Blue Slaver","floor":14,"turns":3},{"damage":1,"enemies":"Gremlin Gang","floor":15,"turns":4},{"damage":21,"enemies":"IC_STATUS_ARCHETYPE","floor":16,"turns":8},{"damage":23,"enemies":"Spheric Guardian","floor":19,"turns":5},{"damage":4,"enemies":"downfall:FleeingMerchant","floor":22,"turns":4},{"damage":22,"enemies":"3 Byrds","floor":23,"turns":5},{"damage":14,"enemies":"Centurion and Healer","floor":25,"turns":5},{"damage":60,"enemies":"Sentry and Sphere","floor":26,"turns":5}],"seed_played":"-7569354600692509845","potions_obtained":[{"floor":2,"key":"Adrenaline Potion"},{"floor":5,"key":"Swift Potion"},{"floor":12,"key":"Block Potion"},{"floor":14,"key":"BlessingOfTheForge"},{"floor":15,"key":"BlessingOfTheForge"},{"floor":19,"key":"Block Potion"},{"floor":22,"key":"SteroidPotion"},{"floor":23,"key":"Elixir"},{"floor":23,"key":"Block Potion"},{"floor":25,"key":"DuplicationPotion"}],"is_trial":false,"path_per_floor":["R","M","?","?","M","E","T","?","R","T","M","E","M","M","M","B",null,"R","M","?","?","$","M","T","M","M"],"character_chosen":"THE_SPIRIT","items_purchased":["expansioncontent:StudyTheSpire"],"campfire_rested":1,"item_purchase_floors":[22],"current_hp_per_floor":[77,77,82,82,82,60,60,52,89,89,76,60,45,38,37,16,92,92,69,62,92,88,66,66,59,0,0,0],"gold":360,"neow_bonus":"TEN_PERCENT_HP_BONUS","is_daily":false,"chose_seed":false,"campfire_upgraded":1,"win_rate":0.0,"timestamp":1611680793,"path_taken":["R","M","?","?","M","E","T","?","R","?","M","E","M","?","M","BOSS","R","M","?","?","$","M","T","?","M"],"items_purchased_type":["Card"],"build_version":"2020-12-22","purchased_purges":0,"victory":false,"max_hp_per_floor":[77,77,82,82,82,82,82,82,92,92,92,92,92,92,92,92,92,92,92,92,92,92,92,92,92,92,92,92],"card_choices":[{"not_picked":["hexamod:PhantomCloak","hexamod:ShieldOfDarkness","hexamod:EtherealExpedition"],"picked":"SKIP","floor":2},{"not_picked":["hexamod:NightmareStrike","hexamod:ShieldOfDarkness","hexamod:InspiringFlames"],"picked":"SKIP","floor":5},{"not_picked":["hexamod:Hexaguard","hexamod:WildfireWeapon"],"picked":"hexamod:ThirdSeal","floor":6},{"not_picked":["hexamod:HauntingEcho","hexamod:NightmareGuise"],"picked":"hexamod:Incineration","floor":8},{"not_picked":["hexamod:Firestarter","hexamod:GhostLash"],"picked":"hexamod:HauntingEcho","floor":11},{"not_picked":["hexamod:BurningTouch","hexamod:AdvancingGuard"],"picked":"hexamod:SpectersWail","floor":11},{"not_picked":["hexamod:RetreatToShadows","hexamod:GhostOfSpirePast"],"picked":"hexamod:TurnItUp","floor":12},{"not_picked":["hexamod:ThermalTransfer","hexamod:CatchUp","hexamod:GhostLash"],"picked":"SKIP","floor":12},{"not_picked":["hexamod:DynamicBlow","hexamod:FastForward"],"picked":"hexamod:SoulSteal","floor":13},{"not_picked":["hexamod:AdvancingGuard","hexamod:GhostLash"],"picked":"hexamod:SpectersWail","floor":13},{"not_picked":["hexamod:Hexaguard","hexamod:BacktrackSmack"],"picked":"hexamod:SpectersWail","floor":14},{"not_picked":["hexamod:SwordOfDarkness","hexamod:SkipABeat"],"picked":"hexamod:UnlimitedPower","floor":14},{"not_picked":["hexamod:BurningTouch","hexamod:Rewind"],"picked":"hexamod:PhantomFireball","floor":15},{"not_picked":["hexamod:GhostOfSpireFuture","hexamod:SwordOfDarkness","hexamod:CatchUp"],"picked":"SKIP","floor":15},{"not_picked":["hexamod:TurnItUp","hexamod:ForkedFlame"],"picked":"hexamod:SixthSeal","floor":16},{"not_picked":["hexamod:SixthSeal","hexamod:SearingWound"],"picked":"hexamod:TimeOfNeed","floor":16},{"not_picked":["hexamod:Again","hexamod:ShieldOfDarkness+1"],"picked":"hexamod:RecurringNightmare","floor":19},{"not_picked":["hexamod:GhostLash+1","hexamod:ShieldOfDarkness","hexamod:InspiringFlames+1"],"picked":"SKIP","floor":19},{"not_picked":["hexamod:Hexaguard","hexamod:TimeWarp"],"picked":"hexamod:HeatMetal","floor":22},{"not_picked":["hexamod:ShieldOfDarkness","hexamod:InspiringFlames","hexamod:Firestarter+1"],"picked":"SKIP","floor":22},{"not_picked":["hexamod:HauntingEcho","hexamod:SpectralAdrenaline+1"],"picked":"hexamod:HexaLevel","floor":23},{"not_picked":["hexamod:FastForward","hexamod:BacktrackSmack","hexamod:AdvancingGuard"],"picked":"SKIP","floor":23},{"not_picked":["hexamod:FastForward+1","hexamod:SpectralAdrenaline","hexamod:Rewind+1"],"picked":"SKIP","floor":25},{"not_picked":["hexamod:SwordOfDarkness","hexamod:FirstSeal","hexamod:SoulSteal+1"],"picked":"SKIP","floor":25}],"player_experience":326629,"relics_obtained":[{"floor":6,"key":"Sundial"},{"floor":8,"key":"Odd Mushroom"},{"floor":10,"key":"Omamori"},{"floor":12,"key":"StuffTheSpire:Mouthbags"},{"floor":24,"key":"Pen Nib"}],"event_choices":[{"damage_healed":0,"gold_gain":0,"player_choice":"Donut","damage_taken":0,"max_hp_gain":5,"max_hp_loss":0,"event_name":"Big Fish","floor":3,"gold_loss":0},{"damage_healed":0,"gold_gain":0,"player_choice":"Fought Mushrooms","damage_taken":0,"max_hp_gain":0,"max_hp_loss":0,"event_name":"Mushrooms","floor":8,"gold_loss":0},{"damage_healed":30,"gold_gain":0,"player_choice":"Full Heal","damage_taken":0,"max_hp_gain":0,"max_hp_loss":0,"event_name":"Wheel of Change","floor":21,"gold_loss":0}],"is_beta":false,"boss_relics":[{"not_picked":["hubris:VirtuousBlindfold","Ring of Chaos"],"picked":"energizedSpire:SpiderWeb"}],"items_purged_floors":[],"is_endless":false,"potions_floor_spawned":[2,5,12,14,15,19,23,25],"killed_by":"Sentry and Sphere","ascension_level":0}}