{"host":"o6k2gaocsza4qys9","time":1611640155,"event":{"mods":["BaseMod","Minty Spire (QoL Compilation)","Permanent Neow","Relic Stats"],"gold_per_floor":[114,39,56,68,68,103,103,117,117,117,17,28,103,134,134,207,207,224,48,59,59,77,108,108,138,138,85,96,110,143,163,163,237,237,255,17,34,34,34,34,60,75,99,129,142,142,142,172,172,172,172,172],"floor_reached":51,"language":"ENG","playtime":2336,"items_purged":["Strike_R","Strike_R","Strike_R","Parasite"],"score":1510,"play_id":"6b870867-7187-4232-8076-c5fecf06cd09","local_time":"20210126134915","is_ascension_mode":true,"campfire_choices":[{"data":"Whirlwind","floor":7,"key":"SMITH"},{"data":"Bash","floor":10,"key":"SMITH"},{"data":"Seeing Red","floor":15,"key":"SMITH"},{"floor":24,"key":"REST"},{"data":"Demon Form","floor":32,"key":"SMITH"},{"data":"Limit Break","floor":40,"key":"SMITH"},{"data":"True Grit","floor":49,"key":"SMITH"}],"circlet_count":0,"master_deck":["AscendersBane","Strike_R","Strike_R","Defend_R","Defend_R+1","Defend_R","Defend_R","Bash+1","Dark Shackles","Whirlwind+1","Twin Strike","Inflame","Impervious","Seeing Red+1","Ghostly Armor","Offering","Flex+1","Dropkick+1","Demon Form+1","Intimidate+1","Warcry+1","Sword Boomerang","Reaper","True Grit+1","Battle Trance","Limit Break+1","Shame","Sword Boomerang+1"],"relics":["Burning Blood","Pen Nib","Red Skull","Blue Candle","Cursed Key","Bag of Preparation","Kunai","Letter Opener","InkBottle","SlaversCollar","Anchor","Lantern","War Paint","Omamori"],"acts_visited":["Exordium","TheCity","TheBeyond"],"potions_floor_usage":[6,23,25,30,33,51],"damage_taken":[{"damage":7,"enemies":"Cultist","floor":1,"turns":4},{"damage":7,"enemies":"Jaw Worm","floor":3,"turns":5},{"damage":1,"enemies":"Small Slimes","floor":4,"turns":3},{"damage":20,"enemies":"3 Sentries","floor":6,"turns":4},{"damage":1,"enemies":"2 Fungi Beasts","floor":8,"turns":3},{"damage":14,"enemies":"Exordium Thugs","floor":12,"turns":3},{"damage":6,"enemies":"Gremlin Nob","floor":14,"turns":3},{"damage":40,"enemies":"The Guardian","floor":16,"turns":8},{"damage":13,"enemies":"Chosen","floor":18,"turns":4},{"damage":21,"enemies":"Spheric Guardian","floor":20,"turns":4},{"damage":6,"enemies":"Chosen and Byrds","floor":22,"turns":5},{"damage":23,"enemies":"Book of Stabbing","floor":23,"turns":4},{"damage":4,"enemies":"Slavers","floor":25,"turns":2},{"damage":0,"enemies":"3 Cultists","floor":28,"turns":1},{"damage":1,"enemies":"Centurion and Healer","floor":29,"turns":4},{"damage":10,"enemies":"Book of Stabbing","floor":30,"turns":3},{"damage":15,"enemies":"Snecko","floor":31,"turns":5},{"damage":25,"enemies":"Champ","floor":33,"turns":6},{"damage":34,"enemies":"3 Darklings","floor":35,"turns":4},{"damage":0,"enemies":"3 Shapes","floor":37,"turns":1},{"damage":43,"enemies":"Giant Head","floor":41,"turns":6},{"damage":9,"enemies":"Transient","floor":42,"turns":6},{"damage":81,"enemies":"Nemesis","floor":44,"turns":7},{"damage":10,"enemies":"3 Darklings","floor":45,"turns":5},{"damage":2,"enemies":"Giant Head","floor":48,"turns":4},{"damage":67,"enemies":"Time Eater","floor":50,"turns":5},{"damage":74,"enemies":"Donu and Deca","floor":51,"turns":4}],"seed_played":"-83123405443619397","potions_obtained":[{"floor":3,"key":"ElixirPotion"},{"floor":4,"key":"Energy Potion"},{"floor":12,"key":"ColorlessPotion"},{"floor":14,"key":"SteroidPotion"},{"floor":16,"key":"LiquidBronze"},{"floor":18,"key":"DuplicationPotion"},{"floor":23,"key":"EssenceOfSteel"},{"floor":25,"key":"Fire Potion"},{"floor":31,"key":"Dexterity Potion"},{"floor":35,"key":"FairyPotion"},{"floor":42,"key":"Energy Potion"}],"is_trial":false,"path_per_floor":["M","$","M","M","?","E","R","M","T","R","$","M","?","E","R","B",null,"M","$","M","?","M","E","R","E","T","$","M","M","E","M","R","B",null,"M","$","M","?","?","R","E","M","T","E","M","?","$","E","R","B","B"],"character_chosen":"IRONCLAD","items_purchased":["Flex","Strength Potion","Battle Trance"],"campfire_rested":1,"item_purchase_floors":[19,27,36],"current_hp_per_floor":[67,67,66,71,71,57,57,62,62,62,62,54,43,43,43,9,59,52,52,37,37,37,20,42,44,44,44,50,55,51,42,42,23,62,68,68,72,72,72,72,57,72,72,14,10,10,10,56,56,37,0,0],"gold":172,"neow_bonus":"RANDOM_COLORLESS","is_daily":false,"chose_seed":false,"campfire_upgraded":6,"win_rate":0.0,"timestamp":1611640155,"path_taken":["M","$","M","M","?","E","R","M","T","R","$","M","?","E","R","BOSS","M","$","M","?","M","E","R","E","T","?","M","M","E","M","R","BOSS","M","$","M","?","?","R","E","?","T","E","M","?","$","E","R","BOSS","BOSS"],"items_purchased_type":["Card","Potion","Card"],"build_version":"2020-12-22","purchased_purges":4,"victory":false,"max_hp_per_floor":[75,75,75,75,75,75,75,75,75,75,75,75,75,75,75,75,75,75,75,75,75,75,75,75,75,75,75,75,75,75,75,75,75,75,75,72,72,72,72,72,72,72,72,72,72,72,72,72,72,72,72,72],"relic_stats":{"counters":[27,113],"Blue Candle":[14],"Pen Nib":[15],"Bag of Preparation":[30],"Kunai":[10],"Letter Opener":[120],"War Paint":["Flex","Defend_R"],"Cursed Key":2,"obtain_stats":[{"Lantern":43,"Blue Candle":14,"Pen Nib":6,"Bag of Preparation":23,"Omamori":48,"Letter Opener":26,"War Paint":44,"Cursed Key":17,"Burning Blood":0,"SlaversCollar":34,"Anchor":41,"Kunai":25,"Red Skull":9,"InkBottle":30},{"Lantern":22,"Blue Candle":7,"Pen Nib":4,"Bag of Preparation":12,"Omamori":25,"Letter Opener":13,"War Paint":23,"Cursed Key":8,"Burning Blood":0,"SlaversCollar":18,"Anchor":21,"Kunai":13,"Red Skull":5,"InkBottle":16},{"Lantern":88,"Blue Candle":25,"Pen Nib":16,"Bag of Preparation":50,"Omamori":104,"Letter Opener":52,"War Paint":95,"Cursed Key":33,"Burning Blood":0,"SlaversCollar":71,"Anchor":82,"Kunai":52,"Red Skull":19,"InkBottle":60}],"Burning Blood":153,"InkBottle":[16]},"card_choices":[{"not_picked":["Trip","Impatience"],"picked":"Dark Shackles","floor":0},{"not_picked":["Flex","True Grit"],"picked":"Whirlwind","floor":1},{"not_picked":["Rupture","Whirlwind"],"picked":"Twin Strike","floor":3},{"not_picked":["Headbutt","Blood for Blood"],"picked":"Inflame","floor":4},{"not_picked":["Inflame","Spot Weakness"],"picked":"Impervious","floor":6},{"not_picked":["Thunderclap","Headbutt","Sentinel"],"picked":"SKIP","floor":8},{"not_picked":["Sword Boomerang","Headbutt"],"picked":"Seeing Red","floor":12},{"not_picked":["Headbutt","Searing Blow"],"picked":"Ghostly Armor","floor":14},{"not_picked":["Fiend Fire","Barricade"],"picked":"Offering","floor":16},{"not_picked":["Perfected Strike","Hemokinesis","Iron Wave"],"picked":"SKIP","floor":18},{"not_picked":["Havoc","Sword Boomerang"],"picked":"Dropkick+1","floor":20},{"not_picked":["Entrench","Warcry","Wild Strike"],"picked":"SKIP","floor":22},{"not_picked":["Body Slam","Twin Strike"],"picked":"Clash+1","floor":23},{"not_picked":["Sever Soul","Reckless Charge"],"picked":"Demon Form","floor":25},{"not_picked":["Feel No Pain","Rage","Inflame"],"picked":"SKIP","floor":28},{"not_picked":["Warcry","Headbutt"],"picked":"Intimidate+1","floor":29},{"not_picked":["Anger","Shrug It Off"],"picked":"Warcry+1","floor":30},{"not_picked":["Inflame","Uppercut"],"picked":"Sword Boomerang","floor":31},{"not_picked":["Exhume","Berserk"],"picked":"Reaper","floor":33},{"not_picked":["Body Slam","Clothesline"],"picked":"True Grit","floor":35},{"not_picked":["Pommel Strike","Flex+1"],"picked":"Limit Break","floor":37},{"not_picked":["Perfected Strike","Whirlwind","Evolve"],"picked":"SKIP","floor":41},{"not_picked":["Cleave","Body Slam","True Grit"],"picked":"SKIP","floor":42},{"not_picked":["Intimidate+1","Shrug It Off"],"picked":"Sword Boomerang+1","floor":44},{"not_picked":["Spot Weakness","Body Slam+1","Blood for Blood"],"picked":"SKIP","floor":45},{"not_picked":["Fiend Fire","Clash+1","Brutality"],"picked":"SKIP","floor":48}],"player_experience":473233,"relics_obtained":[{"floor":6,"key":"Pen Nib"},{"floor":9,"key":"Red Skull"},{"floor":14,"key":"Blue Candle"},{"floor":23,"key":"Bag of Preparation"},{"floor":25,"key":"Kunai"},{"floor":26,"key":"Letter Opener"},{"floor":30,"key":"InkBottle"},{"floor":41,"key":"Anchor"},{"floor":43,"key":"Lantern"},{"floor":44,"key":"War Paint"},{"floor":48,"key":"Omamori"}],"event_choices":[{"damage_healed":0,"gold_gain":0,"player_choice":"Leave","damage_taken":0,"max_hp_gain":0,"max_hp_loss":0,"event_name":"The Cleric","floor":5,"gold_loss":0},{"damage_healed":0,"gold_gain":75,"player_choice":"Gather Gold","damage_taken":11,"max_hp_gain":0,"max_hp_loss":0,"event_name":"World of Goop","floor":13,"gold_loss":0},{"damage_healed":0,"gold_gain":0,"player_choice":"0 cards matched","damage_taken":0,"max_hp_gain":0,"max_hp_loss":0,"event_name":"Match and Keep!","floor":21,"gold_loss":0,"cards_obtained":[]},{"damage_healed":0,"gold_gain":0,"player_choice":"Memory 1","damage_taken":0,"max_hp_gain":0,"max_hp_loss":0,"event_name":"SensoryStone","floor":38,"gold_loss":0},{"damage_healed":0,"gold_gain":0,"player_choice":"Got Potions","damage_taken":0,"max_hp_gain":0,"max_hp_loss":0,"event_name":"Lab","floor":39,"gold_loss":0},{"cards_removed":["Clash"],"damage_healed":0,"gold_gain":0,"player_choice":"Removed Attack","damage_taken":0,"max_hp_gain":0,"max_hp_loss":0,"event_name":"Falling","floor":46,"gold_loss":0}],"is_beta":false,"boss_relics":[{"not_picked":["Black Star","Black Blood"],"picked":"Cursed Key"},{"not_picked":["Empty Cage","Coffee Dripper"],"picked":"SlaversCollar"}],"items_purged_floors":[2,11,19,36],"is_endless":false,"potions_floor_spawned":[3,4,12,14,16,18,23,25,31,35,42,45],"killed_by":"Donu and Deca","ascension_level":20}}