{"host":"mal0jdk4f6ubgyb8","time":1611686303,"event":{"mods":["100% Spire Juice","Act Like it!","Aspiration","BaseMod","CapriCore","Gensokyo","Hallownest","KinomotoSakuraMod(ƒæ÷Æ±æ”£)","Koishi","Luminous","Marisa£®ÏF”Í°°ƒß¿Ì…≥£©","Minty Spire (QoL Compilation)","Pale of the Ancients","Quick Restart","Reimu£®≤©¿ˆ¡È√Œ£©","Relic Stats","Remilia£®¿Ÿ√◊¿Ú—«£©","Replay The Spire","StSLib","The Animator","The Bug Knight","The Immortal","Waifu the Spire","WarShipGirlsR/’ΩΩ¢…Ÿ≈ÆR mod","Yakumo Yukari mod","Youmu£®ªÍ∆«—˝√Œ£©","Yuri Mod","Yuyuko"],"gold_per_floor":[217,232,27,27,38,65,85,112,112,132,166,166,199,212,212,309,309,324,324,314,334,334,364,364,398,452,479,404,419,453,379,379,477,477,497,497,517,517,531,531,557,557,557,557,584,601,618,638,638,638,638,638,167,192,192],"floor_reached":56,"language":"ZHS","playtime":8454,"items_purged":["ClowCardTheSword","ClowCardTheShield"],"score":1594,"play_id":"08787972-8bb2-40c4-aa81-34901fe5c900","local_time":"20210127023823","is_ascension_mode":true,"campfire_choices":[{"data":"ClowCardTheReturn","floor":15.0,"key":"SMITH"},{"floor":24.0,"key":"RECALL"},{"data":"ClowCardTheFirey","floor":40.0,"key":"SMITH"},{"data":"ClowCardTheRain","floor":44.0,"key":"SMITH"},{"data":"ClowCardTheWatery","floor":49,"key":"SMITH"},{"data":"ClowCardTheFight","floor":52,"key":"SMITH"}],"circlet_count":0,"master_deck":["SakuraCardTheFirey+","SakuraCardTheMove+","SakuraCardTheFight+","ClowCardTheSword","ClowCardTheSword","ClowCardTheSword","ClowCardTheShield","SpellCardSeal+1","SpellCardRelease","ClowCardTheSand","ClowCardTheRain","ClowCardTheFloat","ClowCardTheFloat","ClowCardTheFight","ClowCardTheWatery+1","ClowCardTheFloat","ClowCardTheMist","ClowCardTheSleep","ClowCardTheReturn+1","ClowCardTheDash","ClowCardTheFight+1","ClowCardTheWindy+1","ClowCardTheEarthy+1","ClowCardTheRain+1","ClowCardTheFloat+1","ClowCardTheDash","ClowCardTheMirror","ClowCardTheWave+1","ClowCardTheShadow+1","ClowCardTheDash","ClowCardTheFlower+1","ClowCardTheDream+1","ClowCardTheWave","ClowCardTheLittle+1"],"relics":["KSMOD_SealedBook","KSMOD_SealedWand","Boot","Pear","Gambling Chip","Meat on the Bone","Philosopher\u0027s Stone","Bag of Marbles","StrikeDummy","PreservedInsect","Oddly Smooth Stone","KSMOD_YukitosBentoBox","Letter Opener","SlaversCollar","aspiration:ChemicalBlood","Pen Nib","Replay:Towering Pillar of Hats","Pet Ghost","Replay:Wax Seal","aspiration:HummingbirdHeart","CrazyTorch:ReiMu"],"acts_visited":["Exordium","Exordium","Hallownest:CityofTears","TheEnding"],"potions_floor_usage":[46,50,55,55,55,55],"damage_taken":[{"damage":1.0,"enemies":"Cultist","floor":1.0,"turns":4.0},{"damage":0.0,"enemies":"2 Louse","floor":2.0,"turns":3.0},{"damage":12.0,"enemies":"Jaw Worm","floor":5.0,"turns":3.0},{"damage":4.0,"enemies":"3 Sentries","floor":6.0,"turns":6.0},{"damage":11.0,"enemies":"Looter","floor":7.0,"turns":5.0},{"damage":0.0,"enemies":"Replay:BlueRogue","floor":8.0,"turns":2.0},{"damage":15.0,"enemies":"Blue Slaver","floor":10.0,"turns":3.0},{"damage":16.0,"enemies":"3 Sentries","floor":11.0,"turns":6.0},{"damage":0.0,"enemies":"Lagavulin","floor":13.0,"turns":5.0},{"damage":0.0,"enemies":"Large Slime","floor":14.0,"turns":7.0},{"damage":15.0,"enemies":"Hexaghost","floor":16.0,"turns":8.0},{"damage":10.0,"enemies":"Hallownest:2_Mistakes","floor":18.0,"turns":5.0},{"damage":8.0,"enemies":"Hallownest:Guard_and_Sentry","floor":21.0,"turns":4.0},{"damage":6.0,"enemies":"Hallownest:Nosk","floor":23.0,"turns":7.0},{"damage":13.0,"enemies":"Hallownest:eliteWatcherKnight","floor":25.0,"turns":7.0},{"damage":19.0,"enemies":"Hallownest:eliteSoulWarrior","floor":27.0,"turns":2.0},{"damage":10.0,"enemies":"Hallownest:2_Flukemon","floor":29.0,"turns":3.0},{"damage":0.0,"enemies":"Hallownest:Nosk","floor":30.0,"turns":4.0},{"damage":14.0,"enemies":"Hallownest:BossGrimm","floor":33.0,"turns":7.0},{"damage":20.0,"enemies":"Hallownest:2_Littles","floor":35.0,"turns":5.0},{"damage":0.0,"enemies":"Hallownest:3_Siblings","floor":37.0,"turns":6.0},{"damage":4.0,"enemies":"Hallownest:2_Great","floor":39.0,"turns":4.0},{"damage":0.0,"enemies":"Hallownest:eliteCollector","floor":41.0,"turns":5.0},{"damage":0.0,"enemies":"Hallownest:StalkingDevout","floor":45.0,"turns":3.0},{"damage":18,"enemies":"Hallownest:monsterPrimalAspid","floor":46,"turns":2},{"damage":0,"enemies":"Hallownest:2_Wandering_and_1_Horned","floor":47,"turns":2},{"damage":11,"enemies":"Hallownest:Shield_Sturdy","floor":48,"turns":4},{"damage":3,"enemies":"Hallownest:BossGreyPrinceZote","floor":50,"turns":8},{"damage":0,"enemies":"Shield and Spear","floor":54,"turns":3},{"damage":72,"enemies":"The Heart","floor":55,"turns":5}],"seed_played":"-3555490202183941917","potions_obtained":[{"floor":1.0,"key":"AttackPotion"},{"floor":2.0,"key":"Milkshake"},{"floor":6.0,"key":"FearPotion"},{"floor":11.0,"key":"DistilledChaos"},{"floor":14.0,"key":"Fire Potion"},{"floor":18.0,"key":"PowerPotion"},{"floor":23.0,"key":"ColorlessPotion"},{"floor":30.0,"key":"SkillPotion"},{"floor":37.0,"key":"EntropicBrew"},{"floor":39.0,"key":"SkillPotion"},{"floor":41.0,"key":"SpeedPotion"}],"is_trial":false,"path_per_floor":["M","M","$","?","M","E","M","E","T","M","E","?","E","M","R","B",null,"M","?","?","M","?","E","R","E","T","E","$","M","E","$","R","B",null,"M","?","M","?","M","R","E","?","T","R","E","M","M","M","R","B",null,"R","$","E","B",null],"character_chosen":"KINOMOTOSAKURA","items_purchased":["ClowCardTheFloat","ClowCardTheFight","ClowCardTheDash","Replay:Wax Seal","aspiration:HummingbirdHeart","ClowCardTheWave"],"campfire_rested":0,"item_purchase_floors":[3,3,31,53,53,53],"current_hp_per_floor":[69,69,69,62,50,46,35,45,45,30,14,14,14,26,26,36,80,70,70,70,70,70,64,64,51,51,44,44,46,46,46,46,44,80,60,68,68,68,64,64,64,72,72,72,72,54,54,43,43,52,80,80,80,80,20],"gold":192,"neow_bonus":"HUNDRED_GOLD","is_daily":false,"chose_seed":false,"campfire_upgraded":5,"win_rate":0.0,"timestamp":1611686303,"path_taken":["M","M","$","?","M","E","M","E","T","M","E","?","E","?","R","BOSS","M","?","?","?","?","E","R","E","T","E","$","M","E","?","R","BOSS","M","?","?","?","M","R","E","?","T","R","E","?","M","M","R","BOSS","R","$","E","BOSS"],"items_purchased_type":["Card","Card","Card","Relic","Relic","Card"],"build_version":"2020-12-22","purchased_purges":2,"victory":true,"max_hp_per_floor":[70,70,70,70,70,70,70,80,80,80,80,80,80,80,80,80,80,80,80,80,80,80,80,80,80,80,80,80,80,80,80,80,80,80,80,80,80,80,80,80,80,80,80,80,80,80,80,80,80,80,80,80,80,80,80],"relic_stats":{"counters":[30,138],"Gambling Chip":[53],"PreservedInsect":242,"Pen Nib":[13],"Letter Opener":[316],"Boot":[381],"obtain_stats":[{"Pear":8,"Replay:Towering Pillar of Hats":43,"KSMOD_SealedBook":0,"Oddly Smooth Stone":26,"PreservedInsect":25,"KSMOD_YukitosBentoBox":27,"Pen Nib":41,"aspiration:HummingbirdHeart":53,"Letter Opener":30,"Boot":6,"Pet Ghost":45,"SlaversCollar":34,"Gambling Chip":11,"CrazyTorch:ReiMu":54,"Philosopher\u0027s Stone":17,"KSMOD_SealedWand":0,"Bag of Marbles":22,"Replay:Wax Seal":53,"StrikeDummy":23,"Meat on the Bone":13,"aspiration:ChemicalBlood":35},{"Pear":6,"Replay:Towering Pillar of Hats":23,"KSMOD_SealedBook":0,"Oddly Smooth Stone":15,"PreservedInsect":15,"KSMOD_YukitosBentoBox":16,"Pen Nib":23,"aspiration:HummingbirdHeart":28,"Letter Opener":18,"Boot":4,"Pet Ghost":24,"SlaversCollar":19,"Gambling Chip":8,"CrazyTorch:ReiMu":29,"Philosopher\u0027s Stone":11,"KSMOD_SealedWand":0,"Bag of Marbles":13,"Replay:Wax Seal":28,"StrikeDummy":14,"Meat on the Bone":9,"aspiration:ChemicalBlood":20},{"Pear":23,"Replay:Towering Pillar of Hats":111,"KSMOD_SealedBook":0,"Oddly Smooth Stone":75,"PreservedInsect":75,"KSMOD_YukitosBentoBox":77,"Pen Nib":111,"aspiration:HummingbirdHeart":130,"Letter Opener":84,"Boot":16,"Pet Ghost":114,"SlaversCollar":91,"Gambling Chip":32,"CrazyTorch:ReiMu":133,"Philosopher\u0027s Stone":52,"KSMOD_SealedWand":0,"Bag of Marbles":61,"Replay:Wax Seal":130,"StrikeDummy":68,"Meat on the Bone":37,"aspiration:ChemicalBlood":96}],"Meat on the Bone":84},"card_choices":[{"not_picked":["ClowCardTheGlow","ClowCardTheLoop"],"picked":"ClowCardTheSand","floor":1.0},{"not_picked":["ClowCardTheIllusion","ClowCardTheErase"],"picked":"ClowCardTheRain","floor":2.0},{"not_picked":["ClowCardTheCloud","ClowCardTheLoop"],"picked":"ClowCardTheWatery","floor":5.0},{"not_picked":["ClowCardTheIllusion","ClowCardTheArrow"],"picked":"ClowCardTheFloat","floor":6.0},{"not_picked":["ClowCardTheSilent","ClowCardTheVoice"],"picked":"ClowCardTheMist","floor":7.0},{"not_picked":["ClowCardTheWindy","ClowCardTheMist"],"picked":"ClowCardTheMove","floor":8.0},{"not_picked":["ClowCardTheCloud","ClowCardTheShadow"],"picked":"ClowCardTheSleep","floor":10.0},{"not_picked":["ClowCardThePower","ClowCardTheLoop"],"picked":"ClowCardTheReturn","floor":11.0},{"not_picked":["ClowCardTheSong","ClowCardTheCloud","ClowCardTheMaze"],"picked":"SKIP","floor":13.0},{"not_picked":["ClowCardTheErase","ClowCardTheChange","ClowCardTheLock"],"picked":"SKIP","floor":14.0},{"not_picked":["ClowCardTheFight","ClowCardTheDark"],"picked":"ClowCardTheDash","floor":16.0},{"not_picked":["ClowCardTheMaze","ClowCardTheLock","ClowCardTheWood+1"],"picked":"SKIP","floor":18.0},{"not_picked":[],"picked":"ClowCardTheFight","floor":20.0},{"not_picked":["ClowCardTheLittle","ClowCardTheGlow"],"picked":"ClowCardTheWindy+1","floor":21.0},{"not_picked":["ClowCardTheMirror+1","ClowCardTheShadow"],"picked":"ClowCardTheEarthy+1","floor":23.0},{"not_picked":["ClowCardTheCloud","ClowCardTheSnow","ClowCardTheMirror"],"picked":"SKIP","floor":25.0},{"not_picked":["ClowCardTheStorm","ClowCardTheWave"],"picked":"ClowCardTheFirey","floor":27.0},{"not_picked":["ClowCardTheFreeze","ClowCardTheIllusion"],"picked":"ClowCardTheRain","floor":29.0},{"not_picked":["ClowCardTheCloud+1","ClowCardTheLoop"],"picked":"ClowCardTheFloat+1","floor":30.0},{"not_picked":["ClowCardTheDark","ClowCardTheReturn"],"picked":"ClowCardTheCreate","floor":33.0},{"not_picked":["ClowCardTheMaze","ClowCardTheShot"],"picked":"ClowCardTheWave+1","floor":35.0},{"not_picked":["ClowCardTheChange","ClowCardTheMist","ClowCardThePower+1"],"picked":"SKIP","floor":37.0},{"not_picked":["ClowCardTheDream","ClowCardTheIllusion"],"picked":"ClowCardTheShadow+1","floor":39.0},{"not_picked":["ClowCardTheShadow+1","ClowCardTheDream+1"],"picked":"ClowCardTheDash","floor":41.0},{"not_picked":["ClowCardTheMist+1","ClowCardTheVoice+1","ClowCardTheCloud+1"],"picked":"SKIP","floor":45.0},{"not_picked":["ClowCardTheIllusion+1","ClowCardTheFirey","ClowCardTheSand"],"picked":"SKIP","floor":46},{"not_picked":["ClowCardTheShot+1","ClowCardTheMist"],"picked":"ClowCardTheFlower+1","floor":47},{"not_picked":["ClowCardTheMirror","ClowCardTheMaze"],"picked":"ClowCardTheDream+1","floor":48},{"not_picked":["ClowCardTheWood+1","ClowCardTheDark"],"picked":"ClowCardTheLittle+1","floor":54}],"player_experience":366360,"relics_obtained":[{"floor":6.0,"key":"Boot"},{"floor":8.0,"key":"Pear"},{"floor":11.0,"key":"Gambling Chip"},{"floor":13.0,"key":"Meat on the Bone"},{"floor":23.0,"key":"StrikeDummy"},{"floor":25.0,"key":"PreservedInsect"},{"floor":26.0,"key":"Oddly Smooth Stone"},{"floor":27.0,"key":"KSMOD_YukitosBentoBox"},{"floor":30.0,"key":"Letter Opener"},{"floor":35.0,"key":"aspiration:ChemicalBlood"},{"floor":41.0,"key":"Pen Nib"},{"floor":43.0,"key":"Replay:Towering Pillar of Hats"},{"floor":45.0,"key":"Pet Ghost"},{"floor":54,"key":"CrazyTorch:ReiMu"}],"event_choices":[{"cards_removed":["ClowCardTheShield"],"damage_healed":0.0,"max_hp_gain":0.0,"max_hp_loss":0.0,"gold_gain":0.0,"event_name":"Golden Wing","player_choice":"Card Removal","floor":4.0,"gold_loss":0.0,"damage_taken":7.0},{"damage_healed":0.0,"max_hp_gain":0.0,"max_hp_loss":0.0,"gold_gain":0.0,"event_name":"Shining Light","player_choice":"Ignored","floor":12.0,"gold_loss":0.0,"damage_taken":0.0}],"is_beta":false,"boss_relics":[{"not_picked":["aspiration:MarisaSkillbook","Cursed Key"],"picked":"Philosopher\u0027s Stone"},{"not_picked":["Honey Jar","aspiration:FutureDiary"],"picked":"SlaversCollar"}],"items_purged_floors":[28,53],"is_endless":false,"potions_floor_spawned":[1,2,6,11,14,18,23,27,29,30,37,39,41],"ascension_level":3}}