{"host":"ndqo0ze3xqwwg5zo","time":1611619908,"event":{"mods":["BaseMod","Colored Powertips","Downfall","Hermit","Koishi","Marisa????????","Minty Spire (QoL Compilation)","Permanent Neow","Replay The Spire","Shop Mod","StSLib","Td1madao Mod","The Cursed","The Disciple","The Hierophant","The Necromancer","The Runesmith","The Servant 0.9.4","The Wild Card"],"gold_per_floor":[110,120,135,135,135,135,210,243,243,270,270,282,26,38,38,49,49,149,149,159,14,28,40,40,40,52,71,96,96,96,96,100,115,115,166,166,186,204,218,233,233,233,233,251,278,278,323,22,24,24,24,9],"floor_reached":53,"language":"ENG","playtime":7207,"items_purged":[],"score":793,"play_id":"c87be3dc-9730-43a8-8dcc-24dc4081ee37","local_time":"20210125181148","is_ascension_mode":false,"campfire_choices":[{"data":"Break Into","floor":9,"key":"SMITH"},{"data":"Reinforcement Parts","floor":17,"key":"SMITH"},{"data":"Money Cant Rescue","floor":25,"key":"SMITH"},{"data":"Chip","floor":29,"key":"SMITH"},{"data":"E MP","floor":31,"key":"SMITH"},{"data":"Black Shadow","floor":34,"key":"SMITH"},{"floor":42,"key":"REST"},{"floor":46,"key":"REST"},{"floor":51,"key":"REST"}],"circlet_count":0,"master_deck":["Strike_C","Strike_C","Strike_C","Strike_C","Defend_C","Defend_C","Defend_C+1","Defend_C","Knight Kick+1","Chip+1","Sudden Beat","New Defend Magic+1","Cooling Song","Break Into+1","E MP+1","Preloading","Machining","Reinforcement Parts+1","Backup+1","Money Cant Rescue+1","Fire Blade","Black Shadow+1","Optimization","Fire Up+1","Reinforcement Parts+1","Bugfix+1","Chip Synthesis","Preloading+1","Defend System+1","Reinforcement Parts"],"relics":["Apod","Divine Protection","Odd Mushroom","Frozen Egg 2","ReplayTheSpireMod:Lightbulb","Philosopher\u0027s Stone","Guide Book","Centennial Puzzle","Strawberry","Fusion Hammer","Oddly Smooth Stone","CatCart","Lizard Tail"],"acts_visited":["Exordium","TheCity","TheBeyond"],"potions_floor_usage":[20,20,23,43,47,52],"damage_taken":[{"damage":1,"enemies":"2 Louse","floor":1,"turns":3},{"damage":1,"enemies":"Jaw Worm","floor":2,"turns":3},{"damage":0,"enemies":"Cultist","floor":3,"turns":3},{"damage":12,"enemies":"Lagavulin","floor":8,"turns":6},{"damage":0,"enemies":"The Mushroom Lair","floor":10,"turns":6},{"damage":1,"enemies":"Blue Slaver","floor":12,"turns":4},{"damage":0,"enemies":"Exordium Wildlife","floor":14,"turns":3},{"damage":0,"enemies":"2 Fungi Beasts","floor":16,"turns":5},{"damage":0,"enemies":"The Guardian","floor":18,"turns":6},{"damage":5,"enemies":"2 Thieves","floor":20,"turns":4},{"damage":0,"enemies":"3 Byrds","floor":22,"turns":4},{"damage":6,"enemies":"Snake Plant","floor":23,"turns":2},{"damage":0,"enemies":"Cultist and Chosen","floor":26,"turns":6},{"damage":0,"enemies":"Centurion and Healer","floor":27,"turns":6},{"damage":6,"enemies":"3 Cultists","floor":32,"turns":5},{"damage":0,"enemies":"Snecko","floor":33,"turns":3},{"damage":0,"enemies":"Champ","floor":35,"turns":5},{"damage":2,"enemies":"Orb Walker","floor":37,"turns":2},{"damage":0,"enemies":"3 Shapes","floor":38,"turns":4},{"damage":7,"enemies":"Spire Growth","floor":39,"turns":5},{"damage":14,"enemies":"4 Shapes","floor":40,"turns":5},{"damage":0,"enemies":"R_Hoarder","floor":43,"turns":4},{"damage":0,"enemies":"Maw","floor":44,"turns":4},{"damage":39,"enemies":"Orin","floor":47,"turns":7},{"damage":7,"enemies":"Transient","floor":49,"turns":5},{"damage":119,"enemies":"Awakened One","floor":52,"turns":10}],"seed_played":"2817691013990358134","potions_obtained":[{"floor":1,"key":"Energy Potion"},{"floor":3,"key":"Swift Potion"},{"floor":10,"key":"sneckomod:MuddlingPotion"},{"floor":12,"key":"Energy Potion"},{"floor":22,"key":"Regen Potion"},{"floor":23,"key":"Languid Potion"},{"floor":32,"key":"Elixir"},{"floor":33,"key":"ColorlessPotion"},{"floor":37,"key":"SkillPotion"},{"floor":44,"key":"Weak Potion"},{"floor":49,"key":"SteroidPotion"}],"is_trial":false,"path_per_floor":["M","M","M","PTL","PTL","?","?","E","R","?","T","M","$","M","$","M","R","B",null,"M","$","M","M","T","R","M","M","T","R","?","R","M","M","R","B",null,"M","M","M","M","?","R","E","M","T","R","?","$","M","?","R","B",null],"character_chosen":"TD1MADAO_CLASS","items_purchased":["ReplayTheSpireMod:Lightbulb","Preloading","Guide Book","Lizard Tail"],"campfire_rested":3,"item_purchase_floors":[13,13,21,48],"current_hp_per_floor":[74,73,73,73,73,58,47,35,35,35,35,34,34,34,34,34,34,34,75,70,70,70,64,64,64,64,64,71,71,71,71,65,65,65,65,82,80,80,73,59,59,82,82,82,82,82,43,43,36,36,60,21],"gold":9,"neow_bonus":"RANDOM_EVENT","is_daily":false,"chose_seed":false,"campfire_upgraded":6,"win_rate":0.0,"timestamp":1611619908,"path_taken":["M","M","M","PTL","PTL","?","?","E","R","?","T","M","$","M","?","M","R","BOSS","M","$","M","M","?","R","M","M","T","R","?","R","M","M","R","BOSS","M","M","M","M","?","R","E","M","T","R","?","$","M","?","R","BOSS"],"items_purchased_type":["Relic","Card","Relic","Relic"],"build_version":"2020-12-22","purchased_purges":0,"victory":true,"max_hp_per_floor":[75,75,75,75,75,75,75,75,75,75,75,75,75,75,75,75,75,75,75,75,75,75,75,75,75,75,75,82,82,82,82,82,82,82,82,82,82,82,82,82,82,82,82,82,82,82,82,82,82,82,82,82],"card_choices":[{"not_picked":["Revenge","Fire Blade"],"picked":"Sudden Beat","floor":1},{"not_picked":["Break Into","Resistance"],"picked":"New Defend Magic","floor":2},{"not_picked":["Bugfix","Black Spear"],"picked":"Cooling Song","floor":3},{"not_picked":["Overclocking","Lunge"],"picked":"Break Into","floor":8},{"not_picked":["Provocative","Resistance"],"picked":"E MP","floor":12},{"not_picked":["Provocative","Twin Teeth"],"picked":"Machining","floor":14},{"not_picked":["Weapon Shift","Transfer Energy+1"],"picked":"Reinforcement Parts","floor":16},{"not_picked":["Black Warm Hole","Data Freezing"],"picked":"Backup","floor":18},{"not_picked":["Provocative","Black Hand","Lunge"],"picked":"SKIP","floor":20},{"not_picked":["Resistance+1","Machining"],"picked":"Money Cant Rescue","floor":22},{"not_picked":["Machining","Bugfix+1"],"picked":"Fire Blade","floor":23},{"not_picked":["Cursed Blade","Gravity Defend"],"picked":"Black Shadow","floor":26},{"not_picked":["Thunder Jump+1","Floating Swing Kick","Coercion+1"],"picked":"SKIP","floor":27},{"not_picked":["Pod Fire+1","Preparedness+1","Lunge"],"picked":"SKIP","floor":32},{"not_picked":["Fire Blade","Memory Alloy","Paralysis"],"picked":"SKIP","floor":33},{"not_picked":["Shockwave Tdmadao+1","Black Contract"],"picked":"Optimization","floor":35},{"not_picked":["Twin Teeth+1","Here Defend Chip+1","Preparedness+1"],"picked":"SKIP","floor":37},{"not_picked":["Rupture","White Contract"],"picked":"Fire Up+1","floor":38},{"not_picked":["Sudden Beat+1","Pod Fire+1"],"picked":"Reinforcement Parts+1","floor":39},{"not_picked":["Rupture","Preparedness+1"],"picked":"Bugfix+1","floor":40},{"not_picked":["Machining+1","Afterwards"],"picked":"Chip Synthesis","floor":43},{"not_picked":["Black Hand+1","Fire Blade"],"picked":"Preloading+1","floor":44},{"not_picked":["Machining+1","Provocative"],"picked":"Defend System+1","floor":47},{"not_picked":["White Contract","Bursts"],"picked":"Reinforcement Parts","floor":49}],"player_experience":33997,"relics_obtained":[{"floor":8,"key":"Divine Protection"},{"floor":10,"key":"Odd Mushroom"},{"floor":11,"key":"Frozen Egg 2"},{"floor":24,"key":"Centennial Puzzle"},{"floor":28,"key":"Strawberry"},{"floor":43,"key":"Oddly Smooth Stone"},{"floor":47,"key":"CatCart"}],"event_choices":[{"damage_healed":0,"gold_gain":0,"player_choice":"Donut","damage_taken":0,"max_hp_gain":5,"max_hp_loss":0,"event_name":"Big Fish","floor":0,"gold_loss":0},{"damage_healed":0,"gold_gain":0,"player_choice":"Entered Light","damage_taken":15,"max_hp_gain":0,"max_hp_loss":0,"event_name":"Shining Light","floor":6,"gold_loss":0,"cards_upgraded":["Knight Kick","Defend_C"]},{"damage_healed":0,"gold_gain":75,"player_choice":"Gather Gold","damage_taken":11,"max_hp_gain":0,"max_hp_loss":0,"event_name":"World of Goop","floor":7,"gold_loss":0},{"damage_healed":0,"gold_gain":0,"player_choice":"Fought Mushrooms","damage_taken":0,"max_hp_gain":0,"max_hp_loss":0,"event_name":"Mushrooms","floor":10,"gold_loss":0},{"damage_healed":0,"gold_gain":0,"player_choice":"Fight","damage_taken":0,"max_hp_gain":0,"max_hp_loss":0,"event_name":"OrinTheCat","floor":47,"gold_loss":0},{"damage_healed":0,"gold_gain":0,"player_choice":"Memory 1","damage_taken":0,"max_hp_gain":0,"max_hp_loss":0,"event_name":"SensoryStone","floor":50,"gold_loss":0}],"is_beta":false,"boss_relics":[{"not_picked":["Calling Bell","SlaversCollar"],"picked":"Philosopher\u0027s Stone"},{"not_picked":["Black Star","Cursed Key"],"picked":"Fusion Hammer"}],"items_purged_floors":[],"is_endless":false,"potions_floor_spawned":[1,3,10,12,22,23,32,33,37,44,49],"ascension_level":0}}