{"host":"g907ck67u7c3hrs6","time":1611632915,"event":{"mods":["BaseMod","Colored Map","DeckTracker","Highlight Path","Keyboard Shortcuts","Minty Spire (QoL Compilation)","Permanent Neow","Say the Spire","SuperFastMode"],"gold_per_floor":[114,114,129,129,144,159,189,219,249,249,249,249,249,279,229,229,329,329,344,344,344,148,163,193,208,238,238,253,253,253,253,283,311,311,411,411,426,452,1451,1476,1176,1206,797,797,797,440,515,440,119,149,149,149],"floor_reached":53,"language":"KOR","playtime":1696,"items_purged":["Normality","Normality","Parasite","Disarm"],"score":1093,"play_id":"2af00ae6-e622-44a0-8b51-0e52050a2ef8","local_time":"20210126124835","daily_mods":["SealedDeck","Flight","Night Terrors"],"is_ascension_mode":false,"campfire_choices":[{"data":"Fire Breathing","floor":11,"key":"SMITH"},{"data":"Armaments","floor":16,"key":"SMITH"},{"data":"Fire Breathing","floor":31,"key":"SMITH"},{"data":"Seeing Red","floor":34,"key":"SMITH"},{"data":"Apotheosis","floor":51,"key":"SMITH"}],"circlet_count":0,"master_deck":["Armaments+1","Body Slam","Armaments","Disarm","Entrench","Fire Breathing+1","Wild Strike","Wild Strike","Power Through","Seeing Red+1","Shrug It Off","Exhume","Immolate","Fire Breathing+1","Master of Strategy","Power Through","Power Through","Sentinel","Wild Strike","Berserk","Burning Pact+1","Brutality","Evolve","Shrug It Off+1","Evolve","Burning Pact","Discovery","Apotheosis+1","Purity","Evolve","Entrench","Fire Breathing+1","Master of Strategy","Shrug It Off+1"],"relics":["Black Blood","WarpedTongs","Mango","Nunchaku","Pen Nib","Ornamental Fan","Regal Pillow","Lantern","SlaversCollar","Enchiridion","Bottled Tornado","Incense Burner","Letter Opener","Strawberry","Red Mask","Ginger","Centennial Puzzle","PreservedInsect","Dream Catcher","Membership Card","Blue Candle","Shuriken","Sundial","TheAbacus","Eternal Feather","DollysMirror","Bag of Preparation","Toolbox","Kunai"],"acts_visited":["Exordium","TheCity","TheBeyond"],"potions_floor_usage":[52],"damage_taken":[{"damage":4.0,"enemies":"Jaw Worm","floor":1.0,"turns":3.0},{"damage":7.0,"enemies":"Cultist","floor":3.0,"turns":3.0},{"damage":0,"enemies":"2 Louse","floor":5,"turns":2},{"damage":3,"enemies":"Blue Slaver","floor":6,"turns":4},{"damage":23,"enemies":"3 Sentries","floor":7,"turns":4},{"damage":20,"enemies":"Lagavulin","floor":8,"turns":9},{"damage":29,"enemies":"Gremlin Nob","floor":9,"turns":5},{"damage":7,"enemies":"3 Sentries","floor":14,"turns":4},{"damage":0,"enemies":"Slime Boss","floor":17,"turns":8},{"damage":5,"enemies":"3 Byrds","floor":19,"turns":3},{"damage":14,"enemies":"Shell Parasite","floor":23,"turns":4},{"damage":11,"enemies":"Slavers","floor":24,"turns":4},{"damage":6,"enemies":"Centurion and Healer","floor":25,"turns":4},{"damage":0,"enemies":"Gremlin Leader","floor":26,"turns":5},{"damage":10,"enemies":"Snake Plant","floor":28,"turns":4},{"damage":3,"enemies":"Book of Stabbing","floor":32,"turns":4},{"damage":15,"enemies":"Masked Bandits","floor":33,"turns":4},{"damage":0,"enemies":"Automaton","floor":35,"turns":5},{"damage":2,"enemies":"3 Shapes","floor":37,"turns":3},{"damage":5,"enemies":"2 Orb Walkers","floor":38,"turns":2},{"damage":12,"enemies":"Reptomancer","floor":42,"turns":4},{"damage":37,"enemies":"Nemesis","floor":50,"turns":5},{"damage":28,"enemies":"Donu and Deca","floor":52,"turns":6}],"seed_played":"-4735054310349275430","potions_obtained":[{"floor":5,"key":"ColorlessPotion"},{"floor":7,"key":"SteroidPotion"},{"floor":14,"key":"AttackPotion"}],"is_trial":false,"path_per_floor":["M","?","M","?","M","M","E","E","E","T","R","?","T","E","?","R","B",null,"M","?","?","$","M","E","M","E","T","M","?","?","R","E","?","R","B",null,"M","?","?","T","$","E","$","?","T","$","T","$","$","E","R","B",null],"character_chosen":"IRONCLAD","items_purchased":["Master of Strategy","PreservedInsect","Evolve","Membership Card","Evolve","Blue Candle","Burning Pact","PowerPotion","Evolve","Sundial","TheAbacus","Entrench","DuplicationPotion","DollysMirror","Bag of Preparation","Toolbox","Master of Strategy"],"campfire_rested":0,"item_purchase_floors":[22,41,41,43,43,43,43,43,46,46,46,46,46,48,49,49,49],"current_hp_per_floor":[80,80,79,79,80,80,77,63,40,40,40,63,63,62,62,62,68,94,94,78,78,78,70,65,65,71,71,67,67,67,67,77,68,68,74,101,101,101,101,101,101,101,101,91,91,91,91,91,91,66,84,68],"gold":149,"neow_bonus":"","is_daily":true,"chose_seed":false,"campfire_upgraded":5,"win_rate":0.0,"timestamp":1611632915,"path_taken":["M","?","?","?","?","M","E","E","E","T","R","?","?","E","?","R","BOSS","M","?","?","?","?","E","M","E","T","?","?","?","R","E","?","R","BOSS","M","?","?","?","$","E","$","?","T","?","?","?","$","E","R","BOSS"],"items_purchased_type":["Card","Relic","Card","Relic","Card","Relic","Card","Potion","Card","Relic","Relic","Card","Potion","Relic","Relic","Relic","Card"],"build_version":"2020-12-22","purchased_purges":4,"victory":true,"max_hp_per_floor":[80,80,80,80,80,80,94,94,94,94,94,94,94,94,94,94,94,94,94,94,94,94,94,94,94,94,94,94,94,94,94,101,101,101,101,101,101,101,101,101,101,101,101,101,101,98,98,98,98,98,98,98],"card_choices":[{"not_picked":["Rupture","Cleave","Anger"],"picked":"SKIP","floor":1.0},{"not_picked":["Clothesline","Second Wind"],"picked":"Disarm","floor":5},{"not_picked":["Infernal Blade","True Grit"],"picked":"Seeing Red","floor":6},{"not_picked":["Twin Strike","Cleave"],"picked":"Shrug It Off","floor":7},{"not_picked":["Uppercut","Perfected Strike"],"picked":"Exhume","floor":8},{"not_picked":["Heavy Blade","Pummel","True Grit"],"picked":"SKIP","floor":9},{"not_picked":["Rupture","Perfected Strike","Clothesline"],"picked":"SKIP","floor":14},{"not_picked":["Fiend Fire","Double Tap"],"picked":"Immolate","floor":17},{"not_picked":["Flex+1","Body Slam+1","Thunderclap"],"picked":"SKIP","floor":19},{"not_picked":["Rampage","Iron Wave"],"picked":"Power Through","floor":23},{"not_picked":["Havoc+1","Feel No Pain+1"],"picked":"Power Through","floor":24},{"not_picked":["Armaments","Clash","Thunderclap"],"picked":"SKIP","floor":25},{"not_picked":["Heavy Blade+1","Shrug It Off","Thunderclap+1"],"picked":"SKIP","floor":26},{"not_picked":["Body Slam","Iron Wave+1","Cleave"],"picked":"SKIP","floor":28},{"not_picked":["Rampage","Anger"],"picked":"Berserk","floor":32},{"not_picked":["Inflame","Sword Boomerang"],"picked":"Burning Pact+1","floor":33},{"not_picked":["Limit Break","Corruption"],"picked":"Brutality","floor":35},{"not_picked":["True Grit","Perfected Strike","Thunderclap+1"],"picked":"SKIP","floor":37},{"not_picked":["Bloodletting","Flex+1"],"picked":"Shrug It Off+1","floor":42},{"not_picked":["PanicButton","Swift Strike"],"picked":"Discovery","floor":44},{"not_picked":["Dark Shackles","Secret Technique"],"picked":"Apotheosis","floor":44},{"not_picked":["Enlightenment","Dark Shackles"],"picked":"Purity","floor":44},{"not_picked":["Havoc","Twin Strike+1"],"picked":"Shrug It Off+1","floor":50}],"player_experience":233386,"relics_obtained":[{"floor":7,"key":"Mango"},{"floor":8,"key":"Nunchaku"},{"floor":9,"key":"Pen Nib"},{"floor":10,"key":"Ornamental Fan"},{"floor":13,"key":"Regal Pillow"},{"floor":14,"key":"Lantern"},{"floor":20,"key":"Enchiridion"},{"floor":24,"key":"Bottled Tornado"},{"floor":26,"key":"Incense Burner"},{"floor":27,"key":"Letter Opener"},{"floor":32,"key":"Strawberry"},{"floor":33,"key":"Red Mask"},{"floor":38,"key":"Ginger"},{"floor":40,"key":"Centennial Puzzle"},{"floor":42,"key":"Dream Catcher"},{"floor":45,"key":"Shuriken"},{"floor":47,"key":"Eternal Feather"},{"floor":50,"key":"Kunai"}],"event_choices":[{"damage_healed":0.0,"max_hp_gain":0.0,"max_hp_loss":0.0,"gold_gain":0.0,"event_name":"Accursed Blacksmith","player_choice":"Rummage","floor":2.0,"gold_loss":0.0,"damage_taken":0.0,"relics_obtained":["WarpedTongs"],"cards_obtained":["Pain"]},{"damage_healed":0,"gold_gain":0,"player_choice":"1 cards matched","damage_taken":0,"max_hp_gain":0,"max_hp_loss":0,"event_name":"Match and Keep!","floor":4,"gold_loss":0,"cards_obtained":["Power Through"]},{"damage_healed":23,"gold_gain":0,"player_choice":"Healed and dodged fight","damage_taken":0,"max_hp_gain":0,"max_hp_loss":0,"event_name":"Mushrooms","floor":12,"gold_loss":0,"cards_obtained":["Parasite"]},{"cards_removed":["Pain"],"damage_healed":0,"gold_gain":0,"player_choice":"Card Removal","damage_taken":0,"max_hp_gain":0,"max_hp_loss":0,"event_name":"The Cleric","floor":15,"gold_loss":50},{"damage_healed":0,"gold_gain":0,"player_choice":"Obtained Book","damage_taken":16,"max_hp_gain":0,"max_hp_loss":0,"event_name":"Cursed Tome","floor":20,"gold_loss":0},{"damage_healed":0,"gold_gain":0,"player_choice":"Read","damage_taken":0,"max_hp_gain":0,"max_hp_loss":0,"event_name":"The Library","floor":21,"gold_loss":0,"cards_obtained":["Fire Breathing"]},{"damage_healed":0,"gold_gain":0,"cards_transformed":["True Grit","Whirlwind"],"player_choice":"Became Test Subject","damage_taken":0,"max_hp_gain":0,"max_hp_loss":0,"event_name":"Drug Dealer","floor":30,"gold_loss":0,"cards_obtained":["Sentinel","Wild Strike"]},{"damage_healed":0,"gold_gain":0,"player_choice":"Fought Bandits","damage_taken":0,"max_hp_gain":0,"max_hp_loss":0,"event_name":"Masked Bandits","floor":33,"gold_loss":0},{"damage_healed":0,"gold_gain":0,"player_choice":"Fight","damage_taken":0,"max_hp_gain":0,"max_hp_loss":0,"event_name":"Mysterious Sphere","floor":38,"gold_loss":0},{"damage_healed":0,"gold_gain":999,"player_choice":"Gold","damage_taken":0,"max_hp_gain":0,"max_hp_loss":0,"event_name":"MindBloom","floor":39,"gold_loss":0,"cards_obtained":["Normality","Normality"]},{"damage_healed":0,"gold_gain":0,"player_choice":"Memory 3","damage_taken":10,"max_hp_gain":0,"max_hp_loss":0,"event_name":"SensoryStone","floor":44,"gold_loss":0}],"is_beta":false,"boss_relics":[{"not_picked":["Fusion Hammer","Astrolabe"],"picked":"SlaversCollar"},{"not_picked":["Philosopher\u0027s Stone","SacredBark"],"picked":"Black Blood"}],"items_purged_floors":[41,43,46,49],"is_endless":false,"potions_floor_spawned":[5,7,14,17,23,25,33,35,38,42],"ascension_level":0}}