{"host":"usru02jcpe2a942d","time":1611657950,"event":{"mods":["Act Like it!","BaseMod","Colored Powertips","GifTheSpireLib","Highlight Path","Hubris","Infinite Spire","Luminous","Minty Spire (QoL Compilation)","MostiFishMod","Quick Restart","Relic Stats","RumiaBox-露米娅的神秘盒子","StSLib","noobMod","【遗物卡牌】REMEMod","篝火指南"],"gold_per_floor":[112,112,387,406,406,433,433],"floor_reached":6,"language":"ZHS","playtime":355,"items_purged":[],"score":44,"play_id":"46543377-df9f-4cbb-b428-2cc17038859d","local_time":"20210126184550","is_ascension_mode":false,"campfire_choices":[],"circlet_count":0,"master_deck":["Luminous:Light_Flash_Shower","Luminous:Light_Flash_Shower","Luminous:Light_Flash_Shower+1","Luminous:Dark_Abyssal_Drop","Luminous:Dark_Abyssal_Drop+1","Luminous:Dark_Abyssal_Drop","Luminous:Defend_Luminous","Luminous:Defend_Luminous","Luminous:Defend_Luminous","Luminous:Defend_Luminous","Luminous:Switch_Luminous","MostiFishMod:PerfectForm+1","Luminous:Reverse_Spell_Luminous","Regret","Luminous:Accumulation_Luminous","Luminous:Abyss_Heart_Luminous"],"relics":["Luminous:MirrorRelic","DaveBox","ice","REME_ComplimentaryCards","HaiYi:Twilight","SynthV:TestCard","hubris:Icosahedron","Whetstone"],"acts_visited":["Exordium"],"potions_floor_usage":[],"damage_taken":[{"damage":1,"enemies":"Small Slimes","floor":1,"turns":3},{"damage":4,"enemies":"2 Louse","floor":4,"turns":4},{"damage":28,"enemies":"3 Sentries","floor":6,"turns":8}],"seed_played":"1562979255676649947","potions_obtained":[{"floor":1,"key":"FearPotion"}],"is_trial":false,"path_per_floor":["M","?","?","M","?","E"],"character_chosen":"LuminousClass","items_purchased":[],"campfire_rested":0,"item_purchase_floors":[],"current_hp_per_floor":[81,81,81,77,77,49,49],"gold":433,"neow_bonus":"TEN_PERCENT_HP_BONUS","is_daily":false,"chose_seed":false,"campfire_upgraded":0,"win_rate":0.0,"timestamp":1611657950,"path_taken":["M","?","?","?","?","E"],"items_purchased_type":[],"build_version":"2020-12-22","purchased_purges":0,"victory":false,"max_hp_per_floor":[82,82,82,82,82,82,82],"relic_stats":{"counters":[3,15],"Whetstone":["Luminous:Dark_Abyssal_Drop","Luminous:Light_Flash_Shower"],"obtain_stats":[{"SynthV:TestCard":1,"hubris:Icosahedron":2,"DaveBox":0,"HaiYi:Twilight":0,"Luminous:MirrorRelic":0,"ice":0,"Whetstone":6,"REME_ComplimentaryCards":0},{"SynthV:TestCard":1,"hubris:Icosahedron":1,"DaveBox":0,"HaiYi:Twilight":0,"Luminous:MirrorRelic":0,"ice":0,"Whetstone":3,"REME_ComplimentaryCards":0},{"SynthV:TestCard":3,"hubris:Icosahedron":3,"DaveBox":0,"HaiYi:Twilight":0,"Luminous:MirrorRelic":0,"ice":0,"Whetstone":15,"REME_ComplimentaryCards":0}]},"card_choices":[{"not_picked":["Luminous:Dark_Pressure_Void","Luminous:Light_Glare"],"picked":"Luminous:Reverse_Spell_Luminous","floor":1},{"not_picked":["Luminous:Dark_Dim_Erosion","Luminous:Dark_Pressure_Void","Luminous:Chase_Spell_Luminous","Luminous:Shadow_Shell_Luminous"],"picked":"Luminous:Accumulation_Luminous","floor":4},{"not_picked":["Luminous:Darkness_Mastery_Luminous","Luminous:Ethereal_Form_Luminous","Luminous:Chase_Spell_Luminous","Luminous:Dark_Extract"],"picked":"Luminous:Abyss_Heart_Luminous","floor":6}],"player_experience":225487,"relics_obtained":[{"floor":1,"key":"SynthV:TestCard"},{"floor":6,"key":"Whetstone"}],"event_choices":[{"damage_healed":0,"gold_gain":275,"player_choice":"Desecrate","damage_taken":0,"max_hp_gain":0,"max_hp_loss":0,"event_name":"Golden Shrine","floor":3,"gold_loss":0,"cards_obtained":["Regret"]},{"damage_healed":0,"gold_gain":0,"player_choice":"Forge","damage_taken":0,"max_hp_gain":0,"max_hp_loss":0,"event_name":"Accursed Blacksmith","floor":5,"gold_loss":0,"cards_upgraded":["MostiFishMod:PerfectForm"]}],"is_beta":false,"boss_relics":[],"items_purged_floors":[],"is_endless":false,"potions_floor_spawned":[1],"killed_by":"3 Sentries","ascension_level":0}}