{"host":"kpyf5rnb72uwap8k","time":1611688105,"event":{"mods":["AchievementEnabler","BaseMod","Colored Map","Colored Powertips","DeckTracker","Minty Spire (QoL Compilation)","Permanent Neow","Quick Restart","StSLib","SuperFastMode"],"gold_per_floor":[114,128,128,4,16,50,50,79,147,147,190,202,221,244,244,357,384,413,434,475,400,386,386,418,445,468,468,489,530,540,567,567,680,680,699,724,743,753,763,763,805,805,805,841,891,891,912,912,912],"floor_reached":48,"language":"KOR","playtime":2973,"items_purged":["Strike_G"],"score":627,"play_id":"e4d46ad1-1c28-49ad-bb79-b195b754ede6","local_time":"20210127040825","is_ascension_mode":true,"campfire_choices":[{"data":"Bane","floor":7.0,"key":"SMITH"},{"data":"Acrobatics","floor":10.0,"key":"SMITH"},{"floor":15.0,"key":"REST"},{"data":"Deflect","floor":23,"key":"SMITH"},{"floor":27,"key":"REST"},{"data":"Bullet Time","floor":32,"key":"SMITH"},{"floor":40,"key":"REST"},{"data":"Adrenaline","floor":42,"key":"SMITH"}],"circlet_count":0,"master_deck":["Defend_G","Defend_G","Defend_G","Defend_G","Survivor","Neutralize","Terror","Bane+1","Acrobatics+1","Poisoned Stab+1","Poisoned Stab+1","Underhanded Strike+1","Slice+1","Calculated Gamble","Noxious Fumes","Bullet Time+1","Prepared+1","Bullet Time+1","Flechettes+1","Quick Slash+1","Bane+1","Backflip+1","Deflect+1","Dagger Spray+1","Dagger Spray+1","Predator+1","Predator+1","Adrenaline+1","Predator+1","Quick Slash+1","Calculated Gamble","Slice+1","Backflip"],"relics":["Ring of the Snake","Molten Egg 2","CeramicFish","Letter Opener","Eternal Feather","Astrolabe","Red Mask","Ice Cream","Orichalcum","Regal Pillow","WristBlade","Bottled Tornado","Happy Flower","Bag of Marbles","Shovel"],"acts_visited":["Exordium","TheCity","TheBeyond"],"potions_floor_usage":[33,33,33,38,38,44],"damage_taken":[{"damage":0.0,"enemies":"Cultist","floor":1.0,"turns":4.0},{"damage":4.0,"enemies":"Jaw Worm","floor":2.0,"turns":6.0},{"damage":5.0,"enemies":"Small Slimes","floor":5.0,"turns":5.0},{"damage":8.0,"enemies":"Gremlin Nob","floor":6.0,"turns":3.0},{"damage":0.0,"enemies":"Exordium Wildlife","floor":8.0,"turns":3.0},{"damage":9.0,"enemies":"3 Sentries","floor":11.0,"turns":7.0},{"damage":2.0,"enemies":"Large Slime","floor":12.0,"turns":4.0},{"damage":6.0,"enemies":"3 Louse","floor":13.0,"turns":2.0},{"damage":0.0,"enemies":"2 Fungi Beasts","floor":14.0,"turns":2.0},{"damage":30.0,"enemies":"The Guardian","floor":16.0,"turns":5.0},{"damage":0,"enemies":"Chosen","floor":18,"turns":3},{"damage":13,"enemies":"3 Byrds","floor":19,"turns":4},{"damage":18,"enemies":"Masked Bandits","floor":20,"turns":4},{"damage":17,"enemies":"Slavers","floor":24,"turns":5},{"damage":0,"enemies":"Snecko","floor":25,"turns":2},{"damage":13,"enemies":"Snake Plant","floor":28,"turns":4},{"damage":0,"enemies":"Gremlin Leader","floor":29,"turns":3},{"damage":0,"enemies":"Chosen and Byrds","floor":30,"turns":5},{"damage":0,"enemies":"Shelled Parasite and Fungi","floor":31,"turns":2},{"damage":60,"enemies":"Champ","floor":33,"turns":11},{"damage":1,"enemies":"3 Shapes","floor":35,"turns":2},{"damage":0,"enemies":"3 Darklings","floor":36,"turns":2},{"damage":16,"enemies":"Sphere and 2 Shapes","floor":37,"turns":3},{"damage":6,"enemies":"Spire Growth","floor":38,"turns":3},{"damage":13,"enemies":"4 Shapes","floor":39,"turns":2},{"damage":3,"enemies":"Giant Head","floor":41,"turns":5},{"damage":33,"enemies":"Reptomancer","floor":44,"turns":6},{"damage":6,"enemies":"Mind Bloom Boss Battle","floor":45,"turns":3},{"damage":11,"enemies":"3 Darklings","floor":47,"turns":3},{"damage":24,"enemies":"2 Orb Walkers","floor":48,"turns":3}],"seed_played":"-2101062574130957791","potions_obtained":[{"floor":2.0,"key":"SkillPotion"},{"floor":8.0,"key":"GamblersBrew"},{"floor":11.0,"key":"SpeedPotion"},{"floor":13.0,"key":"Regen Potion"},{"floor":20,"key":"GamblersBrew"},{"floor":33,"key":"Regen Potion"},{"floor":35,"key":"Strength Potion"},{"floor":36,"key":"PowerPotion"},{"floor":38,"key":"Block Potion"},{"floor":45,"key":"BlessingOfTheForge"}],"is_trial":false,"path_per_floor":["M","M","T","$","M","E","R","M","T","R","E","M","M","M","R","B",null,"M","M","?","?","$","R","E","M","T","R","M","E","M","M","R","B",null,"M","M","M","M","M","R","E","R","T","E","?","?","M","?"],"character_chosen":"THE_SILENT","items_purchased":["Poisoned Stab+1","Deflect"],"campfire_rested":3,"item_purchase_floors":[4,22],"current_hp_per_floor":[70,66,66,66,61,53,53,53,53,53,44,42,36,36,66,36,70,70,57,39,39,39,51,34,34,34,67,54,54,54,54,69,14,70,69,69,53,47,34,70,67,70,70,37,31,31,20,0,0],"gold":912,"neow_bonus":"TRANSFORM_CARD","is_daily":false,"chose_seed":false,"campfire_upgraded":5,"win_rate":0.0,"timestamp":1611688105,"path_taken":["M","M","?","$","M","E","R","M","T","R","E","M","M","M","R","BOSS","M","M","?","?","$","R","E","M","T","R","?","E","M","M","R","BOSS","M","M","M","M","M","R","E","R","T","E","?","?","M","?"],"items_purchased_type":["Card","Card"],"build_version":"2020-12-22","purchased_purges":1,"victory":false,"max_hp_per_floor":[70,70,70,70,70,70,70,70,70,70,70,70,70,70,70,70,70,70,70,70,70,70,70,70,70,70,70,70,70,70,70,70,70,70,70,70,70,70,70,70,70,70,70,70,70,66,66,66,66],"card_choices":[{"not_picked":["Poisoned Stab","Dodge and Roll"],"picked":"Bane","floor":1.0},{"not_picked":["Prepared","Outmaneuver"],"picked":"Acrobatics","floor":2.0},{"not_picked":["Deflect","Masterful Stab+1"],"picked":"Poisoned Stab+1","floor":5.0},{"not_picked":["Dodge and Roll","Burst"],"picked":"Underhanded Strike+1","floor":6.0},{"not_picked":["Prepared","Deadly Poison"],"picked":"Slice+1","floor":8.0},{"not_picked":["Distraction","Skewer+1"],"picked":"Calculated Gamble","floor":11.0},{"not_picked":["Eviscerate+1","Quick Slash+1","Setup"],"picked":"SKIP","floor":12.0},{"not_picked":["Dodge and Roll","Footwork","Malaise"],"picked":"SKIP","floor":13.0},{"not_picked":["Outmaneuver","Underhanded Strike+1"],"picked":"Noxious Fumes","floor":14.0},{"not_picked":["Burst","Malaise"],"picked":"Bullet Time","floor":16.0},{"not_picked":["Poisoned Stab+1","Dagger Throw+1"],"picked":"Quick Slash+1","floor":18},{"not_picked":["Caltrops","Prepared"],"picked":"Bane+1","floor":19},{"not_picked":["Deflect+1","Setup"],"picked":"Backflip+1","floor":20},{"not_picked":["Flechettes+1","Infinite Blades","Slice+1"],"picked":"SKIP","floor":24},{"not_picked":["Setup","Bouncing Flask"],"picked":"Dagger Spray+1","floor":25},{"not_picked":["Distraction","Underhanded Strike+1"],"picked":"Dagger Spray+1","floor":28},{"not_picked":["Poisoned Stab+1","Dash+1"],"picked":"Predator+1","floor":29},{"not_picked":["PiercingWail+1","Quick Slash+1","Cloak And Dagger"],"picked":"SKIP","floor":30},{"not_picked":["Leg Sweep","Deflect"],"picked":"Predator+1","floor":31},{"not_picked":["Burst","Die Die Die+1"],"picked":"Adrenaline","floor":33},{"not_picked":["Eviscerate+1","Dagger Throw+1","Poisoned Stab+1"],"picked":"SKIP","floor":35},{"not_picked":["All Out Attack+1","Outmaneuver"],"picked":"Predator+1","floor":36},{"not_picked":["Flechettes+1","Poisoned Stab+1"],"picked":"Quick Slash+1","floor":37},{"not_picked":["Dagger Spray+1","Blade Dance+1","Bane+1"],"picked":"SKIP","floor":38},{"not_picked":["All Out Attack+1","Skewer+1","Outmaneuver"],"picked":"SKIP","floor":39},{"not_picked":["Terror","Sucker Punch+1"],"picked":"Calculated Gamble","floor":41},{"not_picked":["Glass Knife+1","Prepared+1"],"picked":"Slice+1","floor":44},{"not_picked":["All Out Attack+1","Flechettes+1"],"picked":"Backflip","floor":47}],"player_experience":173846,"relics_obtained":[{"floor":3.0,"key":"Molten Egg 2"},{"floor":6.0,"key":"CeramicFish"},{"floor":9.0,"key":"Letter Opener"},{"floor":11.0,"key":"Eternal Feather"},{"floor":20,"key":"Red Mask"},{"floor":24,"key":"Ice Cream"},{"floor":26,"key":"Orichalcum"},{"floor":29,"key":"Regal Pillow"},{"floor":41,"key":"Bottled Tornado"},{"floor":43,"key":"Happy Flower"},{"floor":44,"key":"Bag of Marbles"},{"floor":45,"key":"Shovel"}],"event_choices":[{"damage_healed":0,"gold_gain":0,"player_choice":"Fought Bandits","damage_taken":0,"max_hp_gain":0,"max_hp_loss":0,"event_name":"Masked Bandits","floor":20,"gold_loss":0},{"cards_removed":["Defend_G"],"damage_healed":0,"gold_gain":0,"player_choice":"Gave Gold","damage_taken":0,"max_hp_gain":0,"max_hp_loss":0,"event_name":"Beggar","floor":21,"gold_loss":75},{"damage_healed":0,"gold_gain":0,"player_choice":"Fight","damage_taken":0,"max_hp_gain":0,"max_hp_loss":0,"event_name":"MindBloom","floor":45,"gold_loss":0},{"damage_healed":0,"gold_gain":0,"player_choice":"Max HP","damage_taken":0,"max_hp_gain":0,"max_hp_loss":4,"event_name":"Winding Halls","floor":46,"gold_loss":0},{"damage_healed":0,"gold_gain":0,"player_choice":"Fight","damage_taken":0,"max_hp_gain":0,"max_hp_loss":0,"event_name":"Mysterious Sphere","floor":48,"gold_loss":0}],"is_beta":false,"boss_relics":[{"not_picked":["Snecko Eye","Coffee Dripper"],"picked":"Astrolabe"},{"not_picked":["Cursed Key","Runic Dome"],"picked":"WristBlade"}],"items_purged_floors":[4],"is_endless":false,"potions_floor_spawned":[2,8,11,13,14,20,25,28,33,35,36,38,45],"killed_by":"2 Orb Walkers","ascension_level":1}}