{"host":"rm0ctv8qd8mnbkg1","time":1611672512,"event":{"mods":["Arknights The Spire","BaseMod","BetterRewards","Colored Map","DNKmod","Dark Map","Defuse TimeMaze Blight","Friendly Minions","HololiveMod","Infinite Spire","Minty Spire (QoL Compilation)","Permanent Neow","Rare Cards Sparkle","Reliquary","Replay The Spire","Shop Mod","Spicy Shops","Spire Arcade","StS++","StSLib","The Servant 0.9.4","Wandering Minibosses","[IsaacMod]????","??????REMEMod"],"gold_per_floor":[10037,10067,10092,10092,10092,10092,10101,9125,9125,9186,9235,9235,8638,8655,8655,8770,8770,8799,8558,8558,7906,7937,7937,7952,7952,7978,7978,8030,8060,8090,8137,8137,8247,8247,8247],"floor_reached":34,"language":"ENG","playtime":1243,"items_purged":[],"score":595,"play_id":"ddf25e2e-4844-42ae-9216-3598733706ad","local_time":"20210126144832","is_ascension_mode":false,"campfire_choices":[{"data":"Hololive_CallTsunomakiWatame","floor":6,"key":"SMITH"},{"data":"Hololive_StrengthChampion","floor":12,"key":"SMITH"},{"data":"Hololive_Nanodesu","floor":23,"key":"SMITH"},{"data":"GremboGang","floor":25,"key":"SMITH"},{"data":"Hololive_CocoNews","floor":27,"key":"SMITH"},{"data":"Hololive_CallShiroganeNoel","floor":32,"key":"SMITH"}],"circlet_count":0,"master_deck":["Hololive_Strike+1","Hololive_Strike+1","Hololive_Defend+1","Hololive_Defend+1","Hololive_Rebound","Hololive_CallTsunomakiWatame+1","Hololive_CallSpadeEcho","Hololive_CallAkiRosenthal","Hololive_CallAZKi","Hololive_CallHoushouMarine","Hololive_DiamondStrike","Hololive_CocoNews+1","Hololive_CallAkaiHaato","Hololive_CocoNews","Regret","Hololive_Watashimo","Hololive_CallCivia","Hololive_StrengthChampion+1","Hololive_RevenueBasedLive","Hololive_StrengthChampion","Hololive_Yoholoon","Hololive_Nanodesu+1","Hololive_CallShirakamiFubuki","GremboGang+1","Hololive_WolfAndLamb","Hololive_WolfAndLamb","Hololive_CallShiranuiFlare","Hololive_CallShiroganeNoel+1","Hololive_Nanodesu","Hololive_CallYozoraMel","Hololive_Psychosis+1","Hololive_StarCraft","Hololive_DurableLive"],"relics":["Hololive_TheStar","REME_ComplimentaryCards","HushsDoor","CeramicFish","Leech","HornCleat","Du-Vu Doll","reliquary:PartyBalloon","infinitespire:Midas Blood","Leech","Divine Protection","infinitespire:PuzzleCube","reliquary:HotPoker","Replay:WaspNest","HandDrill","Tiny Chest","Meat on the Bone","ClockworkSouvenir","infinitespire:Golems Mask","Anchor","wanderingMiniBosses:Inkheart","reliquary:SharkskinSheath"],"acts_visited":["Exordium","TheCity","TheBeyond"],"potions_floor_usage":[10,14],"damage_taken":[{"damage":0,"enemies":"Cultist","floor":1,"turns":1},{"damage":0,"enemies":"2 Louse","floor":2,"turns":2},{"damage":0,"enemies":"Small Slimes","floor":3,"turns":1},{"damage":0,"enemies":"Lagavulin","floor":11,"turns":3},{"damage":0,"enemies":"Exordium Wildlife","floor":14,"turns":2},{"damage":0,"enemies":"Hexaghost","floor":16,"turns":3},{"damage":0,"enemies":"Chosen","floor":18,"turns":1},{"damage":0,"enemies":"3 Byrds","floor":22,"turns":3},{"damage":0,"enemies":"Snecko","floor":24,"turns":2},{"damage":0,"enemies":"Centurion and Healer","floor":28,"turns":5},{"damage":0,"enemies":"Cultist and Chosen","floor":29,"turns":3},{"damage":0,"enemies":"Shelled Parasite and Fungi","floor":30,"turns":3},{"damage":0,"enemies":"Gremlin Leader","floor":31,"turns":5},{"damage":0,"enemies":"Collector","floor":33,"turns":4}],"seed_played":"-834124481313260107","potions_obtained":[{"floor":3,"key":"Dexterity Potion"},{"floor":10,"key":"REME_GoldPotion"},{"floor":14,"key":"Fruit Juice"},{"floor":31,"key":"Dexterity Potion"}],"is_trial":false,"path_per_floor":["M","M","M","?","?","R","?","$","T","?","E","R","$","M","R_BF","B",null,"M","?","?","$","M","R","M","R","T","R","M","M","M","E","R","B",null],"character_chosen":"Hololive_HololiveCharacter","items_purchased":["Du-Vu Doll","reliquary:PartyBalloon","infinitespire:Midas Blood","Hololive_Watashimo","Hololive_CallCivia","Hololive_StrengthChampion","Diplopia","Replay:WaspNest","HandDrill","Tiny Chest","Hololive_Yoholoon","Meat on the Bone","Hololive_WolfAndLamb","Hololive_CallShiranuiFlare","ClockworkSouvenir","infinitespire:Golems Mask"],"campfire_rested":0,"item_purchase_floors":[8,8,8,8,8,8,8,13,13,13,13,21,21,21,21,21],"current_hp_per_floor":[1000,1000,1000,1000,1000,1000,1000,1000,1000,1000,1000,1000,1000,1005,1005,1005,1005,1005,1005,1005,1005,1005,1005,1005,1005,1005,1005,1005,1005,1005,1005,1005,1005,1005,1005],"gold":8247,"neow_bonus":"RANDOM_COMMON_RELIC","is_daily":false,"chose_seed":false,"campfire_upgraded":6,"win_rate":0.0,"timestamp":1611672512,"path_taken":["M","M","M","?","?","R","?","$","T","?","E","R","$","M","R_BF","BOSS","M","?","?","$","M","R","M","R","T","R","?","M","M","E","R","BOSS"],"items_purchased_type":["Relic","Relic","Relic","Card","Card","Card","Relic","Relic","Relic","Relic","Card","Relic","Card","Card","Relic","Relic"],"build_version":"2020-12-22","purchased_purges":0,"victory":false,"max_hp_per_floor":[1000,1000,1000,1000,1000,1000,1000,1000,1000,1000,1000,1000,1000,1005,1005,1005,1005,1005,1005,1005,1005,1005,1005,1005,1005,1005,1005,1005,1005,1005,1005,1005,1005,1005,1005],"card_choices":[{"not_picked":[],"picked":"ChaosCard","floor":0},{"not_picked":["Hololive_StrengthChampion","Hololive_Sequa","Hololive_CallHoshimachiSuisei"],"picked":"Hololive_CocoNews","floor":1},{"not_picked":["Hololive_CallInugamiKorone","Hololive_CallUsadaPekora","Hololive_CallNakiriAyame"],"picked":"Hololive_CallAkaiHaato","floor":2},{"not_picked":["Bomb","Hololive_Sequa","Hololive_Drill"],"picked":"Hololive_CocoNews","floor":3},{"not_picked":["Hololive_OvertimeWork","Hololive_Trident","Hololive_Psychosis"],"picked":"Hololive_RevenueBasedLive","floor":10},{"not_picked":["Hololive_CallAkaiHaato","Hololive_CallAZKi","Hololive_Breathe"],"picked":"Hololive_StrengthChampion","floor":11},{"not_picked":["Hololive_Drill","Hololive_Teleport","Hololive_CallMoonaHoshinova","Hololive_Rebound"],"picked":"SKIP","floor":14},{"not_picked":["Hololive_FlareMind","Hololive_DiamondStrike","Hololive_Rebirth"],"picked":"Hololive_Nanodesu","floor":16},{"not_picked":["Hololive_Drill","Hololive_CallUsadaPekora+1","Hololive_OvertimeWork"],"picked":"Hololive_CallShirakamiFubuki","floor":18},{"not_picked":["Hololive_CallDoris","Hololive_Breathe","Hololive_RevenueBasedLive"],"picked":"Hololive_CallShiroganeNoel","floor":22},{"not_picked":["Hololive_HuntDinosaur","Hololive_Rebound+1","Hololive_RevenueBasedLive","Hololive_CallTsunomakiWatame+1"],"picked":"SKIP","floor":24},{"not_picked":["Hololive_Sequa","Hololive_CallTokinoSora+1","Hololive_RevenueBasedLive"],"picked":"Hololive_Nanodesu","floor":28},{"not_picked":["Hololive_Sequa","Hololive_Breathe","Hololive_CallFriendA"],"picked":"Hololive_CallYozoraMel","floor":29},{"not_picked":["Hololive_Rebound","Hololive_CallMoonaHoshinova","Hololive_RevenueBasedLive"],"picked":"Hololive_Psychosis+1","floor":30},{"not_picked":["Hololive_StrengthChampion","Hololive_Breathe+1","Hololive_HuntDinosaur"],"picked":"Hololive_StarCraft","floor":31},{"not_picked":["Hololive_ASMR","Hololive_StarCraft","Hololive_OpenUp"],"picked":"Hololive_DurableLive","floor":33}],"player_experience":178909,"relics_obtained":[{"floor":9,"key":"Divine Protection"},{"floor":10,"key":"infinitespire:PuzzleCube"},{"floor":11,"key":"reliquary:HotPoker"},{"floor":26,"key":"Anchor"},{"floor":28,"key":"wanderingMiniBosses:Inkheart"},{"floor":31,"key":"reliquary:SharkskinSheath"}],"event_choices":[{"damage_healed":0,"gold_gain":0,"player_choice":"Leave","damage_taken":0,"max_hp_gain":0,"max_hp_loss":0,"event_name":"The Cleric","floor":5,"gold_loss":0},{"damage_healed":0,"gold_gain":0,"player_choice":"Box","damage_taken":0,"relics_obtained":["HornCleat"],"max_hp_gain":0,"max_hp_loss":0,"event_name":"Big Fish","floor":7,"gold_loss":0,"cards_obtained":["Regret"]},{"damage_healed":0,"gold_gain":0,"player_choice":"Ignored","damage_taken":0,"max_hp_gain":0,"max_hp_loss":0,"event_name":"NoteForYourself","floor":15,"gold_loss":0},{"damage_healed":0,"gold_gain":0,"player_choice":"Simplicity","damage_taken":0,"max_hp_gain":0,"max_hp_loss":0,"event_name":"Back to Basics","floor":20,"gold_loss":0,"cards_upgraded":["Hololive_Strike","Hololive_Strike","Hololive_Defend","Hololive_Defend"]}],"is_beta":false,"boss_relics":[{"not_picked":["ReplayTheSpireMod:DimensionalGlitch","StSpp:CrystalBall","reliquary:Ember"]},{"not_picked":["Busted Crown","infinitespire:Cupcake","ReplayTheSpireMod:SealedPack"]}],"items_purged_floors":[],"is_endless":false,"potions_floor_spawned":[3,14,16,28,30,31],"ascension_level":0}}