{"host":"q2g9o89qua515qte","time":1611699397,"event":{"mods":["Aspiration","BaseMod","Challenge The Spire","Conspire","Custom Start","Downfall","Hubris","Infinite Spire","Minty Spire (QoL Compilation)","Rare Cards Sparkle","Replay The Spire","StSLib"],"gold_per_floor":[99,113,113,288,298,398,398,408,422,422,439,439,501,513,526,526,526,526],"floor_reached":16,"language":"ENG","playtime":880,"items_purged":[],"score":121,"play_id":"cb8a43d2-42e7-4782-8e5c-849e9142bfe1","local_time":"20210126231637","is_ascension_mode":false,"campfire_choices":[{"floor":10,"key":"REST"},{"data":"hexamod:GhostflameInferno","floor":12,"key":"SMITH"}],"circlet_count":0,"master_deck":["hexamod:Strike","hexamod:Strike","hexamod:Strike","hexamod:Strike","hexamod:Defend","hexamod:Defend","hexamod:Defend","hexamod:Defend","hexamod:Sear","hexamod:Float","hexamod:EtherealExpedition","Injury","Doubt","hexamod:Firestarter+1","hexamod:GhostflameInferno+1","hexamod:ForkedFlame+1","hexamod:GhostShield","hexamod:PowerFromBeyond","hexamod:FourthSeal","hexamod:Firestarter+1"],"relics":["hexamod:SpiritBrand","Molten Egg 2","downfall:CloakOfManyFaces","CultistMask","FaceOfCleric","NlothsMask","GremlinMask","SsserpentHead"],"acts_visited":["Exordium"],"potions_floor_usage":[15,16,16],"damage_taken":[{"damage":0.0,"enemies":"conspire:RoseBush","floor":2.0,"turns":3.0},{"damage":0.0,"enemies":"Jaw Worm","floor":5.0,"turns":6.0},{"damage":69,"enemies":"downfall:FaceTrader","floor":6,"turns":15},{"damage":1,"enemies":"Cultist","floor":8,"turns":4},{"damage":4,"enemies":"Blue Slaver","floor":9,"turns":3},{"damage":19,"enemies":"Gremlin Gang","floor":11,"turns":5},{"damage":0,"enemies":"2 Fungi Beasts","floor":13,"turns":3},{"damage":0,"enemies":"Large Slime","floor":14,"turns":3},{"damage":0,"enemies":"Blue Slaver","floor":15,"turns":3},{"damage":22,"enemies":"SI_SHIV_ARCHETYPE","floor":16,"turns":7}],"seed_played":"-4960309363474226709","potions_obtained":[{"floor":2.0,"key":"sneckomod:MuddlingPotion"},{"floor":11,"key":"Ancient Potion"},{"floor":13,"key":"Block Potion"},{"floor":15,"key":"SmokeBomb"},{"floor":15,"key":"SkillPotion"}],"is_trial":false,"path_per_floor":["R","M","?","?","M","?","T","M","M","R","M","R","M","M","M","B"],"character_chosen":"THE_SPIRIT","items_purchased":[],"campfire_rested":1,"item_purchase_floors":[],"current_hp_per_floor":[84,84,84,84,84,15,15,15,12,37,19,19,20,21,22,0,0,0],"gold":526,"neow_bonus":"TWENTY_PERCENT_HP_BONUS","is_daily":false,"chose_seed":false,"campfire_upgraded":1,"win_rate":0.0,"timestamp":1611699397,"path_taken":["R","M","?","?","M","?","T","M","M","R","M","R","?","M","M","BOSS"],"items_purchased_type":[],"build_version":"2020-12-22","purchased_purges":0,"victory":false,"max_hp_per_floor":[84,84,84,84,84,84,84,85,86,86,87,87,88,89,90,90,90,90],"card_choices":[{"not_picked":["hexamod:HauntingEcho","hexamod:GhostShield"],"picked":"hexamod:EtherealExpedition","floor":2.0},{"not_picked":["hexamod:Rewind","hexamod:ChargedBarrage"],"picked":"hexamod:Firestarter+1","floor":5.0},{"not_picked":["hexamod:Incineration+1","hexamod:ShieldOfDarkness"],"picked":"hexamod:GhostflameInferno","floor":6},{"not_picked":["hexamod:BurningTouch","hexamod:BacktrackSmack+1","hexamod:NightmareGuise"],"picked":"SKIP","floor":8},{"not_picked":["hexamod:FlamesFromBeyond","hexamod:ThermalTransfer+1"],"picked":"hexamod:ForkedFlame+1","floor":9},{"not_picked":["hexamod:BacktrackSmack+1","hexamod:BurningTouch"],"picked":"hexamod:GhostShield","floor":11},{"not_picked":["hexamod:AdvancingGuard","hexamod:HeatShield","hexamod:PowerFromBeyond"],"picked":"SKIP","floor":13},{"not_picked":["hexamod:AdvancingGuard","hexamod:HeatShield"],"picked":"hexamod:PowerFromBeyond","floor":13},{"not_picked":["hexamod:WildfireWeapon","hexamod:FlamesFromBeyond"],"picked":"hexamod:FourthSeal","floor":14},{"not_picked":["hexamod:DynamicBlow+1","hexamod:InspiringFlames"],"picked":"hexamod:Firestarter+1","floor":15}],"player_experience":773911,"relics_obtained":[{"floor":6,"key":"downfall:CloakOfManyFaces"}],"event_choices":[],"is_beta":false,"boss_relics":[],"items_purged_floors":[],"is_endless":false,"potions_floor_spawned":[2,11,13,15],"killed_by":"SI_SHIV_ARCHETYPE","ascension_level":0}}