{"host":"a4ifeplrx8vfq4u5","time":1611666493,"event":{"mods":["BaseMod","Beaked The Cultist","Better Third Choice","Colored Map","Conspire","Downfall","Marisa????????","Minty Spire (QoL Compilation)","Random Character Button","Rare Cards Sparkle","Replay The Spire","StSLib","The Servant 0.9.4"],"gold_per_floor":[117,128,142,162,7,7,23,23,103,103,103,103,122,136,136,235,235,253,168,267,267,285,285,318,318,318,318,336,236,247,257,257,359,359,378,397,272,288,388,388,467,486,512,512,526,526,546,562,562,562],"floor_reached":51,"language":"ENG","playtime":5113,"items_purged":["Strike_G","Strike_G","Strike_G"],"score":488,"play_id":"62f41065-15dd-4945-9329-f5aa774ce17e","local_time":"20210126130813","is_ascension_mode":false,"campfire_choices":[{"data":"Noxious Fumes","floor":6,"key":"SMITH"},{"data":"Backflip","floor":10,"key":"SMITH"},{"data":"Backflip","floor":12,"key":"SMITH"},{"data":"Survivor","floor":15,"key":"SMITH"},{"data":"Catalyst","floor":23,"key":"SMITH"},{"data":"Neutralize","floor":25,"key":"SMITH"},{"data":"Defend_G","floor":27,"key":"SMITH"},{"data":"Defend_G","floor":32,"key":"SMITH"},{"data":"Guardian:StasisField","floor":40,"key":"SMITH"},{"data":"Defend_G","floor":44,"key":"SMITH"},{"data":"Tools of the Trade","floor":46,"key":"SMITH"},{"floor":49,"key":"DIG"}],"circlet_count":0,"master_deck":["Strike_G","Strike_G","Defend_G+1","Defend_G+1","Defend_G+1","Defend_G","Defend_G","Survivor+1","Neutralize+1","Replay:Parry","Deadly Poison","Backflip+1","Catalyst+1","Noxious Fumes+1","Backflip+1","CommonCold","AbeCurse","Tools of the Trade+1","Guardian:StasisField+1","Bane+1","Sneak Up+1"],"relics":["Ring of the Snake","The Specimen","Replay:Ringing Soul","Ring of Hypnosis","conspire:SeveredTorchhead","Toy Ornithopter","MutagenicStrength","Tiny Chest","Darkstone Periapt","beaked:SacredDeck","Snack Pack","Oddly Smooth Stone","Sundial"],"acts_visited":["Exordium","TheCity","TheBeyond"],"potions_floor_usage":[4,13,33,35,38,45,47,50,50,50],"damage_taken":[{"damage":0,"enemies":"2 Louse","floor":1,"turns":2},{"damage":0,"enemies":"Jaw Worm","floor":2,"turns":5},{"damage":0,"enemies":"conspire:RoseBush","floor":3,"turns":3},{"damage":15,"enemies":"Large Slime","floor":4,"turns":8},{"damage":10,"enemies":"3 Louse","floor":7,"turns":4},{"damage":0,"enemies":"Exordium Wildlife","floor":13,"turns":4},{"damage":0,"enemies":"Gremlin Gang","floor":14,"turns":5},{"damage":33,"enemies":"Slime Boss","floor":16,"turns":12},{"damage":7,"enemies":"Spheric Guardian","floor":18,"turns":5},{"damage":8,"enemies":"Shell Parasite","floor":22,"turns":5},{"damage":15,"enemies":"conspire:SneckoGhost","floor":24,"turns":7},{"damage":3,"enemies":"Centurion and Healer","floor":28,"turns":6},{"damage":0,"enemies":"Cultist and Chosen","floor":30,"turns":6},{"damage":9,"enemies":"Snake Plant","floor":31,"turns":5},{"damage":9,"enemies":"Pondfish","floor":33,"turns":12},{"damage":0,"enemies":"3 Shapes","floor":35,"turns":5},{"damage":0,"enemies":"Orb Walker","floor":36,"turns":5},{"damage":1,"enemies":"4 Shapes","floor":38,"turns":6},{"damage":15,"enemies":"Spire Growth","floor":42,"turns":8},{"damage":10,"enemies":"Jaw Worm Horde","floor":45,"turns":7},{"damage":1,"enemies":"4 Shapes","floor":47,"turns":4},{"damage":6,"enemies":"Spire Growth","floor":48,"turns":6},{"damage":29,"enemies":"Time Eater","floor":50,"turns":18}],"seed_played":"2885897449833330985","potions_obtained":[{"floor":1,"key":"DistilledChaos"},{"floor":3,"key":"Explosive Potion"},{"floor":7,"key":"DistilledChaos"},{"floor":14,"key":"Explosive Potion"},{"floor":24,"key":"Dexterity Potion"},{"floor":33,"key":"Poison Potion"},{"floor":35,"key":"Languid Potion"},{"floor":36,"key":"champ:CounterPotion"},{"floor":42,"key":"ColorlessPotion"},{"floor":45,"key":"GhostInAJar"},{"floor":48,"key":"Flashbang"}],"is_trial":false,"path_per_floor":["M","M","M","M","$","R","M","?","T","R","?","R","M","M","R","B",null,"M","?","?","?","M","R","E","R","T","R","M","$","M","M","R","B",null,"M","M","$","M","?","R","T","M","T","R","M","R","M","M","R_BF","B",null],"character_chosen":"THE_SILENT","items_purchased":["Noxious Fumes"],"campfire_rested":0,"item_purchase_floors":[5],"current_hp_per_floor":[70,70,70,55,55,55,45,45,45,45,48,48,48,48,48,15,73,66,66,66,66,58,58,43,43,43,43,40,40,40,31,31,36,85,85,88,88,88,88,88,88,73,73,73,68,68,72,69,69,57],"gold":562,"neow_bonus":"RANDOM_COLORLESS","is_daily":false,"chose_seed":false,"campfire_upgraded":11,"win_rate":0.0,"timestamp":1611666493,"path_taken":["M","M","M","M","$","R","M","?","T","R","?","R","M","M","R","BOSS","M","?","?","?","M","R","E","R","T","R","M","$","?","M","R","BOSS","M","?","$","M","?","R","?","M","T","R","M","R","?","M","R_BF","BOSS"],"items_purchased_type":["Card"],"build_version":"2020-12-22","purchased_purges":3,"victory":true,"max_hp_per_floor":[70,70,70,70,70,70,70,70,70,70,73,73,73,73,73,73,73,73,73,73,73,73,73,73,73,73,73,73,73,73,73,73,82,85,85,88,88,88,88,88,88,88,88,88,88,88,88,91,91,91],"card_choices":[{"not_picked":["Dark Shackles","Dramatic Entrance"],"picked":"Replay:Parry","floor":0},{"not_picked":["Bane","ReplayTheSpireMod:Exploit Weakness"],"picked":"Deadly Poison","floor":1},{"not_picked":["Cloak And Dagger","PiercingWail"],"picked":"Backflip","floor":2},{"not_picked":["Blade Dance","Dagger Spray"],"picked":"Catalyst","floor":3},{"not_picked":["Toxin Wave","Hidden Blade","Flying Knee"],"picked":"SKIP","floor":4},{"not_picked":["Flying Knee","PiercingWail"],"picked":"Backflip","floor":7},{"not_picked":["Prepared","Caltrops","Quick Slash"],"picked":"SKIP","floor":13},{"not_picked":["Dagger Throw","Outmaneuver","Malaise"],"picked":"SKIP","floor":14},{"not_picked":["Quick Slash","Dagger Throw","Dagger Spray"],"picked":"SKIP","floor":18},{"not_picked":["PiercingWail","Underhanded Strike+1","Choke+1"],"picked":"SKIP","floor":22},{"not_picked":["Dagger Spray","Setup","Quick Slash"],"picked":"SKIP","floor":24},{"not_picked":["Poisoned Stab+1","Accuracy+1","Sucker Punch"],"picked":"SKIP","floor":28},{"not_picked":["Slice","Poisoned Stab+1","Flying Knee"],"picked":"SKIP","floor":30},{"not_picked":["Dagger Throw","Acrobatics","Flying Knee"],"picked":"SKIP","floor":31},{"not_picked":["Atom Bomb","Die Die Die"],"picked":"Tools of the Trade","floor":33},{"not_picked":["Deflect","Outmaneuver+1","Poisoned Stab"],"picked":"SKIP","floor":35},{"not_picked":["Outmaneuver+1","conspire:DoublingDagger"],"picked":"Bane+1","floor":36},{"not_picked":["Slice+1","Eviscerate","Skewer+1"],"picked":"SKIP","floor":38},{"not_picked":["Atom Bomb","Deadly Poison+1","Predator+1"],"picked":"SKIP","floor":42},{"not_picked":["Bane","Backflip","Tactician+1"],"picked":"SKIP","floor":45},{"not_picked":["Masterful Stab+1","Slice+1","Wraith Form v2"],"picked":"SKIP","floor":47},{"not_picked":["Dagger Throw+1","Deflect"],"picked":"Sneak Up+1","floor":48}],"player_experience":397631,"relics_obtained":[{"floor":9,"key":"Replay:Ringing Soul"},{"floor":11,"key":"Ring of Hypnosis"},{"floor":24,"key":"Tiny Chest"},{"floor":26,"key":"Darkstone Periapt"},{"floor":41,"key":"Snack Pack"},{"floor":43,"key":"Oddly Smooth Stone"},{"floor":49,"key":"Sundial"}],"event_choices":[{"damage_healed":0,"gold_gain":0,"player_choice":"Searched \u00271\u0027 times","damage_taken":0,"relics_obtained":["The Specimen"],"max_hp_gain":0,"max_hp_loss":0,"event_name":"Dead Adventurer","floor":8,"gold_loss":0},{"damage_healed":0,"gold_gain":0,"player_choice":"Obtained Relic","damage_taken":0,"relics_obtained":["Toy Ornithopter"],"max_hp_gain":0,"max_hp_loss":0,"event_name":"Addict","floor":19,"gold_loss":85},{"damage_healed":0,"gold_gain":99,"player_choice":"Steal","damage_taken":0,"max_hp_gain":0,"max_hp_loss":0,"event_name":"betterThird:BetterNest","floor":20,"gold_loss":0},{"damage_healed":0,"gold_gain":0,"player_choice":"Inject Mutagens","damage_taken":0,"relics_obtained":["MutagenicStrength"],"max_hp_gain":0,"max_hp_loss":0,"event_name":"Drug Dealer","floor":21,"gold_loss":0},{"damage_healed":0,"gold_gain":100,"player_choice":"Pray","damage_taken":0,"max_hp_gain":0,"max_hp_loss":0,"event_name":"Golden Shrine","floor":39,"gold_loss":0}],"is_beta":false,"boss_relics":[{"not_picked":["Runic Pyramid","Honey Jar"],"picked":"conspire:SeveredTorchhead"},{"not_picked":["beaked:MawFillet","Ring of the Serpent"],"picked":"beaked:SacredDeck"}],"items_purged_floors":[5,29,37],"is_endless":false,"potions_floor_spawned":[1,3,7,14,24,30,33,35,36,42,45,48],"ascension_level":0}}