{"host":"vex7walpoxzv48nx","time":1611679927,"event":{"mods":["BaseMod","Bestiary","Minty Spire (QoL Compilation)","Permanent Neow","Quick Restart","Relic Stats"],"gold_per_floor":[367,382,392,28,39,39,74,74,128,148,174,191,191,217,217,318,318,318,318],"floor_reached":18,"language":"ENG","playtime":1705,"items_purged":["Strike_B"],"score":209,"play_id":"9c84e174-1cc9-4bc7-aa2f-6e81bc342e9e","local_time":"20210126175207","is_ascension_mode":true,"campfire_choices":[{"floor":6.0,"key":"REST"},{"floor":8.0,"key":"REST"},{"floor":15.0,"key":"REST"}],"circlet_count":0,"master_deck":["Strike_B","Strike_B","Defend_B+1","Defend_B","Defend_B","Zap","Dualcast","Cold Snap+1","Compile Driver","Static Discharge","Go for the Eyes","All For One","Gash","Conserve Battery","Coolheaded","Buffer"],"relics":["Cracked Core","FossilizedHelix","Pantograph","Lantern","DataDisk","Empty Cage"],"acts_visited":["Exordium","TheCity"],"potions_floor_usage":[],"damage_taken":[{"damage":1.0,"enemies":"Cultist","floor":1.0,"turns":3.0},{"damage":11.0,"enemies":"Small Slimes","floor":2.0,"turns":3.0},{"damage":9.0,"enemies":"2 Louse","floor":3.0,"turns":2.0},{"damage":21.0,"enemies":"Large Slime","floor":5.0,"turns":5.0},{"damage":21.0,"enemies":"3 Sentries","floor":7.0,"turns":8.0},{"damage":4.0,"enemies":"Blue Slaver","floor":10.0,"turns":3.0},{"damage":14.0,"enemies":"Gremlin Nob","floor":11.0,"turns":5.0},{"damage":1.0,"enemies":"3 Louse","floor":12.0,"turns":3.0},{"damage":5.0,"enemies":"Lagavulin","floor":14.0,"turns":4.0},{"damage":17.0,"enemies":"Hexaghost","floor":16.0,"turns":10.0},{"damage":0,"enemies":"Chosen","floor":18,"turns":1}],"seed_played":"681300267416554641","potions_obtained":[{"floor":10.0,"key":"SteroidPotion"},{"floor":11.0,"key":"SkillPotion"},{"floor":12.0,"key":"Explosive Potion"},{"floor":14.0,"key":"Swift Potion"},{"floor":16.0,"key":"PowerPotion"}],"is_trial":false,"path_per_floor":["M","M","M","$","M","R","E","R","T","M","E","M","?","E","R","B",null,"M"],"character_chosen":"DEFECT","items_purchased":["FossilizedHelix"],"campfire_rested":3,"item_purchase_floors":[4],"current_hp_per_floor":[67,56,47,47,26,46,25,45,45,41,27,26,12,7,27,35,68,68,68],"gold":318,"neow_bonus":"TWO_FIFTY_GOLD","is_daily":false,"chose_seed":false,"campfire_upgraded":0,"win_rate":0.0,"timestamp":1611679927,"path_taken":["M","?","M","$","M","R","E","R","T","M","E","?","?","E","R","BOSS","M"],"items_purchased_type":["Relic"],"build_version":"2020-12-22","purchased_purges":1,"victory":false,"max_hp_per_floor":[68,68,68,68,68,68,68,68,68,68,68,68,68,68,68,68,68,68,68],"relic_stats":{"counters":[11,47],"Pantograph":25,"obtain_stats":[{"Lantern":11,"DataDisk":14,"Pantograph":7,"Cracked Core":0,"Empty Cage":17,"FossilizedHelix":4},{"Lantern":7,"DataDisk":9,"Pantograph":5,"Cracked Core":0,"Empty Cage":10,"FossilizedHelix":3},{"Lantern":29,"DataDisk":36,"Pantograph":21,"Cracked Core":0,"Empty Cage":46,"FossilizedHelix":8}]},"card_choices":[{"not_picked":["Conserve Battery","Rebound"],"picked":"Cold Snap","floor":1.0},{"not_picked":["Hologram","Gash"],"picked":"Compile Driver","floor":2.0},{"not_picked":["Streamline","Cold Snap"],"picked":"Static Discharge","floor":3.0},{"not_picked":["Hologram","Rebound"],"picked":"Go for the Eyes","floor":5.0},{"not_picked":["White Noise","Steam Power"],"picked":"All For One","floor":7.0},{"not_picked":["Barrage","Streamline","Hologram"],"picked":"SKIP","floor":10.0},{"not_picked":["Barrage","Streamline","Hologram"],"picked":"SKIP","floor":10.0},{"not_picked":["Stack","Fusion"],"picked":"Gash","floor":11.0},{"not_picked":["Reprogram","Streamline"],"picked":"Conserve Battery","floor":12.0},{"not_picked":["Sunder","Hyperbeam"],"picked":"Coolheaded","floor":14.0},{"not_picked":["Biased Cognition","Machine Learning"],"picked":"Buffer","floor":16.0}],"player_experience":209536,"relics_obtained":[{"floor":7.0,"key":"Pantograph"},{"floor":11.0,"key":"Lantern"},{"floor":14.0,"key":"DataDisk"}],"event_choices":[{"damage_healed":0.0,"max_hp_gain":0.0,"max_hp_loss":0.0,"gold_gain":0.0,"event_name":"Shining Light","player_choice":"Entered Light","floor":13.0,"gold_loss":0.0,"damage_taken":14.0,"cards_upgraded":["Defend_B","Cold Snap"]}],"is_beta":false,"boss_relics":[{"not_picked":["Busted Crown","SacredBark"],"picked":"Empty Cage"}],"items_purged_floors":[4],"is_endless":false,"potions_floor_spawned":[10,11,12,14,16],"killed_by":"Chosen","ascension_level":3}}