{"host":"iphsb0ccnjx0pfn6","time":1611641509,"event":{"mods":["2.2 Compatiblity","AchievementEnabler","BaseMod","Colored Map","DeckTracker","Keyboard Shortcuts","Minty Spire (QoL Compilation)","Permanent Neow","Quick Restart","Relic Stats","StSLib","SuperFastMode","Uncapped","everything is the same but u backflip on backflip"],"gold_per_floor":[115,190,190,36,52,52,79,129,129,160,172,172,189,201,201,201,201],"floor_reached":16,"language":"KOR","playtime":552,"items_purged":["Strike_G"],"score":270,"play_id":"52034ee7-3a04-405c-80a8-d55921a7d2d6","local_time":"20210126151149","is_ascension_mode":true,"campfire_choices":[{"data":"Tactician","floor":6,"key":"SMITH"},{"data":"Bouncing Flask","floor":12,"key":"SMITH"},{"floor":15,"key":"REST"}],"circlet_count":0,"master_deck":["AscendersBane","Strike_G","Strike_G","Strike_G","Strike_G","Defend_G","Defend_G","Defend_G+1","Defend_G+1","Defend_G","Survivor","Neutralize","Tactician+1","Well Laid Plans","Acrobatics","Prepared","Quick Slash","Bouncing Flask+1","Underhanded Strike"],"relics":["Ring of the Snake","NeowsBlessing","Anchor","InkBottle","Omamori"],"acts_visited":[],"potions_floor_usage":[10,14],"damage_taken":[{"damage":0,"enemies":"Jaw Worm","floor":1,"turns":1},{"damage":0,"enemies":"Small Slimes","floor":5,"turns":1},{"damage":0,"enemies":"Lagavulin","floor":7,"turns":1},{"damage":68,"enemies":"Gremlin Nob","floor":10,"turns":6},{"damage":0,"enemies":"Cultist","floor":11,"turns":4},{"damage":9,"enemies":"Exordium Wildlife","floor":13,"turns":6},{"damage":4,"enemies":"3 Louse","floor":14,"turns":6},{"damage":27,"enemies":"Slime Boss","floor":16,"turns":5}],"seed_played":"6616472958073892081","potions_obtained":[{"floor":1,"key":"SkillPotion"},{"floor":5,"key":"FairyPotion"},{"floor":13,"key":"Swift Potion"}],"is_trial":false,"path_per_floor":["M","?","?","$","M","R","E","?","T","E","M","R","M","M","R","B"],"character_chosen":"THE_SILENT","items_purchased":["Well Laid Plans"],"campfire_rested":1,"item_purchase_floors":[4],"current_hp_per_floor":[59,48,28,28,28,28,28,28,28,16,16,16,7,3,22,0,0],"gold":201,"neow_bonus":"THREE_ENEMY_KILL","is_daily":false,"chose_seed":false,"campfire_upgraded":2,"win_rate":0.0,"timestamp":1611641509,"path_taken":["M","?","?","$","M","R","E","?","T","E","M","R","?","M","R","BOSS"],"items_purchased_type":["Card"],"build_version":"2020-12-22","purchased_purges":1,"victory":false,"max_hp_per_floor":[66,66,66,66,66,66,66,66,66,66,66,66,66,66,66,66,66],"relic_stats":{"counters":[8,30],"obtain_stats":[{"Anchor":7,"NeowsBlessing":0,"Omamori":10,"InkBottle":9,"Ring of the Snake":0},{"Anchor":3,"NeowsBlessing":0,"Omamori":4,"InkBottle":3,"Ring of the Snake":0},{"Anchor":3,"NeowsBlessing":0,"Omamori":9,"InkBottle":3,"Ring of the Snake":0}],"InkBottle":[10],"Ring of the Snake":[16]},"card_choices":[{"not_picked":["Heel Hook","Prepared"],"picked":"Tactician","floor":1},{"not_picked":["Skewer","Quick Slash"],"picked":"Acrobatics","floor":5},{"not_picked":["Underhanded Strike","Doppelganger"],"picked":"Prepared","floor":7},{"not_picked":["Prepared","Accuracy"],"picked":"Quick Slash","floor":10},{"not_picked":["Blade Dance","Deflect"],"picked":"Bouncing Flask","floor":11},{"not_picked":["Heel Hook","Quick Slash","Deadly Poison"],"picked":"SKIP","floor":13},{"not_picked":["Acrobatics","Dagger Spray"],"picked":"Underhanded Strike","floor":14}],"player_experience":1279521,"relics_obtained":[{"floor":7,"key":"Anchor"},{"floor":9,"key":"InkBottle"},{"floor":10,"key":"Omamori"}],"event_choices":[{"damage_healed":0,"gold_gain":75,"player_choice":"Gather Gold","damage_taken":11,"max_hp_gain":0,"max_hp_loss":0,"event_name":"World of Goop","floor":2,"gold_loss":0},{"damage_healed":0,"gold_gain":0,"player_choice":"Entered Light","damage_taken":20,"max_hp_gain":0,"max_hp_loss":0,"event_name":"Shining Light","floor":3,"gold_loss":0,"cards_upgraded":["Defend_G","Defend_G"]},{"damage_healed":0,"gold_gain":50,"player_choice":"Pray","damage_taken":0,"max_hp_gain":0,"max_hp_loss":0,"event_name":"Golden Shrine","floor":8,"gold_loss":0}],"is_beta":false,"boss_relics":[],"items_purged_floors":[4],"is_endless":false,"potions_floor_spawned":[1,5,13],"killed_by":"Slime Boss","ascension_level":20}}