{"host":"bxyl4n8onrqni51y","time":1611687335,"event":{"mods":["BaseMod","BetterRewards","Colored Map","Downfall","Hubris","Marisa????????","Minty Spire (QoL Compilation)","Replay The Spire","StSLib","Td1madao Mod","The Animator","The Cursed","The Jungle","The Necromancer","The Servant 0.9.4"],"gold_per_floor":[99,118,133,308,308,308,360,373,373,33,60,79,79,98,112,208,208,208,225,235,254,246,261,261,261,76,96,125,151,151,151,170,7,34,137,137,137,157,175,7,7,7,7,57,85,98,142,154,54,72,82,82],"floor_reached":53,"language":"ENG","playtime":5164,"items_purged":["Doubt"],"score":1040,"play_id":"6ebc311d-8609-4a8a-a25b-fe8fffa7de23","local_time":"20210126195535","is_ascension_mode":false,"campfire_choices":[{"data":"hexamod:ThermalTransfer","floor":9,"key":"SMITH"},{"floor":18,"key":"DIG"},{"floor":25,"key":"REST"},{"data":"1","floor":37,"key":"LIFT"},{"data":"2","floor":49,"key":"LIFT"}],"circlet_count":0,"master_deck":["hexamod:Strike+1","hexamod:Strike+1","hexamod:Strike+1","hexamod:Strike","hexamod:Defend+1","hexamod:Defend+1","hexamod:Defend","hexamod:Defend","hexamod:Sear","hexamod:Float","hexamod:RadiantFlame","hexamod:ThermalTransfer+1","hexamod:HauntingEcho","hexamod:FastForward+1","hexamod:PhantomCloak+1","hubris:DuctTapeCard+2","hexamod:HauntingEcho","hexamod:FastForward","hexamod:ForkedFlame+1","hexamod:RecurringNightmare","hexamod:Hexaguard+1","hexamod:RadiantFlame+1","hexamod:SpectersWail+1","hexamod:Rewind","hexamod:HeatShield+1","hexamod:Hexaguard+1","hexamod:EtherealExpedition+1","hexamod:RainOfEmbers+1","hexamod:CatchUp+1","hexamod:ForkedFlame+1","hexamod:RadiantFlame+1","hexamod:FastForward+1","hexamod:RetreatToShadows+1","Pot Of Greed","Pot Of Greed","Pot Of Greed+1","Pot Of Greed","animator:Curse_Nutcracker","Decay","Shame","hexamod:SixthSeal","hexamod:FirstSeal","hexamod:HauntingEcho","expansioncontent:QuickStudy+1","Looming Evil","hexamod:HexaLevel+1","Pot Of Greed","hexamod:Hexaguard+1","ReplayTheSpireMod:Splinters","hexamod:ExtraCrispy+1"],"relics":["hexamod:SpiritBrand","downfall:ShatteredFragment","MealTicket","ReplayTheSpireMod:CursedCoin","Potion Belt","Lantern","Girya","hubris:DuctTape","Honey Jar","Dream Catcher","Quantum Egg","theJungle:Creamberry","Art of War","Guide Book","Replay:Ancient Bell","Grinning Jar","ReplayTheSpireMod:Shallot","Counterbalance","hexamod:TheBrokenSeal","ReplayTheSpireMod:TigerMarble","Medical Kit","ReplayTheSpireMod:Ring of Collecting","Ring of Hypnosis","ReplayTheSpireMod:Ring of Exchange","Mercury Hourglass","Calipers","Bird Faced Urn","Darkstone Periapt","downfall:HeartBlessingGreen"],"acts_visited":["Exordium","theJungle:Jungle","TheBeyond"],"potions_floor_usage":[16,16,21,27,28,28,33,34,35,35,35,44,52,52,52],"damage_taken":[{"damage":4,"enemies":"Cultist","floor":2,"turns":4},{"damage":0,"enemies":"2 Louse","floor":3,"turns":3},{"damage":0,"enemies":"Small Slimes","floor":8,"turns":3},{"damage":0,"enemies":"downfall:FleeingMerchant","floor":10,"turns":4},{"damage":12,"enemies":"Replay:BlueRogue","floor":11,"turns":4},{"damage":0,"enemies":"Exordium Thugs","floor":12,"turns":5},{"damage":6,"enemies":"Exordium Wildlife","floor":14,"turns":5},{"damage":9,"enemies":"3 Louse","floor":15,"turns":4},{"damage":29,"enemies":"WA_ARCHETYPE_RETAIN","floor":16,"turns":6},{"damage":13,"enemies":"theJungle:Flameango_and_Byrd","floor":19,"turns":4},{"damage":7,"enemies":"theJungle:GiantWrat","floor":20,"turns":3},{"damage":3,"enemies":"theJungle:SlimyTreeVines","floor":21,"turns":4},{"damage":16,"enemies":"Snake Plant","floor":23,"turns":3},{"damage":11,"enemies":"theJungle:Snecko_Cultist_And_Trap","floor":27,"turns":6},{"damage":0,"enemies":"theJungle:2_Phrogs","floor":28,"turns":5},{"damage":31,"enemies":"theJungle:Lyon","floor":29,"turns":5},{"damage":7,"enemies":"theJungle:SlimyTreeVines","floor":32,"turns":6},{"damage":2,"enemies":"downfall:FleeingMerchant","floor":33,"turns":4},{"damage":5,"enemies":"theJungle:JungleHuntersEncounter","floor":34,"turns":4},{"damage":14,"enemies":"IC_MUSHROOM_ARCHETYPE","floor":35,"turns":5},{"damage":4,"enemies":"Orb Walker","floor":38,"turns":4},{"damage":51,"enemies":"3 Shapes","floor":39,"turns":7},{"damage":3,"enemies":"downfall:FleeingMerchant","floor":40,"turns":3},{"damage":3,"enemies":"downfall:FleeingMerchant","floor":44,"turns":4},{"damage":2,"enemies":"Giant Head","floor":45,"turns":6},{"damage":4,"enemies":"Writhing Mass","floor":46,"turns":4},{"damage":0,"enemies":"3 Darklings","floor":48,"turns":3},{"damage":17,"enemies":"Maw","floor":50,"turns":6},{"damage":18,"enemies":"Spire Growth","floor":51,"turns":3},{"damage":12,"enemies":"DF_ARCHETYPE_ORBS","floor":52,"turns":6}],"seed_played":"4187336615169563673","potions_obtained":[{"floor":2,"key":"SneckoOil"},{"floor":3,"key":"Flashbang"},{"floor":8,"key":"hexamod:DoubleChargePotion"},{"floor":11,"key":"FearPotion"},{"floor":20,"key":"bronze:BurnAndBuffPotion"},{"floor":21,"key":"EntropicBrew"},{"floor":23,"key":"Slimebound:ThreeZeroPotion"},{"floor":27,"key":"hexamod:InfernoChargePotion"},{"floor":28,"key":"SpeedPotion"},{"floor":29,"key":"LiquidMemories"},{"floor":29,"key":"EssenceOfSteel"},{"floor":32,"key":"bronze:BurnAndBuffPotion"},{"floor":32,"key":"champ:CounterPotion"},{"floor":33,"key":"LiquidBronze"},{"floor":39,"key":"Venom Potion"},{"floor":45,"key":"hexamod:SoulburnPotion"},{"floor":51,"key":"SmokeBomb"}],"is_trial":false,"path_per_floor":["R_BF","M","M","?","?","?","T","M","R","$","E","M","?","M","M","B",null,"R_BF","M","M","M","?","M","T","R","?","M","E","M","PTL","PTL","M","$","M","B",null,"R","M","M","$","?","?","T","?","E","M","?","M","R","M","M","B",null],"character_chosen":"THE_SPIRIT","items_purchased":["ReplayTheSpireMod:CursedCoin","Potion Belt","Lantern","hexamod:EmpoweredFlame+1","hexamod:FastForward","Guide Book","expansioncontent:QuickStudy","ReplayTheSpireMod:TigerMarble","Medical Kit"],"campfire_rested":1,"item_purchase_floors":[10,10,10,10,10,33,40,40,40],"current_hp_per_floor":[77,73,73,73,52,52,52,52,52,67,55,55,48,42,33,4,77,77,64,57,59,52,43,43,66,66,62,69,45,45,45,51,71,66,59,77,77,73,87,84,84,84,84,81,86,86,86,87,87,76,66,62],"gold":82,"neow_bonus":"TEN_PERCENT_HP_BONUS","is_daily":false,"chose_seed":false,"campfire_upgraded":1,"win_rate":0.0,"timestamp":1611687335,"path_taken":["R_BF","M","M","?","?","?","T","?","R","$","E","M","?","M","M","BOSS","R_BF","M","M","M","?","M","T","R","?","M","E","M","PTL","PTL","M","$","M","BOSS","R","M","M","$","?","?","T","?","E","M","?","M","R","?","M","BOSS"],"items_purchased_type":["Relic","Relic","Relic","Card","Card","Relic","Card","Relic","Relic"],"build_version":"2020-12-22","purchased_purges":1,"victory":true,"max_hp_per_floor":[77,77,77,77,77,77,77,77,77,77,77,77,77,77,77,77,77,77,77,77,77,77,77,77,77,77,77,77,77,77,77,77,77,77,77,77,77,77,87,87,87,87,87,87,87,87,87,87,87,87,87,87],"card_choices":[{"not_picked":["hexamod:BurningTouch","hexamod:Incineration"],"picked":"hexamod:RadiantFlame","floor":2},{"not_picked":["hexamod:Firestarter","hexamod:FastForward"],"picked":"hexamod:ThermalTransfer","floor":3},{"not_picked":["hexamod:Firestarter","hexamod:Again"],"picked":"hexamod:HauntingEcho","floor":8},{"not_picked":["hexamod:SwordOfDarkness","hexamod:RecurringNightmare"],"picked":"hexamod:VolcanoVisage","floor":10},{"not_picked":["hexamod:Firestarter","hexamod:SpectersWail"],"picked":"hexamod:PhantomCloak","floor":11},{"not_picked":["hexamod:HeatMetal","hexamod:SpectersWail"],"picked":"hexamod:ThirdSeal","floor":12},{"not_picked":["hexamod:ThirdSeal","hexamod:RecurringNightmare","hexamod:SoulSteal"],"picked":"SKIP","floor":14},{"not_picked":["hexamod:HeatCrush","hexamod:GhostLash","hexamod:SwordOfDarkness"],"picked":"SKIP","floor":14},{"not_picked":["hexamod:NightmareStrike","hexamod:SwordOfDarkness"],"picked":"hexamod:HauntingEcho","floor":15},{"not_picked":["hexamod:InspiringFlames","hexamod:NightmareGuise"],"picked":"hexamod:FastForward","floor":15},{"not_picked":["hexamod:GhostOfSpirePresent","hexamod:SearingWound"],"picked":"hexamod:ForkedFlame","floor":16},{"not_picked":["hexamod:TimeWarp","hexamod:ParanormalForm"],"picked":"hexamod:SixthSeal","floor":16},{"not_picked":["hexamod:ShieldOfDarkness","hexamod:NightmareStrike","hexamod:BacktrackSmack+1"],"picked":"hexamod:RecurringNightmare","floor":19},{"not_picked":["hexamod:ThirdSeal","hexamod:Hexaguard+1","hexamod:CatchUp+1"],"picked":"hexamod:FourthSeal","floor":19},{"not_picked":["hexamod:SoulSteal","hexamod:RetreatToShadows","hexamod:InspiringFlames"],"picked":"hexamod:Hexaguard","floor":20},{"not_picked":["hexamod:UnlimitedPower","hexamod:ThermalTransfer+1","hexamod:ShieldOfDarkness+1"],"picked":"hexamod:RadiantFlame+1","floor":21},{"not_picked":["hexamod:GhostShield","hexamod:ThermalTransfer+1","hexamod:GhostLash"],"picked":"hexamod:SpectersWail","floor":21},{"not_picked":["hexamod:RecurringNightmare","hexamod:GhostShield","hexamod:GhostLash"],"picked":"hexamod:Rewind","floor":23},{"not_picked":["hexamod:GhostShield","hexamod:SwordOfDarkness","hexamod:ThirdSeal"],"picked":"hexamod:HeatShield+1","floor":27},{"not_picked":["hexamod:SpectralAdrenaline+1","hexamod:InspiringFlames","hexamod:HeatMetal"],"picked":"hexamod:Hexaguard","floor":27},{"not_picked":["hexamod:HeatMetal+1","hexamod:AdvancingGuard+1","hexamod:BacktrackSmack+1"],"picked":"hexamod:EtherealExpedition+1","floor":28},{"not_picked":["hexamod:SwordOfDarkness+1","hexamod:SecondSeal","hexamod:ThermalTransfer"],"picked":"hexamod:RainOfEmbers+1","floor":28},{"not_picked":["hexamod:HeatShield+1","hexamod:ThermalTransfer","hexamod:FirstSeal"],"picked":"hexamod:CatchUp+1","floor":29},{"not_picked":["hexamod:EmpoweredFlame+1","hexamod:FastForward","hexamod:Firestarter"],"picked":"hexamod:ForkedFlame+1","floor":32},{"not_picked":["hexamod:GhostShield+1","hexamod:SpectersWail","hexamod:ThermalTransfer"],"picked":"hexamod:RadiantFlame+1","floor":33},{"not_picked":["hexamod:BurningTouch","hexamod:Firestarter","hexamod:HauntingEcho+1"],"picked":"hexamod:FastForward+1","floor":33},{"not_picked":["hexamod:AdvancingGuard+1","hexamod:NightmareStrike","hexamod:Firestarter"],"picked":"hexamod:RetreatToShadows+1","floor":34},{"not_picked":["hexamod:TimeWarp+1","hexamod:GhostflameInferno+1","hexamod:SixthSeal"],"picked":"hexamod:FifthSeal","floor":35},{"not_picked":["Normality","Languid","hubris:Lust"],"picked":"animator:Curse_Nutcracker","floor":36},{"not_picked":["downfall:Malfunctioning","downfall:Bewildered","Replay:Hysterical Blindness"],"picked":"Decay","floor":36},{"not_picked":["Pain","Delirium","Languid"],"picked":"Shame","floor":36},{"not_picked":["hexamod:FirstSeal","hexamod:SecondSeal","hexamod:ThirdSeal"],"picked":"hexamod:SixthSeal","floor":38},{"not_picked":["hexamod:GhostLash+1","hexamod:HeatMetal","hexamod:Haunt+1"],"picked":"hexamod:FirstSeal","floor":38},{"not_picked":["hexamod:NightmareStrike+1","hexamod:PhantomFireball+1","hexamod:Firestarter","hexamod:PhantomCloak+1"],"picked":"SKIP","floor":39},{"not_picked":["hexamod:UnleashSpirits+1","hexamod:ThermalTransfer","hexamod:ParanormalForm+1"],"picked":"hexamod:HauntingEcho","floor":40},{"not_picked":["hexamod:GhostOfSpirePast+1","hexamod:Haunt+1","hexamod:Hexaguard+1"],"picked":"hexamod:HexaLevel+1","floor":45},{"not_picked":["hexamod:Firestarter","hexamod:SoulSteal+1","hexamod:ChargedBarrage+1"],"picked":"hexamod:Hexaguard+1","floor":46},{"not_picked":["hexamod:FourthSeal","hexamod:Again+1","hexamod:Incineration+1","hexamod:BurningTouch+1"],"picked":"SKIP","floor":48},{"not_picked":["hexamod:NightmareStrike","hexamod:NightmareGuise","hexamod:FastForward"],"picked":"hexamod:ExtraCrispy+1","floor":50},{"not_picked":["hexamod:GhostflameBarrier+1","hexamod:SwordOfDarkness","hexamod:ThermalTransfer","hexamod:ThirdSeal"],"picked":"SKIP","floor":51}],"player_experience":47997,"relics_obtained":[{"floor":7,"key":"MealTicket"},{"floor":11,"key":"Girya"},{"floor":18,"key":"Dream Catcher"},{"floor":24,"key":"Quantum Egg"},{"floor":28,"key":"Art of War"},{"floor":41,"key":"ReplayTheSpireMod:Ring of Collecting"},{"floor":41,"key":"Ring of Hypnosis"},{"floor":43,"key":"ReplayTheSpireMod:Ring of Exchange"},{"floor":43,"key":"Mercury Hourglass"},{"floor":44,"key":"Calipers"},{"floor":45,"key":"Bird Faced Urn"},{"floor":47,"key":"Darkstone Periapt"}],"event_choices":[{"damage_healed":0,"gold_gain":0,"player_choice":"Success","damage_taken":7,"relics_obtained":["hubris:DuctTape"],"max_hp_gain":0,"max_hp_loss":0,"event_name":"Scrap Ooze","floor":13,"gold_loss":0}],"is_beta":false,"boss_relics":[{"not_picked":["Pandora\u0027s Box","SlaversCollar"],"picked":"Honey Jar"},{"not_picked":["Astrolabe","Philosopher\u0027s Stone"],"picked":"Replay:Ancient Bell"},{"not_picked":["Omamori","Replay:Bandana"],"picked":"Grinning Jar"},{"not_picked":["hubris:MysteriousPyramids","Sundial"],"picked":"ReplayTheSpireMod:Shallot"},{"not_picked":["hubris:AstralHammer","hubris:GlazedTorus"],"picked":"Counterbalance"}],"items_purged_floors":[10],"is_endless":false,"potions_floor_spawned":[2,3,8,11,21,27,29,32,39,45,51],"ascension_level":0}}