{"host":"iphsb0ccnjx0pfn6","time":1611643562,"event":{"mods":["2.2 Compatiblity","AchievementEnabler","BaseMod","Colored Map","DeckTracker","Keyboard Shortcuts","Minty Spire (QoL Compilation)","Permanent Neow","Quick Restart","Relic Stats","StSLib","SuperFastMode","Uncapped","everything is the same but u backflip on backflip"],"gold_per_floor":[112,124,135,60,79,106,106,106,106],"floor_reached":8,"language":"KOR","playtime":267,"items_purged":["Strike_G"],"score":116,"play_id":"4d94402f-464b-4c49-b5ba-6755d69b1c4d","local_time":"20210126154602","is_ascension_mode":true,"campfire_choices":[{"data":"Well Laid Plans","floor":7,"key":"SMITH"}],"circlet_count":0,"master_deck":["AscendersBane","Strike_G","Strike_G","Strike_G","Strike_G","Defend_G","Defend_G","Defend_G","Defend_G","Defend_G","Survivor","Neutralize","Flying Knee","Dash","Deadly Poison","Well Laid Plans+1"],"relics":["Ring of the Snake","The Specimen","Pear"],"acts_visited":["Exordium"],"potions_floor_usage":[6,8],"damage_taken":[{"damage":0,"enemies":"Cultist","floor":1,"turns":4},{"damage":6,"enemies":"Small Slimes","floor":2,"turns":5},{"damage":0,"enemies":"2 Louse","floor":3,"turns":2},{"damage":13,"enemies":"Large Slime","floor":5,"turns":9},{"damage":12,"enemies":"3 Sentries","floor":6,"turns":11},{"damage":41,"enemies":"Gremlin Nob","floor":8,"turns":4}],"seed_played":"206480149599121765","potions_obtained":[{"floor":2,"key":"LiquidMemories"},{"floor":5,"key":"Block Potion"}],"is_trial":false,"path_per_floor":["M","M","M","$","M","E","R","E"],"character_chosen":"THE_SILENT","items_purchased":[],"campfire_rested":0,"item_purchase_floors":[],"current_hp_per_floor":[44,38,38,38,25,23,23,0,0],"gold":106,"neow_bonus":"ONE_RARE_RELIC","is_daily":false,"chose_seed":false,"campfire_upgraded":1,"win_rate":0.0,"timestamp":1611643562,"path_taken":["M","M","M","?","M","E","R","E"],"items_purchased_type":[],"build_version":"2020-12-22","purchased_purges":1,"victory":false,"max_hp_per_floor":[66,66,66,66,66,76,76,76,76],"relic_stats":{"counters":[6,35],"obtain_stats":[{"Pear":6,"The Specimen":0,"Ring of the Snake":0},{"Pear":5,"The Specimen":0,"Ring of the Snake":0},{"Pear":31,"The Specimen":0,"Ring of the Snake":0}],"Ring of the Snake":[12]},"card_choices":[{"not_picked":["Sucker Punch","Bane"],"picked":"Flying Knee","floor":1},{"not_picked":["Poisoned Stab","Heel Hook"],"picked":"Dash","floor":2},{"not_picked":["Deflect","Terror"],"picked":"Deadly Poison","floor":3},{"not_picked":["Backflip","Dagger Spray"],"picked":"Well Laid Plans","floor":5},{"not_picked":["Cloak And Dagger","Dodge and Roll","Sucker Punch"],"picked":"SKIP","floor":6}],"player_experience":1279521,"relics_obtained":[{"floor":6,"key":"Pear"}],"event_choices":[],"is_beta":false,"boss_relics":[],"items_purged_floors":[4],"is_endless":false,"potions_floor_spawned":[2,5],"killed_by":"Gremlin Nob","ascension_level":20}}