{"host":"kwnpvqmnt47pmyi1","time":1611703285,"event":{"mods":["AchievementEnabler","BaseMod","Bestiary","BetterRewards","Downfall","Hermit","Hubris","Marisa????????","Minty Spire (QoL Compilation)","Reliquary","Replay The Spire","Shade Mod","StSLib","The Hierophant","The Servant 0.9.4"],"gold_per_floor":[110,110,110,56,56,83,103,103,103,121,147,164,164,177,177,274,274,294,294,311,327,350,350,364,384,384,398,423,423,423,423,423,423,423,423,423],"floor_reached":35,"language":"ENG","playtime":2187,"items_purged":[],"score":427,"play_id":"72ad0d40-5dcc-41f4-9017-36375af37cd2","local_time":"20210126152125","is_ascension_mode":false,"campfire_choices":[{"data":"Shade:FreshBones","floor":15,"key":"SMITH"},{"data":"Shade:AuraOfUnlife","floor":23,"key":"SMITH"},{"data":"Shade:Bonestorm","floor":29,"key":"SMITH"},{"data":"Shade:Putrefaction","floor":32,"key":"SMITH"},{"data":"Shade:FreshBones","floor":34,"key":"SMITH"}],"circlet_count":0,"master_deck":["Shade:Strike_Shade","Shade:Strike_Shade","Shade:Strike_Shade","Shade:Strike_Shade","Shade:Defend_Shade","Shade:Defend_Shade","Shade:Defend_Shade","Shade:Defend_Shade","Shade:AnimateDead","Shade:CarefulCut","Shade:GraveStillness","Shade:FreshBones+1","Shade:OpenGraves+1","Shade:Bonestorm+1","Shade:FuneraryJewels","Shade:CommandSoldier","Shade:Trample","Shade:Brains","Shade:Putrefaction+1","Shade:PressTheAttack+1","Shade:AuraOfUnlife+1","Shade:Frenzy","Shade:FreshBones+1","Shade:Bonestorm+1","Shade:Brains","Shade:Bite_Shade+1"],"relics":["Shade:YorickSkull","Oddly Smooth Stone","CultistMask","Replay:Mystery Machine","Odd Mushroom","Nloth\u0027s Gift","Bronze Scales","Nunchaku","White Beast Statue"],"acts_visited":["Exordium","TheCity"],"potions_floor_usage":[18,25,35],"damage_taken":[{"damage":0,"enemies":"Cultist","floor":1,"turns":4},{"damage":15,"enemies":"Lagavulin","floor":6,"turns":5},{"damage":0,"enemies":"Jaw Worm","floor":7,"turns":4},{"damage":0,"enemies":"2 Louse","floor":10,"turns":2},{"damage":0,"enemies":"The Mushroom Lair","floor":11,"turns":4},{"damage":0,"enemies":"Exordium Thugs","floor":12,"turns":3},{"damage":0,"enemies":"3 Louse","floor":14,"turns":2},{"damage":0,"enemies":"Slime Boss","floor":16,"turns":7},{"damage":0,"enemies":"3 Byrds","floor":18,"turns":3},{"damage":10,"enemies":"2 Thieves","floor":20,"turns":4},{"damage":2,"enemies":"Snake Plant","floor":21,"turns":3},{"damage":5,"enemies":"Cultist and Chosen","floor":24,"turns":5},{"damage":0,"enemies":"Centurion and Healer","floor":25,"turns":4},{"damage":0,"enemies":"Snake Plant","floor":27,"turns":3},{"damage":12,"enemies":"Replay:Snechameleon","floor":28,"turns":3},{"damage":50,"enemies":"Automaton","floor":35,"turns":6}],"seed_played":"-1316340994691664178","potions_obtained":[{"floor":6,"key":"sneckomod:MuddlingPotion"},{"floor":10,"key":"Death Potion"},{"floor":12,"key":"Fire Potion"},{"floor":14,"key":"SkillPotion"},{"floor":21,"key":"LiquidMemories"},{"floor":27,"key":"sneckomod:MuddlingPotion"},{"floor":28,"key":"Block Potion"}],"is_trial":false,"path_per_floor":["M","?","?","$","?","E","M","?","T","M","?","M","$","M","R","B",null,"M","?","M","M","T","R","M","M","T","M","E","R","PTL","PTL","R","?","R","B"],"character_chosen":"SHADE","items_purchased":["Shade:FreshBones"],"campfire_rested":0,"item_purchase_floors":[4],"current_hp_per_floor":[65,65,53,53,53,38,38,38,38,38,38,38,38,38,38,38,65,65,65,55,53,53,53,48,48,48,48,36,36,36,36,36,36,36,0,0],"gold":423,"neow_bonus":"","is_daily":false,"chose_seed":false,"campfire_upgraded":5,"win_rate":0.0,"timestamp":1611703285,"path_taken":["M","?","?","$","?","E","?","?","T","?","?","M","?","M","R","BOSS","M","?","M","?","?","R","?","?","T","M","E","R","PTL","PTL","R","?","R","BOSS"],"items_purchased_type":["Card"],"build_version":"2020-12-22","purchased_purges":0,"victory":false,"max_hp_per_floor":[65,65,65,65,65,65,65,65,65,65,65,65,65,65,65,65,65,65,65,65,65,65,65,65,65,65,65,65,65,65,65,65,65,65,65,65],"card_choices":[{"not_picked":["Shade:FeralStrike","Shade:RavenousHorde"],"picked":"Shade:GraveStillness","floor":1},{"not_picked":["Shade:DangerousRitual","Shade:SkeletonArmy"],"picked":"Shade:OpenGraves","floor":6},{"not_picked":["Shade:SpontaneousRitual","Shade:Premonition"],"picked":"Shade:Bonestorm","floor":7},{"not_picked":["Shade:WallOfFlesh","Shade:FleshToFlesh"],"picked":"Shade:FuneraryJewels","floor":10},{"not_picked":["Shade:CoffinDance","Shade:PoundOfFlesh"],"picked":"Shade:CommandSoldier","floor":11},{"not_picked":["Shade:CoffinDance","Shade:Brains"],"picked":"Shade:Trample","floor":12},{"not_picked":["Shade:FreshBones","Shade:SpontaneousRitual"],"picked":"Shade:Brains","floor":14},{"not_picked":["Shade:MadHubris","Shade:LoseControl"],"picked":"Shade:Putrefaction","floor":16},{"not_picked":["Shade:FuneraryJewels","Shade:CoffinDance+1"],"picked":"Shade:PressTheAttack+1","floor":18},{"not_picked":["Shade:LyeBath","Shade:FuneraryJewels"],"picked":"Shade:AuraOfUnlife","floor":20},{"not_picked":["Shade:WallOfFlesh","Shade:SanguineRitual"],"picked":"Shade:Frenzy","floor":21},{"not_picked":["Shade:GreyBargain+1","Shade:AncientSpear"],"picked":"Shade:FreshBones","floor":24},{"not_picked":["Shade:OminousRitual","Shade:AblativeArmor"],"picked":"Shade:Bonestorm+1","floor":25},{"not_picked":["Shade:BoneShards","Shade:GreyBargain"],"picked":"Shade:Brains","floor":27},{"not_picked":["Shade:Asphyxiate+1","Shade:Premonition"],"picked":"Shade:Bite_Shade+1","floor":28}],"player_experience":275297,"relics_obtained":[{"floor":6,"key":"Replay:Mystery Machine"},{"floor":11,"key":"Odd Mushroom"},{"floor":22,"key":"Bronze Scales"},{"floor":26,"key":"Nunchaku"},{"floor":28,"key":"White Beast Statue"}],"event_choices":[{"damage_healed":0,"gold_gain":0,"player_choice":"Ignored","damage_taken":0,"max_hp_gain":0,"max_hp_loss":0,"event_name":"Golden Idol","floor":2,"gold_loss":0},{"damage_healed":0,"gold_gain":0,"player_choice":"Success","damage_taken":12,"relics_obtained":["Oddly Smooth Stone"],"max_hp_gain":0,"max_hp_loss":0,"event_name":"Scrap Ooze","floor":3,"gold_loss":0},{"damage_healed":0,"gold_gain":0,"player_choice":"Trade","damage_taken":0,"relics_obtained":["CultistMask"],"max_hp_gain":0,"max_hp_loss":0,"event_name":"FaceTrader","floor":5,"gold_loss":0},{"damage_healed":0,"gold_gain":0,"player_choice":"Forge","damage_taken":0,"max_hp_gain":0,"max_hp_loss":0,"event_name":"Accursed Blacksmith","floor":8,"gold_loss":0,"cards_upgraded":["Shade:OpenGraves"]},{"damage_healed":0,"gold_gain":0,"player_choice":"Fought Mushrooms","damage_taken":0,"max_hp_gain":0,"max_hp_loss":0,"event_name":"Mushrooms","floor":11,"gold_loss":0},{"damage_healed":0,"gold_gain":0,"player_choice":"Traded Relic","damage_taken":0,"relics_obtained":["Nloth\u0027s Gift"],"max_hp_gain":0,"max_hp_loss":0,"event_name":"N\u0027loth","floor":19,"relics_lost":["WingedGreaves"],"gold_loss":0}],"is_beta":false,"boss_relics":[{"not_picked":["reliquary:KinkedSpring","hubris:VirtuousBlindfold","Snecko Eye"]}],"items_purged_floors":[],"is_endless":false,"potions_floor_spawned":[6,10,12,14,21,27,28],"killed_by":"Automaton","ascension_level":0}}