{"host":"dl909bjyolgrn2uw","time":1611636087,"event":{"mods":["2.2 Compatiblity","AlwaysNeverKeys","BaseMod","Bestiary","Better Altar","Better Note","Better Sensory Stone","Better Skull","Better Vampires","Better-Laid Plans","BetterRewards","Colored Powertips","Curses Come First","Disable Question Mark Monsters","Displayed Cursed Tome","Emptier Cage","Evolution","Minty Spire (QoL Compilation)","Permanent Neow","Quick Restart","Rare Cards Sparkle","Relic Stats","Shop Mod","Spicy Shops","StSLib","SuperFastMode","Transform Curses"],"gold_per_floor":[110,110,128,142,217,217,267,299,299,310,324,351,368,381,381,481,481,495,495,507,507,507],"floor_reached":21,"language":"ENG","playtime":750,"items_purged":[],"score":283,"play_id":"e3d93ec5-b55c-4bde-9cd3-4ac7e60fa5c5","local_time":"20210125224127","is_ascension_mode":true,"campfire_choices":[{"data":"Bash","floor":6.0,"key":"SMITH"},{"data":"Clothesline","floor":15.0,"key":"SMITH"}],"circlet_count":0,"master_deck":["Strike_R","Strike_R","Strike_R","Strike_R","Strike_R","Defend_R","Defend_R","Defend_R","Defend_R","Bash+1","Whirlwind+1","Twin Strike","Ghostly Armor","Pommel Strike","Clothesline+1","Anger","Reaper","Anger+1","Armaments"],"relics":["EVO:Axolotl","SlaversCollar","Blue Candle","Lantern","Black Star","Nloth\u0027s Gift"],"acts_visited":["TheCity"],"potions_floor_usage":[16,16,21,21],"damage_taken":[{"damage":4.0,"enemies":"Small Slimes","floor":1.0,"turns":5.0},{"damage":2.0,"enemies":"Jaw Worm","floor":3.0,"turns":3.0},{"damage":0.0,"enemies":"Cultist","floor":4.0,"turns":2.0},{"damage":15.0,"enemies":"Lagavulin","floor":8.0,"turns":5.0},{"damage":8.0,"enemies":"Blue Slaver","floor":10.0,"turns":3.0},{"damage":4.0,"enemies":"Red Slaver","floor":11.0,"turns":3.0},{"damage":0.0,"enemies":"Gremlin Nob","floor":12.0,"turns":2.0},{"damage":1.0,"enemies":"Exordium Thugs","floor":13.0,"turns":2.0},{"damage":0.0,"enemies":"Looter","floor":14.0,"turns":2.0},{"damage":35,"enemies":"Hexaghost","floor":16,"turns":8},{"damage":26,"enemies":"2 Thieves","floor":18,"turns":5},{"damage":19,"enemies":"3 Byrds","floor":20,"turns":5},{"damage":30,"enemies":"Sentry and Sphere","floor":21,"turns":4}],"seed_played":"-5958856294492760869","potions_obtained":[{"floor":1.0,"key":"Explosive Potion"},{"floor":10.0,"key":"SteroidPotion"},{"floor":12.0,"key":"BloodPotion"},{"floor":13.0,"key":"ColorlessPotion"},{"floor":16,"key":"SkillPotion"},{"floor":20,"key":"LiquidMemories"}],"is_trial":false,"path_per_floor":["M","?","M","M","?","R","?","E","T","M","M","E","M","M","R","B",null,"M","?","M","M"],"character_chosen":"IRONCLAD","items_purchased":[],"campfire_rested":0,"item_purchase_floors":[],"current_hp_per_floor":[68,68,66,66,55,55,55,40,40,32,28,28,27,27,27,8,62,36,36,23,0,0],"gold":507,"neow_bonus":"BOSS_RELIC","is_daily":false,"chose_seed":false,"campfire_upgraded":2,"win_rate":0.0,"timestamp":1611636087,"path_taken":["M","?","M","M","?","R","?","E","T","M","M","E","M","M","R","BOSS","M","?","?","M"],"items_purchased_type":[],"build_version":"2020-12-22","purchased_purges":0,"victory":false,"max_hp_per_floor":[80,80,80,80,80,80,80,80,80,80,80,80,80,80,80,80,80,80,80,80,80,80],"relic_stats":{"counters":[13,49],"Blue Candle":[0],"Black Star":0,"Nloth\u0027s Gift":0,"obtain_stats":[{"SlaversCollar":0,"Lantern":12,"Blue Candle":9,"Black Star":17,"Nloth\u0027s Gift":19,"EVO:Axolotl":0,"Bottled Lightning":8,"Burning Blood":0},{"SlaversCollar":0,"Lantern":7,"Blue Candle":4,"Black Star":10,"Nloth\u0027s Gift":11,"EVO:Axolotl":0,"Bottled Lightning":4,"Burning Blood":0},{"SlaversCollar":0,"Lantern":23,"Blue Candle":15,"Black Star":35,"Nloth\u0027s Gift":40,"EVO:Axolotl":0,"Bottled Lightning":15,"Burning Blood":0}]},"card_choices":[{"not_picked":["Pommel Strike","Wild Strike"],"picked":"Whirlwind","floor":1.0},{"not_picked":["Pummel","Dark Embrace"],"picked":"Twin Strike","floor":3.0},{"not_picked":["Cleave","Clash"],"picked":"Ghostly Armor","floor":4.0},{"not_picked":["Brutality","Pummel"],"picked":"Pommel Strike","floor":8.0},{"not_picked":["Wild Strike","Twin Strike","True Grit"],"picked":"SKIP","floor":10.0},{"not_picked":["Disarm","Headbutt"],"picked":"Clothesline","floor":11.0},{"not_picked":["Iron Wave","True Grit","Warcry"],"picked":"SKIP","floor":12.0},{"not_picked":["Rupture","Body Slam"],"picked":"Anger","floor":13.0},{"not_picked":["Fire Breathing","Pommel Strike","Sever Soul"],"picked":"SKIP","floor":14.0},{"not_picked":["Barricade","Berserk"],"picked":"Reaper","floor":16},{"not_picked":["Searing Blow+1","Havoc"],"picked":"Anger+1","floor":18},{"not_picked":["True Grit","Havoc"],"picked":"Armaments","floor":20}],"player_experience":313874,"relics_obtained":[{"floor":8.0,"key":"Bottled Lightning"},{"floor":9.0,"key":"Blue Candle"},{"floor":12.0,"key":"Lantern"}],"event_choices":[{"damage_healed":0.0,"max_hp_gain":0.0,"max_hp_loss":0.0,"gold_gain":0.0,"event_name":"Living Wall","player_choice":"Grow","floor":2.0,"gold_loss":0.0,"damage_taken":0.0,"cards_upgraded":["Whirlwind"]},{"damage_healed":0.0,"max_hp_gain":0.0,"max_hp_loss":0.0,"gold_gain":75.0,"event_name":"World of Goop","player_choice":"Gather Gold","floor":5.0,"gold_loss":0.0,"damage_taken":11.0},{"damage_healed":0.0,"max_hp_gain":0.0,"max_hp_loss":0.0,"gold_gain":50.0,"event_name":"Golden Wing","player_choice":"Gained Gold","floor":7.0,"gold_loss":0.0,"damage_taken":0.0},{"damage_healed":0,"gold_gain":0,"player_choice":"Traded Relic","damage_taken":0,"relics_obtained":["Nloth\u0027s Gift"],"max_hp_gain":0,"max_hp_loss":0,"event_name":"N\u0027loth","floor":19,"relics_lost":["Bottled Lightning"],"gold_loss":0}],"is_beta":false,"boss_relics":[{"not_picked":["Calling Bell","Cursed Key"],"picked":"Black Star"}],"items_purged_floors":[],"is_endless":false,"potions_floor_spawned":[1,10,12,13,16,20],"killed_by":"Sentry and Sphere","ascension_level":6}}