{"host":"yiuxawbvzhpm7ctb","time":1611636963,"event":{"mods":["AchievementEnabler","Act Like it!","Aspiration","BaseMod","Better Altar","Better Match","Better Note","Better Sensory Stone","Better Skull","Better Third Choice","Better Vampires","Colored Map","Conspire","Downfall","Emptier Cage","Halation","Hubris","Infinite Spire","Jedi Mod","Marisa????????","Minty Spire (QoL Compilation)","Pale of the Ancients","Reliquary","Replay The Spire","StSLib","The Jungle","Wandering Minibosses"],"gold_per_floor":[99,110,126,146,146,146,146,156,169,169,186,200,200,226,236,236,236,236],"floor_reached":16,"language":"ENG","playtime":1016,"items_purged":[],"score":106,"play_id":"5e678676-1dc7-4f1e-a60a-f01e162d7f3d","local_time":"20210125235603","is_ascension_mode":false,"campfire_choices":[{"data":"Guardian:CurlUp","floor":1,"key":"SMITH"},{"data":"Guardian:DecasProtection","floor":10,"key":"SMITH"},{"data":"Guardian:BaubleBeam","floor":13,"key":"SMITH"}],"circlet_count":0,"master_deck":["Guardian:Strike_Guardian","Guardian:Strike_Guardian","Guardian:Strike_Guardian","Guardian:Strike_Guardian","Guardian:Defend_Guardian","Guardian:Defend_Guardian","Guardian:Defend_Guardian","Guardian:Defend_Guardian","Guardian:CurlUp+1","Guardian:TwinSlam","Guardian:DecasProtection+1","Guardian:GuardianWhirl","Guardian:PrimingBeam","Guardian:BaubleBeam+1","Guardian:Gem_Red","Guardian:Gem_White"],"relics":["Guardian:ModeShifter","Snack Pack","Blue Doll"],"acts_visited":["Exordium"],"potions_floor_usage":[14],"damage_taken":[{"damage":1,"enemies":"Cultist","floor":2,"turns":4},{"damage":7,"enemies":"Small Slimes","floor":3,"turns":3},{"damage":14,"enemies":"infinitespire:Voidling","floor":4,"turns":5},{"damage":6,"enemies":"Large Slime","floor":8,"turns":7},{"damage":8,"enemies":"3 Louse","floor":9,"turns":2},{"damage":16,"enemies":"Lots of Slimes","floor":11,"turns":5},{"damage":11,"enemies":"Gremlin Gang","floor":12,"turns":6},{"damage":20,"enemies":"Lagavulin","floor":14,"turns":6},{"damage":5,"enemies":"Exordium Thugs","floor":15,"turns":5},{"damage":53,"enemies":"IC_STATUS_ARCHETYPE","floor":16,"turns":13}],"seed_played":"-8741469856727954154","potions_obtained":[{"floor":4,"key":"DuplicationPotion"},{"floor":8,"key":"jedi:wingpotion"},{"floor":11,"key":"Fire Potion"}],"is_trial":false,"path_per_floor":["R","M","M","M","?","?","T","M","M","R","M","M","R","E","M","B"],"character_chosen":"GUARDIAN","items_purchased":[],"campfire_rested":0,"item_purchase_floors":[],"current_hp_per_floor":[88,87,80,75,75,75,75,73,65,65,53,46,46,38,35,0,0,0],"gold":236,"neow_bonus":"TEN_PERCENT_HP_BONUS","is_daily":false,"chose_seed":false,"campfire_upgraded":3,"win_rate":0.0,"timestamp":1611636963,"path_taken":["R","M","M","M","?","?","T","M","?","R","?","M","R","E","M","BOSS"],"items_purchased_type":[],"build_version":"2020-12-22","purchased_purges":0,"victory":false,"max_hp_per_floor":[88,88,88,88,88,88,88,88,88,88,88,88,88,88,88,88,88,88],"card_choices":[{"not_picked":["Guardian:Repulse","Guardian:CrystalBeam"],"picked":"Guardian:DecasProtection","floor":2},{"not_picked":["Guardian:BronzeOrb","Guardian:Repulse"],"picked":"Guardian:Gem_Lightblue","floor":3},{"not_picked":["Guardian:ShieldCharger","Guardian:Incinerate"],"picked":"Guardian:GuardianWhirl","floor":4},{"not_picked":["Guardian:Incinerate","Guardian:Gem_Cyan"],"picked":"Guardian:PrimingBeam","floor":8},{"not_picked":["Guardian:TemporalStrike","Guardian:BodySlam"],"picked":"Guardian:Gem_Fragmented","floor":9},{"not_picked":["Guardian:ShieldCharger","Guardian:PolyBeam"],"picked":"Guardian:BaubleBeam","floor":11},{"not_picked":["Guardian:CrystalBeam","Guardian:ShieldSpikes"],"picked":"Guardian:Gem_Green","floor":12},{"not_picked":["Guardian:Gem_Green","Guardian:TemporalStrike"],"picked":"Guardian:Gem_Red","floor":14},{"not_picked":["Guardian:MultiBeam","Guardian:Suspension"],"picked":"Guardian:Gem_White","floor":15}],"player_experience":595215,"relics_obtained":[{"floor":7,"key":"Snack Pack"},{"floor":14,"key":"Blue Doll"}],"event_choices":[],"is_beta":false,"boss_relics":[],"items_purged_floors":[],"is_endless":false,"potions_floor_spawned":[4,8,11,12],"killed_by":"IC_STATUS_ARCHETYPE","ascension_level":0}}