{"host":"y1oqg7uy0jc6f5mb","time":1611675295,"event":{"mods":["BaseMod","Better Altar","Better Match","Better Note","Better Sensory Stone","Better Skull","Better Third Choice","Block Reminder","Colored Map","Colored Powertips","Custom Start","DeckTracker","Displayed Cursed Tome","Highlight Path","Ironclad Rager","Minty Spire (QoL Compilation)","Permanent Neow","Quick Restart","Relic Sorter","Relic Stats","Replay The Spire","Shop Mod","StSLib"],"gold_per_floor":[118,128,145,145,70,100,100,113,113,13,30,43,43,69,69,170,170,181,22,39,54,66,95,95,107,107,107,121,121,133,148,148,148,148],"floor_reached":33,"language":"ENG","playtime":3036,"items_purged":["Normality","Strike_P","Strike_P"],"score":358,"play_id":"f46df009-a449-4e06-bc71-1ecf65914c4b","local_time":"20210126233455","is_ascension_mode":false,"campfire_choices":[{"data":"Eruption","floor":7.0,"key":"SMITH"},{"data":"Poisoned Strike","floor":13.0,"key":"SMITH"},{"data":"Wallop","floor":15.0,"key":"SMITH"},{"floor":27.0,"key":"REST"},{"floor":29.0,"key":"REST"},{"data":"DevaForm","floor":32.0,"key":"SMITH"}],"circlet_count":0,"master_deck":["Defend_P","Defend_P","Defend_P","Defend_P","Eruption+1","Vigilance","Poisoned Strike+1","Evaluate","Replay:Hum","Conclude","Apotheosis+1","WheelKick","Wallop+1","Tantrum","Nirvana","Worship","Brilliance","ThirdEye+1","BattleHymn","Indignation","WaveOfTheHand","Replay:AtTheReady","Weave","DevaForm+1"],"relics":["PureWater","Oddly Smooth Stone","Nunchaku","Iron Hammer","Empty Cage","Blue Candle","Orichalcum"],"acts_visited":["Exordium","TheCity"],"potions_floor_usage":[33,33],"damage_taken":[{"damage":2.0,"enemies":"Cultist","floor":1.0,"turns":3.0},{"damage":9.0,"enemies":"Jaw Worm","floor":2.0,"turns":5.0},{"damage":4.0,"enemies":"Small Slimes","floor":3.0,"turns":4.0},{"damage":0.0,"enemies":"Lagavulin","floor":6.0,"turns":4.0},{"damage":1.0,"enemies":"Looter","floor":8.0,"turns":3.0},{"damage":0.0,"enemies":"2 Fungi Beasts","floor":11.0,"turns":2.0},{"damage":3.0,"enemies":"Blue Slaver","floor":12.0,"turns":3.0},{"damage":7.0,"enemies":"Gremlin Nob","floor":14.0,"turns":3.0},{"damage":0.0,"enemies":"Fading Forest","floor":16.0,"turns":11.0},{"damage":0.0,"enemies":"Spheric Guardian","floor":18.0,"turns":1.0},{"damage":7.0,"enemies":"2 Thieves","floor":20.0,"turns":3.0},{"damage":0.0,"enemies":"Snecko","floor":21.0,"turns":3.0},{"damage":0.0,"enemies":"Centurion and Healer","floor":22.0,"turns":4.0},{"damage":26.0,"enemies":"Slavers","floor":23.0,"turns":5.0},{"damage":10.0,"enemies":"Cultist and Chosen","floor":25.0,"turns":4.0},{"damage":20.0,"enemies":"Chosen and Byrds","floor":28.0,"turns":8.0},{"damage":6.0,"enemies":"Snake Plant","floor":30.0,"turns":3.0},{"damage":3.0,"enemies":"Centurion and Healer","floor":31.0,"turns":5.0},{"damage":60,"enemies":"Automaton","floor":33,"turns":6}],"seed_played":"-622581798398295828","potions_obtained":[{"floor":1.0,"key":"Swift Potion"},{"floor":8.0,"key":"Strength Potion"},{"floor":11.0,"key":"SpeedPotion"},{"floor":12.0,"key":"ColorlessPotion"},{"floor":16.0,"key":"Block Potion"},{"floor":20.0,"key":"SteroidPotion"},{"floor":23.0,"key":"Swift Potion"},{"floor":28.0,"key":"Energy Potion"},{"floor":30.0,"key":"Strength Potion"}],"is_trial":false,"path_per_floor":["M","M","M","?","$","E","R","M","T","$","M","M","R","E","R","B",null,"M","$","M","M","M","E","?","M","T","R","M","R","M","M","R","B"],"character_chosen":"WATCHER","items_purchased":["BattleHymn"],"campfire_rested":2,"item_purchase_floors":[19],"current_hp_per_floor":[70,61,57,57,57,57,57,56,56,56,56,53,53,46,46,46,72,72,72,65,65,65,39,39,29,29,50,30,51,45,42,42,0,0],"gold":148,"neow_bonus":"RANDOM_COLORLESS_2","is_daily":false,"chose_seed":false,"campfire_upgraded":4,"win_rate":0.0,"timestamp":1611675295,"path_taken":["M","?","M","?","$","E","R","?","T","$","M","M","R","E","R","BOSS","M","$","M","M","M","E","?","M","T","R","M","R","M","M","R","BOSS"],"items_purchased_type":["Card"],"build_version":"2020-12-22","purchased_purges":3,"victory":false,"max_hp_per_floor":[72,72,72,72,72,72,72,72,72,72,72,72,72,72,72,72,72,72,72,72,72,72,72,72,72,72,72,72,72,72,72,72,72,72],"relic_stats":{"Nunchaku":[10],"counters":[19,80],"Blue Candle":[0],"Orichalcum":[24],"obtain_stats":[{"Nunchaku":9,"Blue Candle":23,"Oddly Smooth Stone":6,"Iron Hammer":14,"PureWater":0,"Orichalcum":26,"Empty Cage":17},{"Nunchaku":5,"Blue Candle":14,"Oddly Smooth Stone":4,"Iron Hammer":8,"PureWater":0,"Orichalcum":15,"Empty Cage":9},{"Nunchaku":19,"Blue Candle":54,"Oddly Smooth Stone":16,"Iron Hammer":27,"PureWater":0,"Orichalcum":58,"Empty Cage":38}]},"card_choices":[{"not_picked":["Thinking Ahead","Sadistic Nature"],"picked":"Poisoned Strike","floor":0.0},{"not_picked":["EmptyFist","FlyingSleeves"],"picked":"Evaluate","floor":1.0},{"not_picked":["ClearTheMind","ThirdEye"],"picked":"Replay:Hum","floor":2.0},{"not_picked":["CrushJoints","Replay:ManipulateFuture"],"picked":"Conclude","floor":3.0},{"not_picked":["Omniscience","FlyingSleeves"],"picked":"WheelKick","floor":6.0},{"not_picked":["Replay:Battleflow","WindmillStrike"],"picked":"Wallop","floor":8.0},{"not_picked":["Halt","PathToVictory"],"picked":"Tantrum","floor":11.0},{"not_picked":["BowlingBash","SashWhip"],"picked":"Nirvana","floor":12.0},{"not_picked":["Replay:Cycle","Meditate"],"picked":"Worship","floor":14.0},{"not_picked":["LessonLearned","Omniscience"],"picked":"Brilliance","floor":16.0},{"not_picked":["EmptyBody","WreathOfFlame"],"picked":"ThirdEye+1","floor":18.0},{"not_picked":["BowlingBash","Prostrate"],"picked":"Indignation","floor":20.0},{"not_picked":["ThirdEye","LikeWater"],"picked":"WaveOfTheHand","floor":21.0},{"not_picked":["SashWhip","EmptyBody"],"picked":"Replay:AtTheReady","floor":22.0},{"not_picked":["EmptyBody","Replay:ManipulateFuture"],"picked":"Weave","floor":23.0},{"not_picked":["Replay:Hum","Replay:AtTheReady+1","Indignation"],"picked":"SKIP","floor":25.0},{"not_picked":["Collect","CrushJoints","Replay:AtTheReady+1"],"picked":"SKIP","floor":28.0},{"not_picked":["Prostrate","Halt"],"picked":"DevaForm","floor":30.0},{"not_picked":["FlyingSleeves+1","CrushJoints","Collect"],"picked":"SKIP","floor":31.0}],"player_experience":225528,"relics_obtained":[{"floor":6.0,"key":"Oddly Smooth Stone"},{"floor":9.0,"key":"Nunchaku"},{"floor":14.0,"key":"Iron Hammer"},{"floor":23.0,"key":"Blue Candle"},{"floor":26.0,"key":"Orichalcum"}],"event_choices":[{"cards_removed":["Poisoned Strike"],"damage_healed":0.0,"max_hp_gain":0.0,"max_hp_loss":0.0,"gold_gain":0.0,"event_name":"betterNote:BetterNote","player_choice":"Take \u0026 Give","floor":4.0,"gold_loss":0.0,"damage_taken":0.0,"cards_obtained":["Apotheosis"]},{"damage_healed":0.0,"max_hp_gain":0.0,"max_hp_loss":0.0,"gold_gain":0.0,"event_name":"Ghosts","player_choice":"Ignored","floor":24.0,"gold_loss":0.0,"damage_taken":0.0}],"is_beta":false,"boss_relics":[{"not_picked":["Replay:Ancient Bell","Ectoplasm"],"picked":"Empty Cage"}],"items_purged_floors":[5,10,19],"is_endless":false,"potions_floor_spawned":[1,8,11,12,16,20,23,28,30],"killed_by":"Automaton","ascension_level":0}}