{"host":"2c1pg2m9wpz3w4c0","time":1611624419,"event":{"mods":["AchievementEnabler","Act Like it!","Aspiration","BaseMod","Better Note","BetterRewards","Curses Come First","Disable Question Mark Monsters","Halation","Hubris","Infinite Spire","Lotus Mark","Marisa????????","Minty Spire (QoL Compilation)","Replay The Spire","StSLib","SuperFastMode","The Clintock","The Jungle","The Marked","The Runesmith","Transform Curses"],"gold_per_floor":[117,192,43,43,60,60,60,89,89,102,102,117,117,128,128,232,232,251,261,261,7,18,46,46,58,58,58,58,58,58,77,77,182,182,193,193,193,244,244,244,262,262,262,262,29,48,48,58,58,58],"floor_reached":51,"language":"ENG","playtime":1193,"items_purged":[],"score":713,"play_id":"2529a94d-0539-476e-89ef-4f61ad2b94cc","local_time":"20210125182659","is_ascension_mode":false,"campfire_choices":[{"data":"Inflame","floor":6,"key":"SMITH"},{"data":"Ghostly Armor","floor":13,"key":"SMITH"},{"floor":15,"key":"REST"},{"floor":24,"key":"REST"},{"floor":27,"key":"REST"},{"data":"hubris:StunningStrike","floor":32,"key":"SMITH"},{"data":"hubris:InfiniteBlow+799","floor":40,"key":"SMITH"},{"data":"Fire Breathing","floor":42,"key":"SMITH"},{"data":"hubris:ReadiedAction","floor":44,"key":"SMITH"},{"data":"Inflame","floor":49,"key":"SMITH"}],"circlet_count":0,"master_deck":["Strike_R","Strike_R","Strike_R","Strike_R","Strike_R","Defend_R","Defend_R","Defend_R","Bash","hubris:ReadiedAction+1","Pommel Strike","Fire Breathing+1","Iron Wave","Inflame+1","Ghostly Armor+1","Decay","Anger","Infernal Blade+1","Limit Break+1","Flex+1","Replay:Many Hands+1","Cleave+1","Anger","hubris:StunningStrike+1","Thunderclap","Seeing Red+1","Dual Wield+1","Armaments+1","Bludgeon","Rage+1","hubris:InfiniteBlow+800","Shrug It Off+1","Impervious+1","Blind+1","Inflame+1","Armaments+1"],"relics":["Burning Blood","Question Card","Bronze Scales","infinitespire:Eraser","Toxic Egg 2","Gremlin Horn","ReplayTheSpireMod:Ninjato","hubris:CuriousFeather","Mark of Pain","Thread and Needle","infinitespire:Broken Mirror","Happy Flower","halation:PapillonHeart","King of Hearts"],"acts_visited":["Exordium","theJungle:Jungle","TheBeyond"],"potions_floor_usage":[8,16,19,22,22,23,25],"damage_taken":[{"damage":5,"enemies":"Small Slimes","floor":1,"turns":3},{"damage":0,"enemies":"Cultist","floor":5,"turns":2},{"damage":21,"enemies":"3 Sentries","floor":8,"turns":5},{"damage":0,"enemies":"2 Louse","floor":10,"turns":2},{"damage":5,"enemies":"Looter","floor":12,"turns":3},{"damage":11,"enemies":"Blue Slaver","floor":14,"turns":3},{"damage":31,"enemies":"The Guardian","floor":16,"turns":10},{"damage":7,"enemies":"theJungle:5_Spyders","floor":18,"turns":4},{"damage":21,"enemies":"theJungle:Flameango_and_Byrd","floor":19,"turns":5},{"damage":34,"enemies":"theJungle:Lyon","floor":22,"turns":4},{"damage":28,"enemies":"theJungle:2_Phrogs","floor":23,"turns":5},{"damage":0,"enemies":"theJungle:JungleHuntersEncounter","floor":25,"turns":3},{"damage":12,"enemies":"theJungle:SlimyTreeVines","floor":31,"turns":5},{"damage":67,"enemies":"theJungle:TotemBoss","floor":33,"turns":8},{"damage":21,"enemies":"3 Darklings","floor":35,"turns":4},{"damage":0,"enemies":"Orb Walker","floor":41,"turns":1},{"damage":0,"enemies":"Jaw Worm Horde","floor":46,"turns":4},{"damage":0,"enemies":"3 Darklings","floor":48,"turns":2},{"damage":0,"enemies":"Replay:Hell Engine","floor":50,"turns":1}],"seed_played":"-9124693207659905697","potions_obtained":[{"floor":1,"key":"infinitespire:BlackPotion"},{"floor":8,"key":"Reflective Coating"},{"floor":14,"key":"HeartOfIron"},{"floor":16,"key":"AttackPotion"},{"floor":18,"key":"Cursed Concoction"},{"floor":20,"key":"PowerPotion"},{"floor":20,"key":"DuplicationPotion"},{"floor":23,"key":"Regen Potion"},{"floor":25,"key":"Ancient Potion"},{"floor":41,"key":"SkillPotion"},{"floor":48,"key":"Fire Potion"}],"is_trial":false,"path_per_floor":["M","?","$","?","M","R","?","E","T","M","T","M","R","M","R","B",null,"M","M","?","$","M","E","R","M","T","R","?","?","?","M","R","B",null,"M","AVR","T","T","?","R","M","R","T","R","$","M","?","M","R","B",null],"character_chosen":"IRONCLAD","items_purchased":["Question Card","hubris:ReadiedAction","Pommel Strike","Fire Breathing","Iron Wave","Bronze Scales","Gremlin Horn","Impervious+1","Blind+1"],"campfire_rested":3,"item_purchase_floors":[0,0,0,0,0,3,21,45,45],"current_hp_per_floor":[63,52,52,52,58,58,58,53,53,59,59,60,60,55,79,54,80,79,64,64,64,36,14,38,53,53,77,77,80,80,79,79,18,80,65,65,65,65,65,65,71,71,71,71,71,76,76,76,76,76],"gold":58,"neow_bonus":"","is_daily":false,"chose_seed":false,"campfire_upgraded":7,"win_rate":0.0,"timestamp":1611624419,"path_taken":["M","?","$","?","M","R","?","E","T","?","?","M","R","M","R","BOSS","M","M","?","$","M","E","R","M","T","R","?","?","?","M","R","BOSS","M","AVR","?","?","?","R","M","R","T","R","$","M","?","?","R","BOSS"],"items_purchased_type":["Relic","Card","Card","Card","Card","Relic","Relic","Card","Card"],"build_version":"2020-12-22","purchased_purges":0,"victory":true,"max_hp_per_floor":[80,80,80,80,80,80,80,80,80,80,80,80,80,80,80,80,80,80,80,80,80,80,80,80,80,80,80,80,80,80,80,80,80,80,80,80,80,80,76,76,76,76,76,76,76,76,76,76,76,76],"card_choices":[{"not_picked":["ReplayTheSpireMod:Muscle Training","Metallicize","Headbutt"],"picked":"Inflame","floor":1},{"not_picked":["ReplayTheSpireMod:Limb From Limb","Seeing Red","Intimidate"],"picked":"Ghostly Armor","floor":5},{"not_picked":["Clothesline","Havoc","ReplayReversal"],"picked":"Anger","floor":8},{"not_picked":["Anger","Iron Wave","Entrench+1"],"picked":"Infernal Blade+1","floor":10},{"not_picked":["Seeing Red+1","Thunderclap","Feel No Pain"],"picked":"Limit Break+1","floor":12},{"not_picked":["Heavy Blade","Thunderclap","Cleave"],"picked":"Flex+1","floor":14},{"not_picked":["Brutality","Corruption","Offering+1"],"picked":"Replay:Many Hands+1","floor":16},{"not_picked":["hubris:SharpeningStone+1","hubris:ReadiedAction+1","Bloodletting+1"],"picked":"Cleave+1","floor":18},{"not_picked":["Headbutt","ReplayTheSpireMod:Strike From Hell","Warcry+1"],"picked":"Anger","floor":19},{"not_picked":["Flame Barrier+1","Sword Boomerang+1","Clothesline"],"picked":"hubris:StunningStrike","floor":22},{"not_picked":["Hemokinesis","Iron Wave","Evolve"],"picked":"Thunderclap","floor":23},{"not_picked":["Twin Strike","Thunderclap","Wild Strike"],"picked":"Seeing Red+1","floor":25},{"not_picked":["infinitespire:OneForAll","Thunderclap","Clothesline"],"picked":"Armaments+1","floor":31},{"not_picked":["Corruption","Replay:Many Hands+1","Demonic Infusion+1"],"picked":"Bludgeon","floor":33},{"not_picked":["Twin Strike","Cleave","Massacre"],"picked":"Rage+1","floor":35},{"not_picked":["Body Slam","Battle Trance+1","ReplayTheSpireMod:LeadingStrike+1"],"picked":"Shrug It Off+1","floor":41},{"not_picked":["Hemokinesis","Headbutt","Anger"],"picked":"Inflame","floor":46},{"not_picked":["Thunderclap+1","Sword Boomerang+1","hubris:CleavingFinish+1"],"picked":"Armaments+1","floor":48}],"player_experience":1201243,"relics_obtained":[{"floor":8,"key":"infinitespire:Eraser"},{"floor":9,"key":"Toxic Egg 2"},{"floor":23,"key":"ReplayTheSpireMod:Ninjato"},{"floor":26,"key":"hubris:CuriousFeather"},{"floor":37,"key":"infinitespire:Broken Mirror"},{"floor":38,"key":"Happy Flower"},{"floor":43,"key":"King of Hearts"}],"event_choices":[{"damage_healed":0,"gold_gain":75,"player_choice":"Gather Gold","damage_taken":11,"max_hp_gain":0,"max_hp_loss":0,"event_name":"World of Goop","floor":2,"gold_loss":0},{"damage_healed":0,"gold_gain":0,"player_choice":"Cursed","damage_taken":0,"max_hp_gain":0,"max_hp_loss":0,"event_name":"Wheel of Change","floor":7,"gold_loss":0,"cards_obtained":["Decay"]},{"damage_healed":0,"gold_gain":0,"player_choice":"Got Potions","damage_taken":0,"max_hp_gain":0,"max_hp_loss":0,"event_name":"Lab","floor":20,"gold_loss":0},{"damage_healed":0,"gold_gain":0,"player_choice":"Ignored","damage_taken":0,"max_hp_gain":0,"max_hp_loss":0,"event_name":"Fountain of Cleansing","floor":28,"gold_loss":0},{"damage_healed":0,"gold_gain":0,"cards_transformed":["Fire Breathing"],"player_choice":"Transformed","damage_taken":0,"max_hp_gain":0,"max_hp_loss":0,"event_name":"Transmorgrifier","floor":30,"gold_loss":0,"cards_obtained":["Dual Wield"]},{"cards_removed":["Defend_R"],"damage_healed":0,"gold_gain":0,"player_choice":"Removed Skill","damage_taken":0,"max_hp_gain":0,"max_hp_loss":0,"event_name":"Falling","floor":47,"gold_loss":0}],"is_beta":false,"boss_relics":[{"not_picked":["halation:PinkAlligatorPlush","halation:Yufonium","Replay:Drink Me"]},{"not_picked":["infinitespire:Cupcake","Sozu"],"picked":"Mark of Pain"}],"items_purged_floors":[],"is_endless":false,"potions_floor_spawned":[1,8,14,16,18,23,25,41,48],"ascension_level":0}}