{"host":"3e3mwsgb9gfqiuxm","time":1611643371,"event":{"mods":["Act Like it!","BaseMod","Colored Map","Colored Powertips","Gensokyo","Googly Eyes","Hermit","Marisa????????","Minty Spire (QoL Compilation)","Replay The Spire","StSLib","The Animator","The Bug Knight","The Cursed","The Servant 0.9.4"],"gold_per_floor":[110,122,135,147,159,159,193,205,205,238,238,258,258,322,322,427,427,441,484,496,507,524,558,558,578,578,578,588,588,503,537,537,639,639,649,649,248,261,161,161,0,60,60,78,78,132,132,142,142,142],"floor_reached":51,"language":"ENG","playtime":2945,"items_purged":["Strike_MRS","Strike_MRS"],"score":1009,"play_id":"dcd25821-3a9d-424b-8f4e-c78e98fe1332","local_time":"20210126014251","is_ascension_mode":false,"campfire_choices":[{"data":"DragonMeteor","floor":6.0,"key":"SMITH"},{"data":"BlazeAway","floor":13.0,"key":"SMITH"},{"data":"UpSweep","floor":15.0,"key":"SMITH"},{"data":"MasterSpark","floor":24.0,"key":"SMITH"},{"data":"Acceleration","floor":27.0,"key":"SMITH"},{"data":"DoubleSpark","floor":32.0,"key":"SMITH"},{"data":"TreasureHunter","floor":40.0,"key":"SMITH"},{"data":"DoubleSpark","floor":47,"key":"SMITH"},{"floor":49,"key":"DIG"}],"circlet_count":0,"master_deck":["Strike_MRS","Strike_MRS","Defend_MRS","Defend_MRS","Defend_MRS","MasterSpark+1","UpSweep+1","Acceleration+1","DoubleSpark+1","PowerUp+1","DoubleSpark+1","DragonMeteor+1","ManaRampage+1","BlazeAway+1","SprinkleStarSeal+1","BlazeAway+1","MilkyWay+1","BigCrunch+1","MagicAbsorber+1","EnergyRecoil+1","MagicChant+1","SuperPerseids+1","PropBag+1","ManaConvection+1","EnergyRecoil+1","SuperPerseids+1","UltimateShortwave+1","TreasureHunter+1","WitchOfGreed+1","WitchLeyline+1"],"relics":["MiniHakkero","NeowsBlessing","Anchor","Toxic Egg 2","Lizard Tail","Bird Faced Urn","Sozu","BreadOfAWashokuLover","HornCleat","Quantum Egg","Chameleon Ring","Boot","HollowMod:StagPassRelic","ExperimentalFamiliar","Ornamental Fan","Red Mask","Golden Egg","Mango","Divine Protection","Blood Vial","Thread and Needle","MagicBroom"],"acts_visited":["Exordium","TheCity","TheBeyond"],"potions_floor_usage":[50],"damage_taken":[{"damage":0.0,"enemies":"Cultist","floor":1.0,"turns":1.0},{"damage":0.0,"enemies":"2 Louse","floor":2.0,"turns":1.0},{"damage":0.0,"enemies":"Small Slimes","floor":3.0,"turns":1.0},{"damage":8.0,"enemies":"3 Louse","floor":4.0,"turns":4.0},{"damage":6.0,"enemies":"Red Slaver","floor":5.0,"turns":3.0},{"damage":1.0,"enemies":"Lagavulin","floor":7.0,"turns":7.0},{"damage":0.0,"enemies":"2 Fungi Beasts","floor":8.0,"turns":2.0},{"damage":19.0,"enemies":"3 Sentries","floor":10.0,"turns":7.0},{"damage":1.0,"enemies":"Large Slime","floor":12.0,"turns":2.0},{"damage":0.0,"enemies":"Gremlin Nob","floor":14.0,"turns":2.0},{"damage":39.0,"enemies":"Fading Forest","floor":16.0,"turns":11.0},{"damage":0.0,"enemies":"Spheric Guardian","floor":18.0,"turns":2.0},{"damage":0.0,"enemies":"Chosen","floor":20.0,"turns":4.0},{"damage":7.0,"enemies":"3 Cultists","floor":21.0,"turns":3.0},{"damage":0.0,"enemies":"Cultist and Chosen","floor":22.0,"turns":3.0},{"damage":17.0,"enemies":"Book of Stabbing","floor":23.0,"turns":3.0},{"damage":0.0,"enemies":"Chosen and Byrds","floor":25.0,"turns":4.0},{"damage":4.0,"enemies":"3 Cultists","floor":28.0,"turns":5.0},{"damage":0.0,"enemies":"Gremlin Leader","floor":31.0,"turns":4.0},{"damage":48.0,"enemies":"Pondfish","floor":33.0,"turns":6.0},{"damage":7.0,"enemies":"3 Darklings","floor":35.0,"turns":6.0},{"damage":17.0,"enemies":"3 Shapes","floor":38.0,"turns":2.0},{"damage":15,"enemies":"HollowMod:StalkingDevout","floor":42,"turns":5},{"damage":0,"enemies":"Jaw Worm Horde","floor":44,"turns":2},{"damage":0,"enemies":"Giant Head","floor":46,"turns":5},{"damage":0,"enemies":"Transient","floor":48,"turns":5},{"damage":11,"enemies":"Awakened One","floor":50,"turns":8}],"seed_played":"-8469172294262426103","potions_obtained":[{"floor":1.0,"key":"EntropicBrew"},{"floor":5.0,"key":"BlessingOfTheForge"},{"floor":10.0,"key":"FairyPotion"},{"floor":14.0,"key":"Energy Potion"},{"floor":16.0,"key":"PowerPotion"}],"is_trial":false,"path_per_floor":["M","M","M","M","M","R","E","M","T","E","?","M","R","?","R","B",null,"M","?","M","M","M","E","R","M","T","R","M","T","?","E","R","B",null,"M","?","$","M","$","R","?","E","T","M","?","E","R","M","R_BF","B",null],"character_chosen":"MARISA","items_purchased":["WitchOfGreed+1","WitchLeyline","Ornamental Fan"],"campfire_rested":0,"item_purchase_floors":[37,37,37],"current_hp_per_floor":[75,75,75,67,61,61,60,60,60,41,26,25,25,25,25,25,75,75,75,75,68,69,52,52,53,53,53,49,49,49,49,49,2,75,69,69,69,54,54,54,54,56,56,56,56,58,58,61,61,58],"gold":142,"neow_bonus":"THREE_ENEMY_KILL","is_daily":false,"chose_seed":false,"campfire_upgraded":8,"win_rate":0.0,"timestamp":1611643371,"path_taken":["M","?","M","M","M","R","E","M","T","E","?","M","R","?","R","BOSS","M","?","M","M","M","E","R","M","T","R","?","?","?","E","R","BOSS","M","?","$","M","$","R","?","E","T","M","?","E","R","M","R_BF","BOSS"],"items_purchased_type":["Card","Card","Relic"],"build_version":"2020-12-22","purchased_purges":2,"victory":true,"max_hp_per_floor":[75,75,75,75,75,75,75,75,75,75,75,75,75,75,75,75,75,75,75,75,75,75,75,75,75,75,75,75,75,75,75,75,75,75,75,75,75,75,75,75,75,89,89,89,85,85,85,85,85,85],"card_choices":[{"not_picked":["DarkSpark","GasGiant"],"picked":"Acceleration","floor":1.0},{"not_picked":["AsteroidBelt","GalacticHalo"],"picked":"DoubleSpark","floor":2.0},{"not_picked":["WitchLeyline","DarkSpark"],"picked":"PowerUp","floor":3.0},{"not_picked":["6A","Occultation"],"picked":"DoubleSpark","floor":4.0},{"not_picked":["ShootingEcho","ChargeUpSpray"],"picked":"DragonMeteor","floor":5.0},{"not_picked":["IllusionStar","ChargeUpSpray"],"picked":"ManaRampage","floor":7.0},{"not_picked":["SporeBomb","Acceleration"],"picked":"BlazeAway","floor":8.0},{"not_picked":["DC","ShootingEcho"],"picked":"SprinkleStarSeal+1","floor":10.0},{"not_picked":["GravityBeat","OortCloud"],"picked":"BlazeAway+1","floor":12.0},{"not_picked":["FairyDestructionRay","ChargeUpSpray"],"picked":"MilkyWay+1","floor":14.0},{"not_picked":["CollectingQuirk","SuperNova"],"picked":"BigCrunch+1","floor":16.0},{"not_picked":["MysteriousBeam","GravityBeat"],"picked":"MagicAbsorber+1","floor":18.0},{"not_picked":["UnstableBomb","EventHorizon"],"picked":"EnergyRecoil+1","floor":19.0},{"not_picked":["SprinkleStarSeal+1","MeteoricShower"],"picked":"MagicChant+1","floor":19.0},{"not_picked":["ManaRampage+1","UnstableBomb"],"picked":"SuperPerseids+1","floor":20.0},{"not_picked":["RefractionSpark+1","Acceleration+1"],"picked":"PropBag+1","floor":21.0},{"not_picked":["AsteroidBelt+1","DragonMeteor"],"picked":"ManaConvection+1","floor":22.0},{"not_picked":["AsteroidBelt+1","SporeBomb+1","OrrerysSun+1"],"picked":"SKIP","floor":23.0},{"not_picked":["6A","ShootingEcho+1"],"picked":"EnergyRecoil+1","floor":25.0},{"not_picked":["Acceleration+1","DoubleSpark"],"picked":"SuperPerseids+1","floor":28.0},{"not_picked":["RefractionSpark","GalacticHalo+1"],"picked":"UltimateShortwave+1","floor":31.0},{"not_picked":["MillisecondPulsars","StarDustReverie+1"],"picked":"TreasureHunter","floor":33.0},{"not_picked":["AsteroidBelt+1","DarkMatter+1","EventHorizon+1"],"picked":"SKIP","floor":35.0},{"not_picked":["WitchLeyline","UnstableBomb","DoubleSpark+1"],"picked":"SKIP","floor":38.0},{"not_picked":["AlicesGift","IllusionStar+1","GrandCross+1"],"picked":"SKIP","floor":42},{"not_picked":["SporeBomb+1","AsteroidBelt+1","EventHorizon"],"picked":"SKIP","floor":44},{"not_picked":["Occultation+1","EnergyRecoil+1","GravityBeat"],"picked":"SKIP","floor":46},{"not_picked":["ManaConvection+1","MysteriousBeam+1","OpenUniverse+1"],"picked":"SKIP","floor":48}],"player_experience":1311673,"relics_obtained":[{"floor":7.0,"key":"Anchor"},{"floor":9.0,"key":"Toxic Egg 2"},{"floor":10.0,"key":"Lizard Tail"},{"floor":19.0,"key":"BreadOfAWashokuLover"},{"floor":23.0,"key":"HornCleat"},{"floor":26.0,"key":"Quantum Egg"},{"floor":29.0,"key":"Chameleon Ring"},{"floor":31.0,"key":"HollowMod:StagPassRelic"},{"floor":42,"key":"Golden Egg"},{"floor":42,"key":"Mango"},{"floor":43,"key":"Divine Protection"},{"floor":46,"key":"Blood Vial"},{"floor":46,"key":"Thread and Needle"},{"floor":49,"key":"MagicBroom"}],"event_choices":[{"damage_healed":0.0,"max_hp_gain":0.0,"max_hp_loss":0.0,"gold_gain":0.0,"event_name":"Shining Light","player_choice":"Entered Light","floor":11.0,"gold_loss":0.0,"damage_taken":15.0,"cards_upgraded":["ManaRampage","PowerUp"]},{"damage_healed":0.0,"max_hp_gain":0.0,"max_hp_loss":0.0,"gold_gain":0.0,"event_name":"Dead Adventurer","player_choice":"Searched \u00272\u0027 times","floor":14.0,"gold_loss":0.0,"damage_taken":0.0,"relics_obtained":["Bird Faced Urn"]},{"damage_healed":0.0,"max_hp_gain":0.0,"max_hp_loss":0.0,"gold_gain":0.0,"event_name":"Addict","player_choice":"Obtained Relic","floor":30.0,"gold_loss":85.0,"damage_taken":0.0,"relics_obtained":["Boot"]},{"cards_removed":["Defend_MRS"],"damage_healed":0.0,"max_hp_gain":0.0,"max_hp_loss":0.0,"gold_gain":0.0,"event_name":"Falling","player_choice":"Removed Skill","floor":36.0,"gold_loss":0.0,"damage_taken":0.0},{"damage_healed":0.0,"max_hp_gain":0.0,"max_hp_loss":0.0,"gold_gain":0.0,"event_name":"Tomb of Lord Red Mask","player_choice":"Paid","floor":41.0,"gold_loss":161.0,"damage_taken":0.0,"relics_obtained":["Red Mask"]},{"damage_healed":0,"gold_gain":0,"player_choice":"Max HP","damage_taken":0,"max_hp_gain":0,"max_hp_loss":4,"event_name":"Winding Halls","floor":45,"gold_loss":0}],"is_beta":false,"boss_relics":[{"not_picked":["Honey Jar","Astrolabe"],"picked":"Sozu"},{"not_picked":["Painkiller Herb","SlaversCollar"],"picked":"ExperimentalFamiliar"}],"items_purged_floors":[37,39],"is_endless":false,"potions_floor_spawned":[1,5,10,14,16,18,21,25,33,35,38,44,48],"ascension_level":0}}